2500 3850
909 208 984 253 M.
1017 204 1307 254 Poacms
1350 205 1551 253 CATO.
2152 192 2271 252 321

261 376 444 428 graves
476 362 768 411 inimicitias
795 363 954 427 gessit
991 370 1200 426 propter

261 430 628 496 Hispanorum,
674 431 812 495 apud
851 444 978 493 quos
1023 429 1199 481 consul

263 502 450 560 fuerat,
475 501 712 562 iniuriaS,
744 499 902 549 divin.
924 501 976 548 in
996 500 1054 558 Q.
1078 498 1199 548 Cae-

263 568 344 619 cil.
367 567 464 632 20,
492 567 576 621 66.
604 594 666 604 -
695 569 816 617 Eius
849 567 1060 619 consilio
1085 567 1200 617 illa-

254 647 364 694 tum
393 636 585 686 bellum
617 638 819 687 tertIum
841 638 1114 700 Punicum,
1148 638 1199 686 in

263 720 360 767 quo
391 706 544 755 etiam
573 706 759 757 mortui
787 705 946 756 valuit
979 708 1198 757 auctori-

263 784 368 833 tae,
409 775 472 823 de
509 774 597 835 ssff·
640 776 696 835 1,,
735 774 828 837 23,
857 774 944 831 ΞΩ.
967 802 1037 813 —
1067 775 1202 834 Quid

261 842 422 908 egerit
449 858 607 893 senex
637 850 686 893 et
716 858 814 905 quo
837 844 987 895 modo
1006 859 1064 893 se
1084 859 1200 909 ges—

262 912 385 961 serit
400 912 455 959 in
481 926 538 962 re
557 911 788 975 publica,
813 913 874 962 de
894 927 1003 962 sen.
1027 912 1089 973 6,
1117 913 1196 963 18.

267 1006 323 1015 --
357 980 434 1029 De
469 979 600 1030 bello
639 981 830 1031 Punico
867 996 1022 1044 quum
1059 981 1202 1031 aliud

264 1050 332 1102 M.
358 1047 561 1109 Catoni,
584 1050 724 1100 aliud
740 1050 798 1103 L.
825 1050 1036 1101 Lentulo
1059 1051 1202 1099 vide-

260 1124 425 1180 retur,
455 1117 596 1166 nulla
628 1119 760 1169 inter
779 1134 866 1169 eos
893 1120 1200 1169 concertatio

263 1200 485 1248 unquam
512 1186 636 1248 fuit,
659 1187 864 1243 Tuscul.
891 1186 924 1239 3
941 1226 955 1248 ,
987 1188 1083 1248 21,
1115 1187 1200 1238 51.

261 1280 333 1291 —
367 1254 583 1305 Graecas
623 1256 817 1307 litteras
857 1260 909 1306 in
947 1262 1205 1306 senectute

265 1324 462 1383 didicit,
481 1324 642 1374 Acad.
665 1341 744 1390 pr.
765 1328 815 1388 2,
842 1327 893 1389 2,
917 1326 968 1375 5.
1009 1326 1071 1375 de
1091 1339 1202 1375 sen.

263 1390 324 1450 8,
349 1392 434 1442 26.
460 1421 528 1430 —
557 1395 612 1442 In
639 1394 755 1458 ipsa
778 1400 1034 1443 senectute
1057 1408 1206 1458 prae-

263 1468 342 1509 ter
369 1469 594 1510 caeteros
625 1462 822 1525 floruit,
862 1464 926 1511 de
949 1477 1047 1511 am.
1073 1462 1100 1511 1
1118 1498 1133 1522 ,
1153 1464 1204 1512 4.

263 1555 335 1565 —
373 1528 493 1578 Cato
541 1531 730 1589 maior,
775 1532 896 1592 quia
934 1530 1205 1580 multarum

263 1612 436 1646 rerum
471 1613 620 1647 usum
657 1597 900 1661 habebat,
939 1608 1210 1665 propterea

265 1667 416 1728 quasi
454 1682 735 1732 cognomen
771 1668 872 1717 iam
899 1668 1121 1717 habebat
1156 1668 1208 1716 in

264 1742 524 1785 senectute
556 1734 843 1801 Sapientis,
871 1738 946 1791 Ib.
971 1738 1031 1798 2,
1065 1736 1116 1787 6.
1141 1762 1207 1771 ——

175 1833 180 1837 ·
270 1803 690 1855 Constantissime
720 1812 934 1855 mortem
960 1804 1054 1855 filii
1074 1804 1205 1868 tulit,

265 1874 341 1923 Ib.
387 1874 449 1933 2,
487 1873 538 1925 6.
577 1900 642 1911 --
675 1874 742 1922 M.
783 1874 904 1926 Cato
943 1874 1204 1926 censorius

269 1955 469 1992 summo
509 1944 744 2008 ingenio,
788 1959 986 1994 summa
1019 1945 1207 2002 virtute

265 2011 426 2060 filium
448 2013 696 2076 perdidit,
731 2014 795 2063 ad
820 2013 941 2063 fam.
967 2015 1028 2078 4,
1056 2012 1118 2072 6,
1157 2012 1203 2061 1.

267 2107 334 2116 -
359 2080 544 2129 Amisit
573 2080 731 2130 filium
757 2090 1041 2148 praetorem
1070 2081 1206 2132 desi-

263 2157 501 2214 gnatum,
539 2149 757 2203 Tuscul.-
782 2150 846 2215 3,
884 2151 982 2211 28,
1020 2151 1104 2202 70.
1141 2177 1204 2186 --

187 2245 198 2250 ·
267 2218 388 2267 Cato
433 2217 704 2269 Censorius
745 2231 918 2270 annos*
942 2213 1202 2268 LXXXV.

265 2293 415 2334 natus
447 2288 666 2336 excessit
693 2303 721 2336 e
754 2284 881 2351 vita,
919 2304 1074 2351 quum
1093 2288 1206 2350 qui—

266 2355 384 2404 dem
411 2367 468 2403 eo
498 2355 610 2418 ipso
643 2369 774 2405 anno
795 2373 848 2410 u.
872 2373 915 2406 c.
941 2356 1062 2409 605.
1086 2372 1204 2406 con-

265 2431 345 2472 tra
363 2421 472 2475 Ser.
485 2420 695 2472 Galbam
717 2425 782 2474 ad
800 2423 1049 2491 populum
1067 2440 1205 2491 sum-

263 2505 351 2542 ma
389 2494 710 2542 contentione
756 2493 1001 2554 dixisset,
1056 2507 1205 2556 quam

267 2562 418 2609 etiam
440 2561 720 2611 orationem
745 2563 986 2628 scriptam
1006 2562 1208 2625 reliquit

267 2637 318 2679 et
336 2629 390 2678 in
418 2629 652 2694 Origines
672 2645 792 2682 suas
817 2631 1034 2696 rettulit,
1064 2630 1201 2681 Brut.

267 2697 356 2758 20,
383 2696 466 2748 80.
505 2699 568 2751 cl.
591 2700 660 2751 ib.
685 2698 773 2764 23,
799 2698 884 2751 90.
911 2727 976 2736 —
993 2701 1079 2749 Μ’.
1111 2698 1206 2750 Cu-

263 2767 332 2816 rii
355 2766 524 2818 focum
539 2803 553 2830 ,
577 2782 730 2829 quum
749 2776 957 2818 venerat
977 2769 1044 2818 ad
1070 2784 1125 2818 se
1154 2770 1206 2817 in

269 2835 506 2893 Sabinos,
527 2837 690 2886 visere
712 2836 924 2898 solebat,
949 2838 1013 2888 de
1023 2853 1130 2902 r.p.
1151 2835 1202 2901 3,

270 2903 356 2966 28,
380 2903 466 2954 40.
498 2930 568 2940 -
586 2904 780 2955 Scitum
811 2913 888 2956 est
911 2906 1041 2956 illud
1061 2905 1206 2956 Cato-

263 2973 376 3027 nis,
407 2980 464 3022 ut
495 2973 679 3031 multa3
711 2975 892 3025 melius
913 2975 974 3024 de
997 2977 1205 3038 quibus-

267 3043 386 3091 dam
443 3044 653 3092 acerbos
720 3045 954 3095 inimicos
1025 3045 1206 3094 mereri

265 3123 420 3172 quam
447 3125 534 3161 eos
555 3113 775 3173 amicoS,
813 3115 900 3175 qui
938 3113 1112 3163 dulces
1132 3113 1207 3162 vi-

267 3178 512 3229 deantur:
555 3179 674 3230 illos
717 3196 892 3237 verum
935 3197 1088 3247 saepe
1129 3182 1207 3231 di-

268 3263 410 3311 cere,
447 3247 543 3297 hos
573 3264 857 3312 nunquam,
897 3251 960 3300 de
987 3265 1089 3300 am.
1118 3251 1205 3314 24,

266 3313 354 3366 90.
390 3316 466 3364 Ib.
491 3317 586 3381 27,
628 3319 743 3370 101.
787 3345 846 3356 -
885 3321 1042 3370 Vetus
1079 3318 1208 3375 illud

269 3385 479 3434 Catonis
499 3386 771 3437 admodum
791 3389 971 3436 scitum
993 3395 1096 3453 est,
1119 3388 1206 3450 qui

269 3454 443 3502 mirari
470 3468 526 3503 se
551 3455 744 3520 aiebat,
779 3455 914 3518 quod
949 3471 1047 3506 non
1070 3457 1206 3507 ride-

337 3535 551 3572 cmnno.
1081 3533 1088 3538 “

1339 370 1415 411 ret
1438 360 1699 425 haruspex
1718 397 1731 421 ,
1769 360 2093 425 haruspicem
2120 374 2277 422 quum

1338 430 1579 493 vidisset,
1614 429 1677 479 de
1704 430 1857 479 divin.
1889 433 1949 490 2,
1978 430 2071 493 24,
2095 428 2179 480 51.
2206 452 2277 467 —-

1339 499 1551 548 Dicebat
1584 498 1887 547 dissuendas
1920 499 2087 563 magis
2124 512 2279 559 quam

1342 567 1701 617 discindendas
1746 582 1856 617 esse
1896 568 2175 627 amicitias,
2214 567 2278 617 de

1342 652 1441 686 am.
1477 637 1541 688 21
1561 671 1578 696 ,
1604 636 1691 687 76.
1726 662 1791 671 -—
1822 634 2025 685 Catonis
2054 634 2280 685 Censorii

1341 704 1504 755 faceta
1522 705 1657 755 dieta
1682 705 1745 755 de
1768 720 1857 769 eo,
1891 705 2029 767 quod
2058 708 2279 753 maxime

1340 777 1393 824 in
1412 790 1465 823 re
1485 774 1723 824 familiari
1745 774 2030 839 expediret,
2054 780 2102 822 et
2122 773 2187 823 de
2205 772 2281 822 fe-

1341 844 1594 904 nerando,
1636 845 1697 894 de
1736 842 1823 895 off.
1864 844 1927 903 2,
1966 842 2061 903 25,
2100 840 2187 891 89.
2221 868 2276 879 -

1342 913 1473 972 Quid
1505 912 1771 963 tradiderit
1812 912 1875 961 de
1904 910 2147 961 Africano
2176 925 2281 960 ma-

1339 984 1465 1043 iore,
1484 981 1559 1033 Ib.
1582 981 1631 1038 3,
1654 983 1701 1042 1,
1726 981 1774 1031 1.
1812 981 1875 1029 de
1894 996 1933 1029 r.
1954 994 2007 1045 p.
2031 980 2078 1043 l,
2095 980 2177 1039 17,
2192 981 2277 1029 27.

1341 1078 1408 1087 -
1440 1049 1647 1100 Catonis
1688 1056 1763 1099 est
1802 1049 1991 1099 dictum
2030 1050 2280 1113 ‘pedibus

1344 1120 1662 1183 compensari
1680 1120 2089 1183 pecuniam’,pro
2102 1117 2278 1167 Flacco

1345 1188 1441 1248 29,
1474 1189 1557 1239 71.
1579 1215 1648 1226 —-
1675 1187 1743 1240 M.
1778 1186 1900 1237 Cato
1930 1186 2145 1251 Sapiens
2178 1186 2283 1236 cel-

1345 1257 1444 1307 lam
1465 1258 1729 1322 penariam
1746 1259 1820 1306 rei
1842 1256 1983 1321 publ.
2006 1256 2279 1312 Romanae,

1344 1328 1591 1375 nutricem
1629 1326 1797 1390 plebis
1846 1326 2101 1374 Romanae
2152 1324 2281 1374 Sici-

1346 1394 1464 1443 liam
1485 1395 1800 1450 nominabat,
1820 1392 1963 1441 Verr.
1988 1400 2207 1441 accusat.
2231 1394 2280 1452 2,

1346 1464 1404 1523 2,
1435 1462 1485 1512 5.
1513 1490 1578 1497 -
1603 1461 1730 1510 Eius
1765 1460 1925 1510 facete
1962 1461 2180 1520 dictum,
2220 1461 2283 1510 de
2331 1515 2337 1517 ,

1351 1538 1475 1581 orat.
1498 1532 1549 1590 2,
1568 1529 1655 1591 69,
1678 1528 1795 1579 279.
1818 1556 1887 1565 -
1908 1528 2155 1579 Constans
2174 1532 2284 1594 opi·

1349 1600 1433 1648 nio
1454 1600 1517 1649 de
1537 1599 1647 1648 eius
1667 1600 1876 1662 virtute,
1906 1599 2056 1663 topic.
2077 1599 2167 1663 20,
2194 1598 2277 1649 78.

1346 1695 1416 1705 -
1454 1668 1715 1717 Neminem
1753 1665 1939 1717 Catone
1976 1667 2283 1716 commodio-

1347 1752 1454 1786 rem
1472 1774 1487 1797 ,
1551 1737 1850 1801 comiorem,
1898 1736 2283 1787 moderatiorem

1348 1806 1509 1855 fuisse
1533 1806 1599 1855 ad
1618 1821 1819 1857 omnem
1837 1807 2088 1855 rationem
2106 1805 2283 1855 huma-

1347 1875 1520 1926 nitatis
1536 1912 1551 1937 ,
1580 1877 1675 1940 'pro
1696 1875 1822 1925 Mur.
1844 1874 1907 1927 31
1927 1910 1941 1936 ,
1974 1873 2059 1927 66.
2079 1902 2146 1910 -
2168 1874 2283 1923 Elo-

1348 1947 1711 2008 quentissimus
1794 1953 1841 1994 et
1920 1945 2047 1993 iuris
2118 1943 2283 1994 civilis

1348 2016 1573 2064 omnium
1624 2015 1990 2080 peritissimuS,
2050 2012 2112 2061 de
2156 2019 2279 2062 orat.

1349 2082 1412 2141 1,
1460 2083 1555 2146 37,
1602 2083 1719 2136 171.
1761 2111 1827 2119 —
1866 2081 1929 2133 Μ.
1974 2081 2095 2132 Cato
2137 2090 2185 2131 et
2224 2079 2279 2132 G.

1345 2151 1551 2202 Laelius
1574 2153 1829 2216 sapientes
1850 2151 2079 2214 fuerunt,
2108 2153 2173 2202 de
2194 2147 2282 2200 off.

1346 2219 1411 2281 3,
1454 2223 1514 2281 4,
1558 2220 1639 2272 16.
1681 2247 1751 2258 —-
1795 2219 2089 2270 Studiosum
2137 2219 2285 2269 Cato-

1342 2304 1458 2338 nem
1510 2290 1672 2339 fuisse
1724 2290 1961 2339 traditum
2016 2295 2093 2337 est
2112 2325 2129 2353 ,
2183 2289 2285 2338 Tu-

1346 2357 1473 2408 scul.
1521 2359 1574 2418 1,
1610 2357 1671 2418 3,
1715 2360 1765 2408 5.
1807 2385 1872 2394 -
1912 2357 1979 2406 Μ.
2023 2355 2145 2406 Cato
2180 2357 2282 2406 for·

1344 2427 1571 2476 tissimus
1617 2427 1697 2474 vir
1738 2433 1788 2475 et
1827 2426 1931 2475 illis
1975 2426 2284 2489 temporibus

1348 2495 1699 2558 doctissimae,
1748 2508 1841 2558 pro
1884 2492 2040 2542 Arch.
2088 2495 2150 2557 7,
2199 2492 2282 2544 16.

1346 2591 1417 2602 -—-
1464 2563 1719 2626 Eloquens
1767 2568 1826 2620 ¹et
1878 2562 2016 2612 civili
2075 2563 2286 2611 scientia

1347 2631 1635 2697 praedium,
1676 2630 1739 2680 de
1768 2635 1893 2680 orat.
1933 2631 1991 2692 1,
2028 2631 2121 2694 49,
2162 2631 2282 2684 215.

1348 2727 1416 2736 -—
1473 2698 1607 2748 Nihil
1671 2701 1719 2749 ei
1769 2706 1971 2765 praeter
2037 2700 2285 2765 politissi-

1348 2783 1484 2819 mam
1505 2769 1780 2818 doctrinam
1800 2770 2191 2819 transmarinam
2212 2778 2284 2818 at-

1348 2853 1447 2901 que
1465 2839 1804 2888 adventiciam
1836 2837 2023 2903 defuit,
2050 2839 2282 2902 aliaeque

1350 2908 1459 2958 eius
1478 2907 1653 2957 laudes
1679 2906 1980 2972 magnificae
2008 2923 2071 2956 ex
2104 2923 2192 2958 ore
2221 2906 2279 2956 L.

1348 2974 1549 3036 Crassi,
1585 2976 1649 3026 de
1677 2984 1802 3028 orat.
1836 2975 1897 3040 3,
1936 2974 2030 3035 33,
2071 2975 2185 3026 135.
2215 3001 2281 3011 -

1349 3043 1471 3095 Cato
1494 3045 1765 3096 Censorius
1791 3045 1841 3094 in
1874 3043 2069 3094 caelum
2094 3044 2284 3093 tollitur

1347 3115 1411 3164 ab
1442 3115 1635 3174 Ennio,
1676 3129 1771 3179 pro
1802 3113 1959 3164 Arch.
1993 3111 2055 3172 9,
2092 3112 2177 3162 22.
2213 3137 2283 3150 --

1345 3182 1711 3248 Amplissimas
1746 3184 1805 3232 -ei
1871 3181 2049 3232 laudes
2106 3182 2283 3231 tribuit

1344 3251 1615 3302 Africanus
1633 3251 1826 3310 minor,
1854 3251 1917 3300 de
1943 3266 1987 3299 r.
2009 3265 2062 3315 p.
2084 3252 2133 3311 2,
2159 3252 2207 3310 1,
2231 3249 2280 3299 1.

1347 3347 1413 3356 -
1434 3321 1481 3368 Is
1512 3319 1677 3369 dicere
1700 3320 1893 3369 solebat
1920 3320 1981 3369 ob
2014 3320 2143 3368 hanc
2166 3333 2276 3368 cau·

1346 3403 1457 3436 sam
1496 3395 1755 3452 praestare
1814 3395 2016 3438 nostrae
2062 3388 2282 3437 civitatis

1346 3462 1533 3508 statum
1564 3458 1777 3508 caeteris
1802 3457 2090 3576 cssilvitatibus
2105 3493 2121 3520 ,
2147 3455 2285 3519 quod
