2500 3850
269 163 392 225 372

337 346 454 379 nem
489 329 710 379 valuisse
749 327 991 385 dicendo,
1039 327 1182 375 Brut.
1223 328 1274 387 7,

333 400 422 451 27.
477 397 542 450 cl.
579 398 642 449 de
681 403 805 449 orat.
843 396 902 455 1,
953 394 1044 454 13,
1083 394 1170 447 58.
1208 417 1273 427 —·

335 466 512 517 Servio
538 465 706 516 Tullio
727 471 970 531 regnante
997 465 1177 530 viguit,
1200 465 1275 514 Ib.

337 536 422 599 10,
457 534 542 587 39.
580 560 640 573 -
661 536 718 584 In
742 535 922 599 primis
945 541 1202 583 versutum
1228 540 1277 580 et

335 605 580 656 callidum
612 604 802 653 factum
831 600 1052 665 Solonis,
1090 602 1153 651 de
1187 601 1274 653 off.

336 676 388 735 1,
420 670 504 731 30,
541 672 657 725 108.
689 698 760 709 —-
796 671 917 721 Eius
946 663 1277 735 σεισάχθεια

334 743 665 811 significatur,
704 742 768 791 de
804 756 846 793 r.
884 755 934 806 p.
973 742 1024 803 2,
1061 738 1147 801 34,
1187 737 1274 789 59.

338 839 401 861 -.-
450 811 610 862 Solon
665 811 909 861 orientem
957 809 1275 873 tyrannidem

335 881 494 931 multo
527 888 641 930 ante
678 879 967 944 prospexit,
1018 879 1082 928 de
1117 877 1276 929 divin.

337 949 395 1012 1,
427 948 524 1012 49,
560 947 678 1000 111.
719 974 787 985 --·
820 946 1052 1009 Solonis,
1088 946 1273 1012 Lycur·

335 1021 418 1085 gi,
479 1018 730 1067 Draconis
777 1016 977 1081 legibus
1020 1014 1277 1063 Romanas

331 1086 556 1151 praefert
591 1084 649 1134 L.
693 1083 924 1145 Crassus,
959 1084 1022 1133 de
1059 1090 1183 1133 orat.
1229 1085 1277 1143 l,

331 1156 426 1215 44,
471 1153 586 1204 197.
627 1179 698 1189 -
744 1151 950 1203 Solonis
990 1153 1178 1217 scripta
1214 1168 1279 1202 ex

333 1223 621 1274 Stoicorum
643 1223 895 1273 sententia
922 1236 1023 1271 non
1040 1230 1183 1271 erant
1204 1220 1279 1270 le·

333 1306 453 1359 ges,
500 1291 662 1344 Acad.
697 1306 778 1357 pr.
817 1293 882 1355 2,
918 1292 1012 1352 44,
1055 1290 1174 1343 136.
1209 1318 1279 1327 -κ

335 1361 542 1413 Solonis
569 1362 668 1421 lex,
702 1362 790 1425 qui
813 1362 981 1426 capite
1007 1361 1196 1421 sanxit,
1232 1362 1277 1409 si

333 1433 420 1495 qui
441 1431 491 1480 in
511 1431 760 1481 seditione
771 1442 880 1479 ‘non
895 1429 1102 1479 alterius
1116 1430 1276 1478 utrius

333 1500 492 1566 partis
530 1499 729 1562 fuisset,
770 1500 836 1549 ad
870 1499 974 1549 Att.
1016 1497 1098 1561 10,
1136 1499 1181 1557 1,
1219 1501 1271 1549 2.

259 1594 265 1603 ·
332 1598 399 1607 —-
425 1566 579 1617 Solon
609 1570 805 1631 primus
831 1568 1088 1618 constituit
1115 1568 1273 1617 Areo-

332 1636 1042 1755 pagi¹tas,dcomffpa{at1÷s20u7n51
1069 1635 1276 1752 Theng-

331 1713 512 1763 stoce,
588 1719 728 1757 eo.
801 1742 814 1763 ,
1046 1728 1167 1758 .—
1247 1722 1275 1755 e

331 1772 542 1823 Solonis
558 1770 666 1822 fere
689 1774 889 1839 legibus
902 1741 1143 1822 translata
1157 1783 1275 1822 sunt

332 1849 563 1902 caetera,
601 1858 732 1905 quae
767 1845 819 1892 in
858 1840 970 1891 XII.
1011 1842 1275 1892 minuendi

333 1918 451 1969 sunt
509 1921 739 1976 sumptus
800 1912 1277 1976 lamentationisque

331 1981 548 2042 funeris,
574 1981 639 2031 de
661 1981 762 2047 leg.
782 1984 834 2042 2,
860 1981 942 2034 23.
969 1970 1054 2034 59.
1090 1983 1164 2031 lb.
1186 1982 1274 2044 25,

329 2050 418 2103 64.
437 2073 506 2083 -
521 2051 703 2111 Quum,
723 2059 780 2100 nt
797 2052 973 2102 scribit
983 2050 1274 2112 PhalereuS‚

331 2125 631 2181 sumptuosa
659 2119 772 2169 fleri
801 2119 980 2170 funera
1009 2126 1059 2168 et
1086 2119 1277 2168 lamen-

331 2186 511 2235 tabilia
547 2189 870 2252 coepissent,
923 2187 1126 2236 Solonis
1163 2188 1276 2252 lege

329 2255 533 2306 sublata
544 2263 676 2317 sunt,
692 2257 762 2304 Ib.
777 2257 830 2314 2,
844 2255 929 2318 25,
942 2255 1027 2306 64.
1043 2283 1110 2292 —
1122 2255 1275 2306 Solon

331 2339 486 2388 quum
528 2325 920 2391 interrogaretur
962 2341 1052 2374 cur
1082 2325 1275 2375 nullum

293 2451 296 2456 ,
329 2392 643 2460 supplicium
681 2395 1023 2445 constituisset
1054 2395 1108 2444 in
1139 2409 1273 2459 eum,

331 2467 419 2526 qui
443 2471 707 2528 parentem
734 2471 982 2524 necasset,
1014 2462 1277 2529 respondit

329 2547 388 2581 se
419 2533 474 2582 id
503 2535 753 2583 neminem
778 2531 1029 2583 facturum
1047 2541 1273 2600 putasse,

331 2615 424 2664 pro
464 2601 582 2650 Sex.
623 2602 806 2651 Roscio
838 2605 922 2665 25,
962 2602 1048 2656 70.
1079 2627 1150 2638 —-
1177 2602 1273 2650 Re-

329 2682 577 2731 sponsum
609 2671 672 2718 ab
698 2686 757 2720 eo
785 2671 959 2719 datum
984 2670 1270 2732 Pisistrat0‚

329 2735 396 2784 de
426 2750 536 2784 sen.
569 2736 655 2799 20,
689 2739 772 2787 72.
806 2764 872 2773 -
898 2738 1020 2785 Eius
1047 2737 1271 2803 elogium

327 2810 423 2863 est,
455 2818 555 2865 qno
575 2819 629 2852 se
649 2811 802 2870 negat
825 2805 954 2854 velle
973 2820 1119 2856 suam
1138 2821 1272 2857 mor-

327 2880 430 2920 tem
463 2871 640 2922 dolore
665 2874 942 2923 amicorum
964 2882 1011 2922 et
1031 2875 1269 2925 lamentis

324 2955 536 2999 vacare,
581 2942 652 2991 lb.
691 2943 740 3004 §-
779 2942 862 2993 73.
900 2967 970 2980 —
1008 2943 1118 2994 Duo
1159 2946 1269 2994 eius

327 3027 506 3061 versus
580 3013 628 3061 in
703 3012 941 3061 Latinum
1015 3016 1265 3075 conversi,

323 3080 534 3132 Tuscul.
565 3081 611 3144 1,
634 3081 721 3145 49,
747 3081 864 3134 117.
885 3107 954 3119 -
984 3081 1139 3133 Solon
1155 3098 1271 3133 ver-

325 3151 471 3198 sibus
503 3149 749 3215 gloriatur
777 3167 832 3201 se
861 3152 1046 3201 cotidie
1075 3151 1273 3215 aliquid

329 3219 676 3269 addiscentem
705 3235 878 3270 senem
898 3221 1027 3284 fieri,
1064 3222 1128 3272 de
1155 3237 1263 3272 sen.

327 3286 378 3346 8,
412 3287 497 3338 26.
541 3289 614 3339 lb.
653 3290 729 3347 14,
758 3288 843 3338 50.
866 3316 937 3327 -
966 3289 1271 3340 Memoratur

326 3355 479 3402 etiam
509 3354 571 3403 de
596 3363 718 3404 orat.
749 3355 799 3415 3,
842 3357 924 3419 15,
963 3357 1046 3407 56.
1097 3358 1263 3410 defin.

327 3421 381 3477 2,
429 3421 516 3483 27,
559 3419 643 3470 87.
689 3422 890 3472 Tuscul.
933 3425 981 3485 1,
1023 3425 1108 3484 46,
1147 3425 1264 3476 110.

850 171 1076 219 SOLON
1079 171 1208 219 IUM
1241 192 1319 203 --
1360 170 1777 219 SOPHOCLES.

1418 327 1481 376 de
1520 326 1619 392 leg.
1667 328 1729 386 1,
1770 328 1863 387 22,
1902 328 1986 379 57.
2033 328 2101 377 de
2140 345 2183 377 r.
2224 344 2277 394 p.
2314 333 2364 391 2,

1423 395 1470 456 1,
1505 396 1555 445 2.

1350 462 1643 514 Solonium
1690 479 1901 529 campus
1940 466 2052 530 agri
2090 466 2361 528 Lanuvini,

1419 534 1491 584 ibi
1512 534 1570 591 Q.
1594 534 1807 583 Roscius
1826 534 2090 593 educatus,
2115 537 2182 585 de
2202 537 2359 585 divin.

1419 602 1444 651 1
1466 638 1479 660 ,
1519 600 1605 663 36,
1638 600 1723 652 79.
1756 628 1825 639 ·—-
1860 604 1935 653 Ibi
1972 602 2039 653 ad
2070 603 2246 653 focum
2279 620 2365 654 an-

1419 686 1545 734 gues
1568 672 1845 721 nundinari
1866 672 2049 731 solent,
2083 672 2163 733 Ib,
2199 675 2249 734 2,
2279 674 2362 737 31,

1416 739 1503 791 66.
1560 740 1626 789 ad
1660 739 1763 789 Att.
1800 742 1851 802 2,
1890 740 1941 801 3,
1978 740 2032 792 3.

1348 806 1635 863 Soluntini
1674 811 1858 859 rectius
1906 824 2057 873 qnam
2096 808 2364 869 Solentini,

1416 880 1561 997 Vgrr.
1592 888 1810 997 a3ccusat.
1843 881 1893 941 2,
1929 880 2015 939 42,
2050 877 2171 930 102.
2212 879 2287 928 lb.
2316 878 2365 939 3,

1417 948 1451 997 4
1488 984 1502 1008 ,
1543 946 1609 997 10
1648 983 1659 995 .

1350 1012 1609 1079 Somnia,
1644 1017 1851 1065 numina
1890 1016 2083 1077 divina,
2124 1016 2191 1065 de
2224 1031 2275 1066 n.
2314 1017 2364 1065 d.

1417 1084 1468 1146 3,
1510 1086 1595 1145 17,
1630 1086 1718 1134 44.

1350 1150 1591 1219 Sopater
1636 1154 1985 1219 Halicyensis,
2032 1170 2065 1203 a
2104 1152 2162 1204 C.
2202 1154 2365 1202 Verre

1419 1224 1813 1285 condemnatus,
1860 1224 2008 1273 Verr.
2050 1230 2275 1273 accusat.
2312 1224 2361 1286 2,

1350 1328 1619 1426 Sopa'ter,
1673 1374 1957 1425 proagorus
1993 1360 2363 1427 Tyndaritano-

1419 1446 1560 1492 rum,
1612 1430 1758 1479 testis
1811 1432 1866 1479 in
1912 1430 2155 1490 Verrem,
2212 1430 2358 1479 Verr.

1419 1506 1638 1548 accusat.
1682 1500 1733 1560 4,
1775 1497 1858 1556 39,
1896 1497 1982 1548 85.

1348 1564 1672 1633 Sophistae.
1734 1568 1801 1616 Iis
1830 1582 1887 1617 se
1916 1568 2158 1632 opposuit
2179 1566 2363 1616 Socra-

1416 1645 1511 1689 tes.
1546 1636 1684 1685 Brut.
1717 1635 1769 1701 8,
1804 1636 1888 1686 31.
1920 1662 1992 1672 -·
2028 1635 2301 1699 Sophistae
2334 1651 2365 1683 a

1418 1704 1624 1756 Socrate
1647 1705 1785 1770 apud
1807 1704 2066 1754 Platonem
2091 1705 2250 1763 illusi,
2286 1704 2358 1753 lb.

1415 1774 1503 1838 85,
1536 1772 1655 1825 292.
1686 1798 1753 1810 -—
1776 1772 2130 1838 sophistarum
2156 1774 2364 1823 dicendi

1416 1858 1596 1909 genus,
1630 1851 1755 1893 orat.
1782 1842 1858 1899 19,
1890 1843 1976 1894 65.
1999 1869 2065 1879 -
2088 1840 2364 1907 Sophistae

1417 1913 1469 1962 in
1506 1927 1695 1978 genere
1736 1903 2095 1979 ἔπιδεικτικῷ
2128 1911 2365 1963 elabora-

1418 1989 1552 2045 runt,
1591 1982 1664 2032 Ib.
1707 1982 1789 2041 11,
1828 1979 1912 2030 37.

1350 2048 1682 2117 Sophocles,
1719 2050 1885 2100 incola
1916 2050 2122 2100 Colonei
2146 2049 2269 2110 loci,
2302 2050 2366 2099 de

1418 2121 1504 2168 fin.
1536 2120 1588 2180 5,
1620 2120 1670 2181 1,
1698 2117 1746 2170 3.
1775 2148 1841 2156 —
1867 2119 2223 2168 Mollissimum
2251 2120 2365 2168 eius

1416 2203 1619 2237 carmen
1656 2189 1719 2238 de
1743 2187 2023 2252 Oedipode,
2063 2189 2141 2238 Ib.
2164 2213 2231 2223 —
2271 2185 2365 2238 So-

1414 2257 1623 2321 phocles
1654 2272 1685 2306 a
1713 2257 1832 2308 filiis
1856 2258 1910 2307 in
1935 2258 2185 2307 iudicium
2214 2271 2364 2306 voca-

1413 2335 1513 2388 tus,
1554 2332 1760 2392 propter
1795 2325 2045 2391 Oedipum
2085 2325 2363 2376 Coloneum

1416 2396 1467 2444 iu
1505 2395 1695 2446 iudicio
1731 2396 1999 2444 recitatum
2036 2410 2068 2443 a
2105 2395 2362 2444 iudicibus

1415 2464 1676 2524 liberatus,
1714 2463 1777 2514 de
1805 2479 1915 2514 sen.
1949 2465 1999 2526 7,
2036 2465 2122 2514 22.
2162 2489 2230 2500 ·-
2270 2461 2335 2511 So

1415 2531 1623 2597 phocles
1654 2533 1707 2581 in
1726 2534 1921 2582 somnio
1942 2533 2069 2583 vidit
2090 2531 2359 2581 Herculem

1414 2602 1668 2650 dicentem
1696 2603 1811 2664 quis
1839 2609 2067 2666 pateram
2090 2615 2239 2650 suam
2271 2615 2353 2648 au·

1414 2685 1553 2720 ream
1592 2672 1949 2736 surripuisset,
2000 2671 2066 2720 de
2101 2671 2263 2720 divin.
2310 2670 2355 2727 1,

1410 2740 1497 2802 25,
1532 2739 1615 2790 54.
1646 2769 1716 2779 -—
1750 2739 1793 2787 A
1831 2739 2026 2790 Pericle
2063 2738 2263 2802 collega
2305 2738 2354 2786 in

1410 2816 1649 2872 praetura
1660 2806 2066 2874 reprehenditur,
2086 2809 2226 2870 quod
2242 2805 2349 2872 pul-

1411 2891 1553 2925 crum
1599 2891 1814 2941 puerum
1863 2877 2229 2934 admiraretur,
2293 2875 2354 2924 de

1410 2945 1498 2993 off.
1538 2945 1587 3009 1,
1624 2945 1711 3012 40,
1750 2945 1866 2996 144.
1900 2972 1971 2982 —-
2005 2947 2130 2995 Eius
2160 2945 2353 2994 dictum

1411 3014 1475 3063 de
1496 3015 1647 3063 rebus
1665 3015 1916 3073 venereiS,
1940 3015 2003 3064 de
2023 3029 2129 3064 sen.
2158 3013 2242 3076 14,
2264 3014 2349 3061 47.

1410 3082 1661 3132 Pacuvius
1674 3082 2084 3133 lamentationem
2098 3081 2237 3133 Ulixi
2252 3096 2352 3129 me-

1412 3152 1511 3200 lius
1556 3154 1809 3216 expressit
1852 3167 2005 3216 quam
2053 3149 2351 3217 Sophocle5‚

1410 3220 1616 3272 Tuscul.
1640 3223 1690 3282 2,
1726 3222 1812 3282 21,
1848 3222 1934 3273 49.
1958 3247 2026 3257 -
2046 3221 2172 3271 Eius
2192 3222 2353 3271 versi-

1408 3289 1581 3349 culus,
1618 3290 1684 3338 ad
1718 3291 1821 3340 Att.
1860 3291 1911 3348 2,
1948 3291 1998 3350 7,
2036 3291 2089 3340 4.
2122 3315 2195 3327 —
2229 3288 2352 3350 Alii,-

1408 3359 1482 3407 Ib.
1506 3360 1559 3420 2,
1600 3357 1681 3418 17,
1715 3360 1766 3407 2.
1788 3383 1853 3396 --
1882 3357 2155 3423 Sophoclis
2178 3373 2354 3408 versus

1408 3439 1474 3474 ex
1493 3427 1647 3475 Aiace
1663 3425 1824 3478 Locro
1848 3441 1879 3477 a
1903 3426 2147 3479 Cicerone
2179 3428 2236 3477 in
2255 3427 2356 3478 La-
