2500 3850
315 199 440 262 396
937 207 1222 256 THYONE
1246 227 1327 241 --
1352 203 1775 252 TIMAeoRAs.

380 367 430 426 3,
477 365 560 426 18,
600 365 683 416 39.
726 393 792 402 -—
825 365 1096 428 Thyestes»,
1135 363 1315 414 ultima
1452 362 1525 409 Ib.
1552 362 1612 418 2,
1657 360 1706 419 7,
1746 360 1795 407 2.
1853 359 1915 408 de
1944 359 2071 423 imp.
2096 357 2191 408 Gn.
2215 359 2393 424 Pomp.
2465 411 2466 426 ἶ

379 436 531 484 Ennii
571 437 865 499 tragoedia,
922 434 1060 483 Brut.
1101 430 1185 494 20,
1226 431 1311 482 78.
1454 433 1507 490 2,
1527 433 1579 478 4.
2465 452 2466 496 7

381 511 504 553 orat.
531 505 614 564 55,
642 503 755 566 184.
784 503 918 554 00qu
939 503 1090 551 etiam
1105 502 1166 551 de
1189 515 1237 549 n.
1263 501 1312 550 d.
1388 496 1697 564 Tigranes,
1730 495 1867 546 filius
1897 497 2187 562 superioris
2203 533 2219 559 ,
2261 499 2403 546 obses
2465 509 2466 564 ᾖ

379 572 432 633 3,
452 573 536 635 27,
558 571 645 622 68.
670 572 872 622 Tuscul.
906 572 951 634 1,
973 573 1057 635 44,
1085 568 1202 620 107.
1241 569 1315 617 lb.
1456 567 1621 616 Roma
1632 564 1830 632 aufugit
1850 581 1896 614 a.
1918 583 1971 616 u.
1992 582 2041 619 c.
2064 565 2191 617 696.
2230 567 2403 632 Tigra-

380 643 432 702 4,
455 640 538 706 36,
556 642 639 692 77,
1456 651 1521 684 ue
1560 635 1789 700 neglecto
1806 671 1821 694 ‚
1855 635 2053 686 sublata
2072 644 2195 684 sunt
2217 638 2401 695 omnia,

313 708 556 776 Thyone
585 717 634 759 et
665 708 820 758 Nisus
852 716 1087 772 parentes
1106 706 1320 770 Dionysi
1458 705 1526 754 ad
1546 706 1647 752 Att.
1672 703 1723 766 3,
1745 704 1796 766 8,
1819 703 1867 754 3.

383 780 560 842 quinti,
600 780 662 827 (16
683 793 731 830 n.
763 779 813 827 d.
842 775 894 837 3,
914 776 999 835 23,
1020 775 1104 828 58.
1384 772 1449 824 L.
1474 771 1685 824 Tillius
1706 771 1949 837 Cimber,
1972 775 2036 823 (16
2064 774 2401 824 interfectori-

313 846 606 913 Thyreum
629 884 644 909 ,
702 848 1017 895 Acarnaniae
1068 845 1315 908 oppidum
1454 842 1810 902 busCaesaris,
1826 858 1982 904 quum
1995 852 2113 892 ante
2129 845 2399 893 acerrimus

380 931 540 980 prope
576 931 715 965 mare
740 925 787 964 et
815 916 994 965 urbem
1016 914 1317 972 Leucadem,
1455 913 1676 976 partium
1726 909 2148 960 Caesarianarum
2217 929 2401 978 propu-

357 986 446 1034 nid
469 986 586 1034 l'arn.
617 984 695 1047 16,
719 984 766 1047 5,
796 985 841 1036 1.
1458 989 1641 1046 gnator
1665 980 1861 1036 fuisset,
1881 980 2109 1046 Philipp.
2133 985 2188 1040 2,
2215 983 2303 1044 11,
2324 984 2399 1033 27.
2465 991 2466 1036 i

315 1050 615 1111 Tibareni,
649 1052 847 1100 finitimi
892 1050 1319 1100 Eleutherocilici-
1462 1050 1526 1100 ad
1546 1049 1667 1102 fam.
1690 1048 1772 1108 12,
1798 1049 1879 1108 13,
1904 1050 1955 1100 3.
2465 1074 2466 1121 ζ

383 1123 476 1169 bus
489 1122 600 1184 pari
615 1120 804 1169 scelere
819 1127 866 1168 et
881 1119 1182 1180 audacia,ad
1195 1119 1317 1168 fam.
1392 1116 1686 1181 Timaeus,
1723 1117 2055 1180 Echecrates,
2094 1120 2277 1182 Aetio,
2318 1121 2401 1181 Py·
2465 1131 2466 1184 3

383 1191 464 1252 15,
485 1193 536 1248 4,
557 1190 640 1242 10.
1458 1187 1692 1254 thagorei
1712 1186 1905 1250 LocriS,
1935 1188 1999 1236 de
2028 1187 2117 1238 fin.
2145 1189 2199 1249 5,
2225 1187 2311 1246 29,
2325 1188 2400 1236 87.
2465 1191 2466 1207 ’

313 1255 588 1308 Tiberina
617 1258 850 1307 decursio
867 1294 880 1315 ‚
920 1257 982 1306 de
1007 1255 1095 1305 fin.
1127 1257 1192 1318 5,
1230 1259 1318 1321 24,
1457 1287 1530 1296 -
1549 1256 1673 1307 Cum
1697 1271 1755 1303 eo
1779 1255 1989 1304 multum
2012 1255 2112 1304 fuit
2138 1257 2287 1307 Plato
2307 1295 2320 1316 ,
2347 1262 2401 1304 tle
2465 1265 2466 1320 ξ

385 1327 471 1378 70.
1460 1342 1501 1374 r.
1529 1339 1581 1389 p.
1607 1325 1657 1384 1,
1680 1323 1761 1383 10,
1785 1323 1867 1376 16.
2465 1321 2466 1378 ζ

315 1391 622 1447 Tiberinus
637 1435 650 1459 ,
681 1397 896 1459 flumen,
922 1397 984 1446 de
1008 1411 1059 1449 n,
1083 1396 1130 1445 d.
1151 1394 1210 1457 3,
1233 1393 1319 1454 20,
1391 1393 1695 1458 Timaeus,
1726 1392 2191 1443 Tauromenitauus
2211 1431 2225 1453 ,
2266 1393 2399 1442 Sicu-
2465 1387 2466 1444 ἶ

385 1465 470 1516 52.
1461 1464 1557 1526 lus,
1578 1469 1826 1526 regnante
1847 1461 2127 1526 Agathocle
2142 1462 2277 1510 vixit
2298 1478 2399 1511 eru·

316 1531 546 1584 Tiberis
577 1535 782 1584 fluviuS.
853 1533 980 1583 Eum
1017 1534 1200 1583 ducere
1237 1549 1319 1583 se·
1463 1532 1745 1581 ditissimus
1776 1539 1824 1579 et
1844 1531 2299 1594 eloquentissimus
2330 1531 2398 1578 hi-
2465 1551 2466 1556 ¹

384 1603 605 1652 cundum
625 1610 822 1652 montes
841 1603 1114 1652 Vaticanus
1129 1602 1323 1667 cogita-
1464 1602 1699 1650 storicuS.
1724 1627 1791 1634 -
1818 1600 2070 1648 Iudicium
2092 1601 2156 1648 de
2188 1602 2299 1648 eius
2331 1599 2398 1648 hi·
2465 1613 2466 1654 j

380 1672 466 1718 bat
487 1671 674 1720 Caesar
701 1686 748 1719 a.
771 1686 822 1720 u.
863 1687 905 1718 c.
946 1671 1098 1736 709„
1134 1673 1199 1720 ad
1218 1672 1319 1720 Att.
1464 1671 1647 1728 storia,
1686 1669 1748 1717 (16
1780 1677 1907 1719 orat.
1948 1671 2010 1728 2,
2055 1669 2146 1729 14,
2198 1669 2285 1718 58.
2346 1693 2399 1704 —
2465 1715 2466 1728 ,

385 1738 465 1798 13,
488 1738 572 1801 33,
593 1742 646 1792 4.
669 1767 734 1779 —-
749 1737 940 1789 ‘Habeo
961 1741 1112 1789 etiam
1134 1739 1320 1798 dicere,
1462 1736 1771 1787 Concinnum
1806 1739 1912 1786 eius
1956 1738 2146 1786 dictum
2189 1739 2252 1787 de
2284 1737 2397 1786 Ale·
2465 1733 2466 1744 ¹

381 1821 532 1869 quem
545 1807 826 1858 T.Roscius
842 1807 1017 1872 Capito
1032 1815 1322 1858 contramo-
1460 1807 1641 1855 xandri
1679 1814 1791 1856 ortu
1830 1815 1879 1854 et
1916 1804 2110 1855 Dianae
2150 1806 2395 1871 Ephesiae
2465 1825 2466 1832 ¹

381 1890 491 1925 rem
507 1877 757 1927 maiorum
776 1877 1024 1928 minorem
1045 1879 1188 1927 annis
1208 1876 1318 1929 LX.
1460 1875 1649 1941 templo
1666 1911 1678 1935 ,
1718 1875 1857 1937 quod
1883 1876 2062 1925 eadem
2083 1885 2231 1927 nocte
2248 1876 2397 1925 dessa-
2465 1893 2466 1927 5

386 1946 446 1995 (16
462 1954 614 2010 ponte
634 1949 686 1997 in
699 1947 921 1996 Tiberim
939 1946 1320 2013 deiecerit’,pro
1462 1947 1646 2009 gravit,
1686 1945 1749 1993 de
1767 1960 1817 1993 n.
1844 1946 1894 1993 d.
1918 1946 1969 2004 2,
1991 1946 2076 2005 22,
2099 1943 2186 1995 69.
2231 1972 2296 1983 -
2317 1946 2394 1993 Ti·
2465 1992 2466 2005 1

382 2014 501 2063 Sex.
517 2016 704 2066 Roscio
720 2016 804 2074 35,
827 2015 943 2065 100.
1462 2028 1639 2063 maeus
1671 2014 1853 2078 Pyrrhi
1889 2014 2073 2062 bellum
2116 2017 2386 2078 separatim
2465 2052 2466 2068 ,

316 2080 605 2147 Tiberius,
627 2086 694 2135 ad
722 2085 824 2133 Att.
847 2085 898 2144 5,
922 2084 1005 2145 21,
1029 2085 1080 2134 6.
1462 2084 1686 2147 scripsit,
1720 2084 1785 2132 ad
1808 2082 1929 2133 fam.
1950 2083 1998 2141 5,
2021 2082 2101 2143 12,
2124 2084 2176 2133 2.
2222 2110 2292 2119 —-
2314 2085 2389 2131 Ti-

317 2150 377 2200 C.
402 2150 604 2200 Tidius
626 2151 850 2203 Strabo.
878 2154 940 2204 V.
965 2150 1174 2202 Titius.
1459 2152 1764 2201 moleontem
1782 2152 2110 2217 praedicavit,
2135 2150 2215 2199 lb.
2238 2152 2289 2215 5,
2314 2154 2386 2213 12,
2465 2172 2466 2209 ;

315 2217 444 2284 (Μ.)
465 2217 768 2285 Tigellius,
792 2228 980 2283 cantor,
1021 2222 1086 2269 ad
1106 2222 1204 2269 Att.
1236 2220 1319 2280 13,
1460 2222 1515 2274 7.
1555 2246 1618 2257 —
1660 2221 1898 2269 Timaeus
1936 2220 2205 2269 Zaleucum
2252 2228 2389 2285 negat
2465 2234 2466 2283 ζ

381 2288 466 2347 49,
496 2290 544 2338 1.
599 2290 671 2341 Ib.
698 2287 778 2349 13,
803 2288 886 2352 50,
909 2287 959 2338 3.
1014 2290 1088 2341 Ib.
1115 2288 1200 2349 13,
1230 2289 1316 2351 51,
1458 2288 1620 2338 ullum
1661 2288 1850 2352 fuisse,
1890 2288 2136 2338 refutatus
2172 2304 2202 2337 a
2233 2289 2385 2338 Theo·
2465 2292 2466 2355 ἦ

383 2358 432 2405 2.
471 2358 537 2407 ad
552 2356 735 2419 fam.7,
759 2359 842 2416 24,
867 2359 912 2408 1.
999 2366 1004 2371 “
1412 2386 1419 2392 ·
1460 2358 1698 2422 phrasto,
1732 2360 1795 2407 de
1815 2358 1913 2423 leg.
1937 2359 1988 2418 2,
2014 2358 2066 2415 6,
2104 2356 2185 2411 15.
2234 2359 2294 2411 cl.
2332 2358 2387 2406 ad
2465 2384 2466 2389 =

314 2422 594 2493 Tigranes
611 2464 627 2491 ,
677 2442 768 2477 rex
811 2428 1108 2486 Armeniae,
1164 2441 1323 2491 gener
1461 2429 1567 2475 Att.
1591 2428 1643 2486 6,
1666 2427 1713 2490 1,
1738 2427 1821 2477 18.
1849 2455 1914 2463 ——
1934 2428 2174 2476 Timaeus
2194 2426 2385 2493 Lysiam
2465 2438 2466 2451 ³

381 2496 709 2547 Mithridatis.
752 2521 824 2533 -—-
859 2498 1107 2547 Adiunxit
1140 2511 1196 2545 se
1228 2496 1322 2543 Mi·
1461 2497 1606 2558 quasi
1624 2496 1828 2545 Licinia
1848 2504 1895 2545 et
1915 2496 2079 2545 Mucia
2114 2496 2227 2561 lege
2254 2512 2387 2561 repe-

380 2564 618 2630 thridati,
658 2581 750 2630 pro
770 2566 979 2617 Murena
1011 2564 1093 2624 15,
1126 2562 1211 2618 33.
1253 2589 1321 2601 *-
1461 2566 1523 2613 tit
1559 2563 1864 2630 Syracusae,
1898 2566 2037 2615 Brut.
2083 2565 2165 2625 16,
2204 2564 2287 2615 63.
2334 2592 2385 2599 -

382 2634 632 2698 Tigranes
644 2634 983 2684 Mithridatem
997 2636 1194 2696 excepit
1206 2649 1322 2698 per·
1459 2633 1693 2683 Timaeus
1713 2633 1989 2699 Syracusas
2010 2634 2081 2682 ait
2094 2632 2383 2683 Graecarum

385 2701 646 2764 ditumque
678 2704 951 2765 recreavit,
993 2704 1055 2750 de
1077 2703 1202 2763 imp.
1227 2702 1319 2751 Cn.
1462 2704 1663 2752 urbium
1702 2703 2005 2764 maximam,
2050 2704 2271 2752 omnium
2310 2718 2385 2751 au-

384 2770 559 2833 Pomp.
579 2769 628 2832 9,
651 2770 736 2819 23.
753 2772 1102 2833 —Tigranem
1123 2772 1322 2835 magnis
1461 2779 1560 2819 tem
1592 2786 1702 2819 esse
1723 2770 2121 2835 pulcherrimam
2138 2808 2149 2821 .
2190 2772 2251 2820 (16
2276 2787 2318 2820 r.
2337 2786 2381 2834 p.

387 2838 549 2899 copiis
573 2837 882 2885 minitantem
897 2839 1052 2885 Asiae
1069 2835 1155 2885 Cn.
1173 2838 1323 2887 Pom·
1462 2838 1512 2899 3,
1534 2840 1618 2902 31,
1642 2838 1729 2891 43.

389 2907 531 2967 peius
568 2904 866 2963 retardavit,
898 2906 968 2954 Ib.
996 2905 1090 2965 15,
1127 2906 1210 2956 45.
1253 2934 1324 2943 -
1394 2906 1663 2958 Timaeus
1694 2908 1947 2969 PlatoniS‚
1991 2909 2053 2957 de
2081 2924 2128 2955 n.
2163 2908 2213 2960 d.
2244 2909 2268 2957 1
2290 2944 2304 2972 ,
2341 2906 2382 2967 8,

383 2974 628 3036 Tigranes
661 2986 688 3019 a
707 2971 918 3023 Lucullo
949 2973 1128 3038 pulsus
1154 2976 1321 3024 animo
1467 2976 1545 3027 18.
1582 2978 1741 3028 Acad.
1762 2992 1839 3042 pr.
1861 2979 1911 3039 2,
1952 2976 2037 3035 39,
2068 2976 2189 3028 123.
2227 2978 2289 3026 (16
2308 2976 2383 3024 fin.

381 3052 552 3090 tamen
589 3040 762 3091 hostili
807 3057 918 3090 cum
955 3043 1165 3105 reliquis
1215 3047 1321 3094 suis
1462 3048 1513 3109 2,
1540 3046 1592 3107 5,
1614 3047 1696 3097 15.
1778 3044 1979 3097 Tuscul.
2008 3046 2056 3105 1,
2082 3046 2168 3104 25,
2201 3044 2287 3096 63.
2326 3074 2385 3083 --

385 3110 546 3173 copiis
579 3110 628 3158 in
669 3111 884 3174 pristIna
915 3120 1080 3161 mente
1109 3115 1313 3163 mansit.
1458 3113 1742 3164 Conversus
1774 3130 1805 3163 a
1824 3114 2094 3176 Cicerone,
2135 3114 2198 3161 de
2229 3114 2315 3163 fin.
2346 3114 2387 3172 1,

382 3178 527 3227 Hunc
544 3178 632 3229 Cn.
648 3182 938 3245 Pompeius,
955 3197 1110 3245 quum
1131 3184 1182 3230 in
1207 3184 1317 3233 suis
1459 3184 1485 3231 1
1501 3198 1614 3247 sqq.

383 3249 560 3297 castris
587 3250 869 3313 supplicem
888 3251 1138 3305 abiectum
1156 3251 1317 3301 vidis·
1388 3248 1731 3319 Timagoras
1773 3252 2040 3317 Epicurius
2088 3259 2246 3315 negat
2298 3250 2391 3297 sibi
2464 3276 2467 3285 ,

385 3325 490 3374 set,
545 3320 732 3376 erexit,
773 3333 862 3381 pro
900 3318 1062 3369 Sestio
1099 3320 1195 3378 27,
1227 3320 1314 3370 58.
1455 3336 1713 3384 umquam,
1743 3336 1897 3385 quum
1919 3320 2120 3369 oculum
2143 3318 2388 3380 torsisset,

381 3382 439 3433 P.
477 3382 680 3433 Clodius
706 3383 1009 3449 legationem
1043 3388 1108 3436 ad
1137 3387 1316 3450 Tigra-
1458 3390 1583 3439 duas
1607 3404 1669 3438 ex
1700 3388 1957 3439 lucernula
1976 3388 2263 3437 flammulas
2286 3402 2393 3435 esse

375 3464 497 3527 'nem
536 3453 795 3515 cupiebat,
835 3454 900 3503 a'd
932 3456 1034 3503 Att.
1064 3457 1123 3518 2,
1157 3456 1218 3515 4,
1260 3458 1311 3506 2.
1434 3458 1611 3515 -visas,
1636 3458 1794 3507 Acad.
1816 3474 1895 3523 pr.
1919 3458 1968 3518 2,
1990 3457 2075 3516 25,
2096 3456 2185 3508 80.
