<?xml version="1.0" encoding="UTF-8"?>
<!DOCTYPE html PUBLIC "-//W3C//DTD XHTML 1.0 Transitional//EN"
    "http://www.w3.org/TR/xhtml1/DTD/xhtml1-transitional.dtd">
<html xmlns="http://www.w3.org/1999/xhtml" xml:lang="en" lang="en">
 <head>
  <title>
</title>
<meta http-equiv="Content-Type" content="text/html;charset=utf-8" />
  <meta name='ocr-system' content='tesseract 3.04.00' />
  <meta name='ocr-capabilities' content='ocr_page ocr_carea ocr_par ocr_line ocrx_word'/>
</head>
<body>
  <div class='ocr_page' id='page_1' title='image "./scriptaquaemans04mlgoog_0089.png"; bbox 0 0 2500 3850; ppageno 0'>
   <div class='ocr_carea' id='block_1_1' title="bbox 397 165 2183 229">
    <p class='ocr_par' dir='ltr' id='par_1_1' title="bbox 397 165 2183 229">
     <span class='ocr_line' id='line_1_1' title="bbox 397 165 2183 229; baseline 0.002 -4"><span class='ocrx_word' id='word_1_1' title='bbox 397 179 551 226; x_wconf 83' lang='lat' dir='ltr'><strong>APP.</strong></span> <span class='ocrx_word' id='word_1_2' title='bbox 587 175 932 226; x_wconf 75' lang='lat' dir='ltr'>CLAUDIUS</span> <span class='ocrx_word' id='word_1_3' title='bbox 956 195 1041 208; x_wconf 83' lang='lat'><strong>--</strong></span> <span class='ocrx_word' id='word_1_4' title='bbox 1066 175 1126 225; x_wconf 88' lang='lat' dir='ltr'><strong>c.</strong></span> <span class='ocrx_word' id='word_1_5' title='bbox 1163 175 1509 224; x_wconf 75' lang='lat' dir='ltr'>CLAUDIUS</span> <span class='ocrx_word' id='word_1_6' title='bbox 1538 177 1885 226; x_wconf 67' lang='lat' dir='ltr'><strong>runcum.</strong></span> <span class='ocrx_word' id='word_1_7' title='bbox 2102 165 2183 229; x_wconf 88' lang='lat'><strong>83</strong></span> 
     </span>
    </p>
   </div>
   <div class='ocr_carea' id='block_1_2' title="bbox 143 330 2184 400">
    <p class='ocr_par' dir='ltr' id='par_1_2' title="bbox 143 330 2184 400">
     <span class='ocr_line' id='line_1_2' title="bbox 143 330 2184 400; baseline 0 -14"><span class='ocrx_word' id='word_1_8' title='bbox 143 351 272 386; x_wconf 87' lang='lat' dir='ltr'><strong>nem</strong></span> <span class='ocrx_word' id='word_1_9' title='bbox 292 333 472 384; x_wconf 82' lang='lat' dir='ltr'><strong>consul</strong></span> <span class='ocrx_word' id='word_1_10' title='bbox 489 333 584 383; x_wconf 78' lang='lat' dir='ltr'><strong>fnit</strong></span> <span class='ocrx_word' id='word_1_11' title='bbox 595 339 644 382; x_wconf 87' lang='lat' dir='ltr'><strong>et</strong></span> <span class='ocrx_word' id='word_1_12' title='bbox 657 333 830 382; x_wconf 86' lang='lat' dir='ltr'><strong>suavis</strong></span> <span class='ocrx_word' id='word_1_13' title='bbox 841 333 1034 383; x_wconf 87' lang='lat' dir='ltr'><strong>amicus</strong></span> <span class='ocrx_word' id='word_1_14' title='bbox 1053 339 1104 383; x_wconf 84' lang='lat' dir='ltr'><strong>ct</strong></span> <span class='ocrx_word' id='word_1_15' title='bbox 1169 330 1386 398; x_wconf 81' lang='lat' dir='ltr'><strong>Appius</strong></span> <span class='ocrx_word' id='word_1_16' title='bbox 1419 331 1741 400; x_wconf 80' lang='lat' dir='ltr'><strong>(Claudius)</strong></span> <span class='ocrx_word' id='word_1_17' title='bbox 1764 334 1919 384; x_wconf 79' lang='lat' dir='ltr'><strong>frater</strong></span> <span class='ocrx_word' id='word_1_18' title='bbox 1940 334 2057 386; x_wconf 74' lang='lat' dir='ltr'><strong>Ami</strong></span> <span class='ocrx_word' id='word_1_19' title='bbox 2071 372 2087 397; x_wconf 88' lang='lat'><strong>,</strong></span> <span class='ocrx_word' id='word_1_20' title='bbox 2116 337 2184 387; x_wconf 89' lang='lat' dir='ltr'><strong>ad</strong></span> 
     </span>
    </p>
   </div>
   <div class='ocr_carea' id='block_1_3' title="bbox 141 401 1102 455">
    <p class='ocr_par' dir='ltr' id='par_1_3' title="bbox 141 401 1102 455">
     <span class='ocr_line' id='line_1_3' title="bbox 141 401 1102 455; baseline -0.004 0"><span class='ocrx_word' id='word_1_21' title='bbox 141 404 421 455; x_wconf 86' lang='lat' dir='ltr'><strong>studiosus</strong></span> <span class='ocrx_word' id='word_1_22' title='bbox 451 403 738 452; x_wconf 83' lang='lat' dir='ltr'><strong>studiorum</strong></span> <span class='ocrx_word' id='word_1_23' title='bbox 775 401 927 452; x_wconf 88' lang='lat' dir='ltr'><strong>etiam</strong></span> <span class='ocrx_word' id='word_1_24' title='bbox 960 401 1102 453; x_wconf 90' lang='lat' dir='ltr'><strong>Cice-</strong></span> 
     </span>
    </p>
   </div>
   <div class='ocr_carea' id='block_1_4' title="bbox 1237 400 1602 462">
    <p class='ocr_par' dir='ltr' id='par_1_4' title="bbox 1237 400 1602 462">
     <span class='ocr_line' id='line_1_4' title="bbox 1237 400 1602 462; baseline 0.011 -11"><span class='ocrx_word' id='word_1_25' title='bbox 1237 405 1342 453; x_wconf 81' lang='lat' dir='ltr'><strong>Att.</strong></span> <span class='ocrx_word' id='word_1_26' title='bbox 1367 400 1417 462; x_wconf 85' lang='lat'><strong>6,</strong></span> <span class='ocrx_word' id='word_1_27' title='bbox 1443 403 1493 462; x_wconf 90' lang='lat'><strong>1,</strong></span> <span class='ocrx_word' id='word_1_28' title='bbox 1522 402 1602 455; x_wconf 89' lang='grc'><strong>10.</strong></span> 
     </span>
    </p>
   </div>
   <div class='ocr_carea' id='block_1_5' title="bbox 140 468 2183 538">
    <p class='ocr_par' dir='ltr' id='par_1_5' title="bbox 140 468 2183 538">
     <span class='ocr_line' id='line_1_5' title="bbox 140 468 2183 538; baseline 0 -15"><span class='ocrx_word' id='word_1_29' title='bbox 140 474 315 533; x_wconf 86' lang='lat' dir='ltr'><strong>ronis,</strong></span> <span class='ocrx_word' id='word_1_30' title='bbox 337 471 405 522; x_wconf 85' lang='lat' dir='ltr'><strong>ad</strong></span> <span class='ocrx_word' id='word_1_31' title='bbox 419 471 544 522; x_wconf 84' lang='lat' dir='ltr'><strong>fam.</strong></span> <span class='ocrx_word' id='word_1_32' title='bbox 567 472 617 534; x_wconf 89' lang='lat'><strong>2,</strong></span> <span class='ocrx_word' id='word_1_33' title='bbox 643 469 726 532; x_wconf 84' lang='lat'><strong>13,</strong></span> <span class='ocrx_word' id='word_1_34' title='bbox 747 471 797 522; x_wconf 91' lang='lat'><strong>2.</strong></span> <span class='ocrx_word' id='word_1_35' title='bbox 812 498 878 510; x_wconf 91' lang='lat'><strong>—</strong></span> <span class='ocrx_word' id='word_1_36' title='bbox 898 472 1102 536; x_wconf 86' lang='lat' dir='ltr'><strong>Appius</strong></span> <span class='ocrx_word' id='word_1_37' title='bbox 1167 470 1233 521; x_wconf 78' lang='lat' dir='ltr'><strong>A.</strong></span> <span class='ocrx_word' id='word_1_38' title='bbox 1286 468 1555 521; x_wconf 78' lang='lat' dir='ltr'><strong>Claudius</strong></span> <span class='ocrx_word' id='word_1_39' title='bbox 1604 468 1937 538; x_wconf 78' lang='lat' dir='ltr'><strong>(Clodius),</strong></span> <span class='ocrx_word' id='word_1_40' title='bbox 1975 473 2183 524; x_wconf 84' lang='lat' dir='ltr'><strong>Niconis</strong></span> 
     </span>
    </p>
   </div>
   <div class='ocr_carea' id='block_1_6' title="bbox 143 541 1098 672">
    <p class='ocr_par' dir='ltr' id='par_1_6' title="bbox 143 541 1098 672">
     <span class='ocr_line' id='line_1_6' title="bbox 143 541 1098 605; baseline -0.002 -13"><span class='ocrx_word' id='word_1_41' title='bbox 143 541 428 603; x_wconf 75' lang='lat' dir='ltr'><strong>ClaudiuS,</strong></span> <span class='ocrx_word' id='word_1_42' title='bbox 451 542 618 591; x_wconf 87' lang='lat' dir='ltr'><strong>bonus</strong></span> <span class='ocrx_word' id='word_1_43' title='bbox 639 554 822 605; x_wconf 83' lang='lat' dir='ltr'><strong>augur,</strong></span> <span class='ocrx_word' id='word_1_44' title='bbox 845 554 946 589; x_wconf 90' lang='lat' dir='ltr'><strong>non</strong></span> <span class='ocrx_word' id='word_1_45' title='bbox 970 541 1098 590; x_wconf 84' lang='lat' dir='ltr'><strong>satis</strong></span> 
     </span>
     <span class='ocr_line' id='line_1_7' title="bbox 144 609 1098 672; baseline -0.002 -10"><span class='ocrx_word' id='word_1_46' title='bbox 144 613 374 662; x_wconf 79' lang='lat' dir='ltr'><strong>scienter</strong></span> <span class='ocrx_word' id='word_1_47' title='bbox 403 609 458 660; x_wconf 91' lang='lat' dir='ltr'><strong>C.</strong></span> <span class='ocrx_word' id='word_1_48' title='bbox 479 610 680 659; x_wconf 86' lang='lat' dir='ltr'><strong>Ateium</strong></span> <span class='ocrx_word' id='word_1_49' title='bbox 707 609 927 670; x_wconf 86' lang='lat' dir='ltr'><strong>notavit,</strong></span> <span class='ocrx_word' id='word_1_50' title='bbox 961 610 1098 672; x_wconf 85' lang='lat' dir='ltr'><strong>quod</strong></span> 
     </span>
    </p>
   </div>
   <div class='ocr_carea' id='block_1_7' title="bbox 141 677 1092 743">
    <p class='ocr_par' dir='ltr' id='par_1_7' title="bbox 141 677 1092 743">
     <span class='ocr_line' id='line_1_8' title="bbox 141 677 1092 743; baseline -0.004 -13"><span class='ocrx_word' id='word_1_51' title='bbox 141 680 451 730; x_wconf 85' lang='lat' dir='ltr'><strong>ementitum</strong></span> <span class='ocrx_word' id='word_1_52' title='bbox 474 679 702 743; x_wconf 85' lang='lat' dir='ltr'><strong>auspicia</strong></span> <span class='ocrx_word' id='word_1_53' title='bbox 732 677 1092 740; x_wconf 77' lang='lat' dir='ltr'><strong>subscriberet,</strong></span> 
     </span>
    </p>
   </div>
   <div class='ocr_carea' id='block_1_8' title="bbox 143 746 1121 814">
    <p class='ocr_par' dir='ltr' id='par_1_8' title="bbox 143 746 1121 814">
     <span class='ocr_line' id='line_1_9' title="bbox 143 746 1121 814; baseline -0.003 -14"><span class='ocrx_word' id='word_1_54' title='bbox 143 751 216 800; x_wconf 85' lang='lat' dir='ltr'><strong>de</strong></span> <span class='ocrx_word' id='word_1_55' title='bbox 247 749 410 799; x_wconf 87' lang='lat' dir='ltr'><strong>divin.</strong></span> <span class='ocrx_word' id='word_1_56' title='bbox 432 748 492 814; x_wconf 87' lang='lat'><strong>1,</strong></span> <span class='ocrx_word' id='word_1_57' title='bbox 522 747 614 806; x_wconf 91' lang='lat'><strong>16,</strong></span> <span class='ocrx_word' id='word_1_58' title='bbox 639 746 726 798; x_wconf 85' lang='lat'><strong>29.</strong></span> <span class='ocrx_word' id='word_1_59' title='bbox 763 747 1121 813; x_wconf 83' lang='lat' dir='ltr'><strong>Pompeiano-·</strong></span> 
     </span>
    </p>
   </div>
   <div class='ocr_carea' id='block_1_9' title="bbox 65 817 1094 3499">
    <p class='ocr_par' dir='ltr' id='par_1_9' title="bbox 65 817 1094 3357">
     <span class='ocr_line' id='line_1_10' title="bbox 139 817 1094 879; baseline 0 -12"><span class='ocrx_word' id='word_1_60' title='bbox 139 833 264 867; x_wconf 85' lang='lat' dir='ltr'><strong>rum</strong></span> <span class='ocrx_word' id='word_1_61' title='bbox 321 831 470 866; x_wconf 87' lang='lat' dir='ltr'><strong>nemo</strong></span> <span class='ocrx_word' id='word_1_62' title='bbox 521 817 888 865; x_wconf 77' lang='lat' dir='ltr'><strong>inconstantior</strong></span> <span class='ocrx_word' id='word_1_63' title='bbox 941 831 1094 879; x_wconf 85' lang='lat' dir='ltr'><strong>quam</strong></span> 
     </span>
     <span class='ocr_line' id='line_1_11' title="bbox 143 883 1089 951; baseline 0 -15"><span class='ocrx_word' id='word_1_64' title='bbox 143 890 290 951; x_wconf 82' lang='lat' dir='ltr'><strong>App.</strong></span> <span class='ocrx_word' id='word_1_65' title='bbox 316 885 590 946; x_wconf 71' lang='lat' dir='ltr'><strong>ClaudiuS,</strong></span> <span class='ocrx_word' id='word_1_66' title='bbox 620 886 688 934; x_wconf 87' lang='lat' dir='ltr'><strong>ad</strong></span> <span class='ocrx_word' id='word_1_67' title='bbox 714 883 837 934; x_wconf 83' lang='lat' dir='ltr'><strong>fam.</strong></span> <span class='ocrx_word' id='word_1_68' title='bbox 859 884 919 946; x_wconf 88' lang='lat'><strong>8,</strong></span> <span class='ocrx_word' id='word_1_69' title='bbox 952 885 979 934; x_wconf 95' lang='grc'><strong>1</strong></span> <span class='ocrx_word' id='word_1_70' title='bbox 997 921 1012 946; x_wconf 92' lang='grc'><strong>,</strong></span> <span class='ocrx_word' id='word_1_71' title='bbox 1035 883 1089 936; x_wconf 91' lang='grc'><strong>3.</strong></span> 
     </span>
     <span class='ocr_line' id='line_1_12' title="bbox 143 953 1094 1020; baseline 0 -16"><span class='ocrx_word' id='word_1_72' title='bbox 143 984 218 992; x_wconf 86' lang='lat'>-</span> <span class='ocrx_word' id='word_1_73' title='bbox 231 956 431 1020; x_wconf 84' lang='lat' dir='ltr'><strong>Appius</strong></span> <span class='ocrx_word' id='word_1_74' title='bbox 441 953 706 1004; x_wconf 81' lang='lat' dir='ltr'><strong>Caesarem</strong></span> <span class='ocrx_word' id='word_1_75' title='bbox 727 955 868 1004; x_wconf 88' lang='lat' dir='ltr'><strong>timet</strong></span> <span class='ocrx_word' id='word_1_76' title='bbox 884 961 1094 1018; x_wconf 87' lang='lat' dir='ltr'><strong>propter</strong></span> 
     </span>
     <span class='ocr_line' id='line_1_13' title="bbox 143 1023 1086 1084; baseline 0.003 -10"><span class='ocrx_word' id='word_1_77' title='bbox 143 1025 453 1074; x_wconf 82' lang='lat' dir='ltr'><strong>inimicitias</strong></span> <span class='ocrx_word' id='word_1_78' title='bbox 483 1030 739 1083; x_wconf 74' lang='lat' dir='ltr'><strong>recenteS,</strong></span> <span class='ocrx_word' id='word_1_79' title='bbox 771 1024 843 1072; x_wconf 89' lang='lat' dir='ltr'><strong>lb.</strong></span> <span class='ocrx_word' id='word_1_80' title='bbox 866 1023 928 1084; x_wconf 88' lang='grc'><strong>9,</strong></span> <span class='ocrx_word' id='word_1_81' title='bbox 955 1023 1013 1083; x_wconf 91' lang='grc'><strong>1,</strong></span> <span class='ocrx_word' id='word_1_82' title='bbox 1034 1025 1086 1077; x_wconf 91' lang='grc'><strong>4.</strong></span> 
     </span>
     <span class='ocr_line' id='line_1_14' title="bbox 143 1091 1090 1154; baseline -0.001 -11"><span class='ocrx_word' id='word_1_83' title='bbox 143 1092 374 1143; x_wconf 82' lang='lat' dir='ltr'><strong>-Satis</strong></span> <span class='ocrx_word' id='word_1_84' title='bbox 402 1093 660 1144; x_wconf 80' lang='lat' dir='ltr'><strong>studiosus</strong></span> <span class='ocrx_word' id='word_1_85' title='bbox 691 1099 739 1140; x_wconf 90' lang='lat' dir='ltr'><strong>et</strong></span> <span class='ocrx_word' id='word_1_86' title='bbox 757 1091 906 1142; x_wconf 86' lang='lat' dir='ltr'><strong>valde</strong></span> <span class='ocrx_word' id='word_1_87' title='bbox 935 1107 1090 1154; x_wconf 88' lang='lat' dir='ltr'><strong>quum</strong></span> 
     </span>
     <span class='ocr_line' id='line_1_15' title="bbox 143 1161 1094 1213; baseline -0.002 -1"><span class='ocrx_word' id='word_1_88' title='bbox 143 1164 332 1213; x_wconf 89' lang='lat' dir='ltr'><strong>doctus</strong></span> <span class='ocrx_word' id='word_1_89' title='bbox 351 1169 457 1210; x_wconf 86' lang='lat' dir='ltr'><strong>tum</strong></span> <span class='ocrx_word' id='word_1_90' title='bbox 484 1161 635 1210; x_wconf 87' lang='lat' dir='ltr'><strong>etiam</strong></span> <span class='ocrx_word' id='word_1_91' title='bbox 655 1162 962 1210; x_wconf 86' lang='lat' dir='ltr'><strong>exercitatus</strong></span> <span class='ocrx_word' id='word_1_92' title='bbox 982 1175 1094 1210; x_wconf 86' lang='lat' dir='ltr'><strong>ora-</strong></span> 
     </span>
     <span class='ocr_line' id='line_1_16' title="bbox 145 1229 1092 1295; baseline -0.002 -14"><span class='ocrx_word' id='word_1_93' title='bbox 145 1240 234 1281; x_wconf 89' lang='lat' dir='ltr'><strong>tor</strong></span> <span class='ocrx_word' id='word_1_94' title='bbox 257 1237 307 1280; x_wconf 88' lang='lat' dir='ltr'><strong>et</strong></span> <span class='ocrx_word' id='word_1_95' title='bbox 327 1244 484 1292; x_wconf 88' lang='lat' dir='ltr'><strong>quum</strong></span> <span class='ocrx_word' id='word_1_96' title='bbox 510 1229 770 1295; x_wconf 85' lang='lat' dir='ltr'><strong>auguralis</strong></span> <span class='ocrx_word' id='word_1_97' title='bbox 791 1238 897 1278; x_wconf 82' lang='lat' dir='ltr'><strong>tum</strong></span> <span class='ocrx_word' id='word_1_98' title='bbox 929 1232 1092 1279; x_wconf 85' lang='lat' dir='ltr'><strong>omnis</strong></span> 
     </span>
     <span class='ocr_line' id='line_1_17' title="bbox 141 1298 1094 1366; baseline 0.001 -18"><span class='ocrx_word' id='word_1_99' title='bbox 141 1298 349 1366; x_wconf 82' lang='lat' dir='ltr'><strong>publici</strong></span> <span class='ocrx_word' id='word_1_100' title='bbox 375 1299 499 1348; x_wconf 88' lang='lat' dir='ltr'><strong>iuris</strong></span> <span class='ocrx_word' id='word_1_101' title='bbox 523 1299 940 1361; x_wconf 78' lang='lat' dir='ltr'><strong>antiquitatisque</strong></span> <span class='ocrx_word' id='word_1_102' title='bbox 965 1298 1094 1349; x_wconf 90' lang='lat' dir='ltr'><strong>bene</strong></span> 
     </span>
     <span class='ocr_line' id='line_1_18' title="bbox 140 1367 1092 1433; baseline 0.002 -17"><span class='ocrx_word' id='word_1_103' title='bbox 140 1368 376 1433; x_wconf 81' lang='lat' dir='ltr'><strong>peritus,</strong></span> <span class='ocrx_word' id='word_1_104' title='bbox 430 1367 570 1416; x_wconf 84' lang='lat' dir='ltr'><strong>Brut.</strong></span> <span class='ocrx_word' id='word_1_105' title='bbox 612 1369 704 1428; x_wconf 93' lang='grc'><strong>77,</strong></span> <span class='ocrx_word' id='word_1_106' title='bbox 752 1367 874 1419; x_wconf 90' lang='grc'><strong>267.</strong></span> <span class='ocrx_word' id='word_1_107' title='bbox 911 1383 983 1405; x_wconf 67' lang='lat'><strong>⁴-</strong></span> <span class='ocrx_word' id='word_1_108' title='bbox 1017 1369 1092 1418; x_wconf 92' lang='lat' dir='ltr'><strong>De</strong></span> 
     </span>
     <span class='ocr_line' id='line_1_19' title="bbox 144 1435 1093 1488; baseline -0.002 0"><span class='ocrx_word' id='word_1_109' title='bbox 144 1437 470 1488; x_wconf 75' lang='lat' dir='ltr'><strong>dissensione</strong></span> <span class='ocrx_word' id='word_1_110' title='bbox 518 1436 648 1486; x_wconf 79' lang='lat' dir='ltr'><strong>inter</strong></span> <span class='ocrx_word' id='word_1_111' title='bbox 693 1435 991 1486; x_wconf 84' lang='lat' dir='ltr'><strong>Marcellum</strong></span> <span class='ocrx_word' id='word_1_112' title='bbox 1044 1443 1093 1486; x_wconf 86' lang='lat' dir='ltr'><strong>et</strong></span> 
     </span>
     <span class='ocr_line' id='line_1_20' title="bbox 141 1505 1093 1571; baseline -0.001 -16"><span class='ocrx_word' id='word_1_113' title='bbox 141 1505 378 1571; x_wconf 84' lang='lat' dir='ltr'><strong>Appium</strong></span> <span class='ocrx_word' id='word_1_114' title='bbox 412 1505 631 1569; x_wconf 85' lang='lat' dir='ltr'><strong>optimos</strong></span> <span class='ocrx_word' id='word_1_115' title='bbox 659 1519 878 1571; x_wconf 80' lang='lat' dir='ltr'><strong>augures</strong></span> <span class='ocrx_word' id='word_1_116' title='bbox 909 1506 972 1555; x_wconf 90' lang='lat' dir='ltr'><strong>de</strong></span> <span class='ocrx_word' id='word_1_117' title='bbox 1001 1520 1093 1554; x_wconf 87' lang='lat' dir='ltr'><strong>au-</strong></span> 
     </span>
     <span class='ocr_line' id='line_1_21' title="bbox 143 1571 1090 1639; baseline -0.001 -16"><span class='ocrx_word' id='word_1_118' title='bbox 143 1575 360 1639; x_wconf 85' lang='lat' dir='ltr'><strong>spiciis,</strong></span> <span class='ocrx_word' id='word_1_119' title='bbox 381 1573 444 1624; x_wconf 88' lang='lat' dir='ltr'><strong>de</strong></span> <span class='ocrx_word' id='word_1_120' title='bbox 464 1571 565 1639; x_wconf 80' lang='lat' dir='ltr'><strong>leg.</strong></span> <span class='ocrx_word' id='word_1_121' title='bbox 586 1576 636 1635; x_wconf 93' lang='lat'><strong>2,</strong></span> <span class='ocrx_word' id='word_1_122' title='bbox 662 1573 746 1637; x_wconf 87' lang='lat'><strong>13,</strong></span> <span class='ocrx_word' id='word_1_123' title='bbox 769 1572 854 1624; x_wconf 88' lang='lat'><strong>32.</strong></span> <span class='ocrx_word' id='word_1_124' title='bbox 875 1571 946 1610; x_wconf 83' lang='lat'><strong>—&#39;-</strong></span> <span class='ocrx_word' id='word_1_125' title='bbox 969 1574 1090 1623; x_wconf 82' lang='lat' dir='ltr'><strong>Eius</strong></span> 
     </span>
     <span class='ocr_line' id='line_1_22' title="bbox 144 1642 1092 1708; baseline 0 -16"><span class='ocrx_word' id='word_1_126' title='bbox 144 1644 282 1694; x_wconf 77' lang='lat' dir='ltr'><strong>liber</strong></span> <span class='ocrx_word' id='word_1_127' title='bbox 337 1645 599 1708; x_wconf 65' lang='lat' dir='ltr'><strong>auguralis</strong></span> <span class='ocrx_word' id='word_1_128' title='bbox 664 1643 732 1692; x_wconf 87' lang='lat' dir='ltr'><strong>ad</strong></span> <span class='ocrx_word' id='word_1_129' title='bbox 797 1642 1092 1693; x_wconf 82' lang='lat' dir='ltr'><strong>Ciceronem</strong></span> 
     </span>
     <span class='ocr_line' id='line_1_23' title="bbox 144 1709 1088 1777; baseline 0 -15"><span class='ocrx_word' id='word_1_130' title='bbox 144 1713 398 1777; x_wconf 84' lang='lat' dir='ltr'><strong>scriptus,</strong></span> <span class='ocrx_word' id='word_1_131' title='bbox 422 1712 493 1764; x_wconf 89' lang='lat' dir='ltr'><strong>lb.</strong></span> <span class='ocrx_word' id='word_1_132' title='bbox 516 1711 567 1772; x_wconf 89' lang='lat'><strong>3,</strong></span> <span class='ocrx_word' id='word_1_133' title='bbox 591 1714 656 1771; x_wconf 87' lang='lat'><strong>4,</strong></span> <span class='ocrx_word' id='word_1_134' title='bbox 678 1712 728 1762; x_wconf 92' lang='grc'><strong>1.</strong></span> <span class='ocrx_word' id='word_1_135' title='bbox 771 1709 848 1764; x_wconf 80' lang='lat' dir='ltr'><strong>Cf.</strong></span> <span class='ocrx_word' id='word_1_136' title='bbox 881 1711 947 1761; x_wconf 85' lang='lat' dir='ltr'><strong>ad</strong></span> <span class='ocrx_word' id='word_1_137' title='bbox 967 1712 1088 1762; x_wconf 77' lang='lat' dir='ltr'><strong>fam.</strong></span> 
     </span>
     <span class='ocr_line' id='line_1_24' title="bbox 143 1778 1091 1846; baseline -0.001 -14"><span class='ocrx_word' id='word_1_138' title='bbox 143 1781 197 1842; x_wconf 87' lang='lat'><strong>3,</strong></span> <span class='ocrx_word' id='word_1_139' title='bbox 219 1779 273 1841; x_wconf 87' lang='lat'><strong>9,</strong></span> <span class='ocrx_word' id='word_1_140' title='bbox 295 1781 348 1834; x_wconf 90' lang='grc'><strong>3.</strong></span> <span class='ocrx_word' id='word_1_141' title='bbox 383 1781 458 1833; x_wconf 90' lang='lat' dir='ltr'><strong>lb.</strong></span> <span class='ocrx_word' id='word_1_142' title='bbox 497 1779 561 1840; x_wconf 83' lang='lat'><strong>3,</strong></span> <span class='ocrx_word' id='word_1_143' title='bbox 593 1778 676 1844; x_wconf 91' lang='grc'><strong>11,</strong></span> <span class='ocrx_word' id='word_1_144' title='bbox 707 1781 760 1829; x_wconf 90' lang='lat'><strong>4.</strong></span> <span class='ocrx_word' id='word_1_145' title='bbox 790 1806 862 1818; x_wconf 89' lang='lat'><strong>-—</strong></span> <span class='ocrx_word' id='word_1_146' title='bbox 889 1783 1091 1846; x_wconf 86' lang='lat' dir='ltr'><strong>Appius</strong></span> 
     </span>
     <span class='ocr_line' id='line_1_25' title="bbox 145 1849 1090 1916; baseline 0.001 -16"><span class='ocrx_word' id='word_1_147' title='bbox 145 1851 393 1910; x_wconf 88' lang='lat' dir='ltr'><strong>sortibus,</strong></span> <span class='ocrx_word' id='word_1_148' title='bbox 413 1849 846 1912; x_wconf 79' lang='lat' dir='ltr'><strong>hariolationibuS,</strong></span> <span class='ocrx_word' id='word_1_149' title='bbox 873 1849 1090 1916; x_wconf 77' lang='lat' dir='ltr'><strong>psycho-</strong></span> 
     </span>
     <span class='ocr_line' id='line_1_26' title="bbox 143 1916 1085 1982; baseline 0.001 -13"><span class='ocrx_word' id='word_1_150' title='bbox 143 1919 354 1969; x_wconf 84' lang='lat' dir='ltr'><strong>mantiis</strong></span> <span class='ocrx_word' id='word_1_151' title='bbox 381 1921 456 1968; x_wconf 83' lang='lat' dir='ltr'><strong>uti</strong></span> <span class='ocrx_word' id='word_1_152' title='bbox 474 1917 700 1979; x_wconf 83' lang='lat' dir='ltr'><strong>solebat,</strong></span> <span class='ocrx_word' id='word_1_153' title='bbox 742 1916 807 1969; x_wconf 85' lang='lat' dir='ltr'><strong>de</strong></span> <span class='ocrx_word' id='word_1_154' title='bbox 837 1919 996 1970; x_wconf 88' lang='lat' dir='ltr'><strong>divin.</strong></span> <span class='ocrx_word' id='word_1_155' title='bbox 1039 1920 1085 1982; x_wconf 83' lang='lat'><strong>1,</strong></span> 
     </span>
     <span class='ocr_line' id='line_1_27' title="bbox 145 1987 1090 2055; baseline -0.002 -16"><span class='ocrx_word' id='word_1_156' title='bbox 145 1988 233 2052; x_wconf 88' lang='grc'><strong>58,</strong></span> <span class='ocrx_word' id='word_1_157' title='bbox 259 1987 374 2039; x_wconf 88' lang='grc'><strong>132.</strong></span> <span class='ocrx_word' id='word_1_158' title='bbox 388 2016 458 2025; x_wconf 90' lang='grc'><strong>-</strong></span> <span class='ocrx_word' id='word_1_159' title='bbox 469 1988 668 2055; x_wconf 80' lang='lat' dir='ltr'><strong>Appius</strong></span> <span class='ocrx_word' id='word_1_160' title='bbox 681 1990 1090 2053; x_wconf 76' lang='grc' dir='ltr'><strong><em>νεκυομαντεῑα</em></strong></span> 
     </span>
     <span class='ocr_line' id='line_1_28' title="bbox 143 2056 1084 2123; baseline 0.002 -16"><span class='ocrx_word' id='word_1_161' title='bbox 143 2057 394 2123; x_wconf 63' lang='lat' dir='ltr'><strong>faciebat,</strong></span> <span class='ocrx_word' id='word_1_162' title='bbox 425 2057 626 2109; x_wconf 88' lang='lat' dir='ltr'><strong>Tuscul.</strong></span> <span class='ocrx_word' id='word_1_163' title='bbox 662 2056 721 2118; x_wconf 89' lang='lat'><strong>1,</strong></span> <span class='ocrx_word' id='word_1_164' title='bbox 756 2058 847 2118; x_wconf 89' lang='grc'><strong>16,</strong></span> <span class='ocrx_word' id='word_1_165' title='bbox 879 2056 966 2109; x_wconf 84' lang='grc'><strong>37.</strong></span> <span class='ocrx_word' id='word_1_166' title='bbox 1007 2056 1084 2109; x_wconf 79' lang='lat' dir='ltr'><strong>Cf.</strong></span> 
     </span>
     <span class='ocr_line' id='line_1_29' title="bbox 141 2123 1088 2192; baseline -0.002 -15"><span class='ocrx_word' id='word_1_167' title='bbox 141 2123 378 2192; x_wconf 75' lang='lat' dir='ltr'><strong>Appius.</strong></span> <span class='ocrx_word' id='word_1_168' title='bbox 413 2127 471 2176; x_wconf 87' lang='lat' dir='ltr'><strong>In</strong></span> <span class='ocrx_word' id='word_1_169' title='bbox 500 2128 609 2177; x_wconf 85' lang='lat' dir='ltr'><strong>eius</strong></span> <span class='ocrx_word' id='word_1_170' title='bbox 642 2125 811 2175; x_wconf 87' lang='lat' dir='ltr'><strong>locum</strong></span> <span class='ocrx_word' id='word_1_171' title='bbox 843 2126 1088 2176; x_wconf 81' lang='lat' dir='ltr'><strong>suffectus</strong></span> 
     </span>
     <span class='ocr_line' id='line_1_30' title="bbox 141 2194 1084 2258; baseline 0 -13"><span class='ocrx_word' id='word_1_172' title='bbox 141 2203 224 2245; x_wconf 88' lang='lat' dir='ltr'><strong>est</strong></span> <span class='ocrx_word' id='word_1_173' title='bbox 242 2195 297 2245; x_wconf 87' lang='lat' dir='ltr'><strong>P.</strong></span> <span class='ocrx_word' id='word_1_174' title='bbox 319 2195 582 2255; x_wconf 80' lang='lat' dir='ltr'><strong>Vatinius,</strong></span> <span class='ocrx_word' id='word_1_175' title='bbox 607 2196 674 2245; x_wconf 87' lang='lat' dir='ltr'><strong>ad</strong></span> <span class='ocrx_word' id='word_1_176' title='bbox 692 2194 809 2244; x_wconf 77' lang='lat' dir='ltr'><strong>fam.</strong></span> <span class='ocrx_word' id='word_1_177' title='bbox 836 2197 868 2245; x_wconf 87' lang='grc'><strong>5</strong></span> <span class='ocrx_word' id='word_1_178' title='bbox 884 2231 899 2258; x_wconf 94' lang='grc'><strong>,</strong></span> <span class='ocrx_word' id='word_1_179' title='bbox 929 2196 1012 2258; x_wconf 88' lang='grc'><strong>10,</strong></span> <span class='ocrx_word' id='word_1_180' title='bbox 1035 2196 1084 2245; x_wconf 94' lang='grc'><strong>2.</strong></span> 
     </span>
     <span class='ocr_line' id='line_1_31' title="bbox 143 2262 1084 2329; baseline -0.001 -16"><span class='ocrx_word' id='word_1_181' title='bbox 143 2292 213 2301; x_wconf 92' lang='lat'>—</span> <span class='ocrx_word' id='word_1_182' title='bbox 231 2265 498 2313; x_wconf 85' lang='lat' dir='ltr'><strong>Praeterea</strong></span> <span class='ocrx_word' id='word_1_183' title='bbox 527 2262 747 2329; x_wconf 83' lang='lat' dir='ltr'><strong>Philipp.</strong></span> <span class='ocrx_word' id='word_1_184' title='bbox 780 2263 864 2323; x_wconf 86' lang='lat'><strong>13,</strong></span> <span class='ocrx_word' id='word_1_185' title='bbox 895 2266 977 2328; x_wconf 90' lang='grc'><strong>14,</strong></span> <span class='ocrx_word' id='word_1_186' title='bbox 999 2262 1084 2315; x_wconf 89' lang='grc'><strong>29.</strong></span> 
     </span>
     <span class='ocr_line' id='line_1_32' title="bbox 141 2330 1085 2398; baseline 0.004 -17"><span class='ocrx_word' id='word_1_187' title='bbox 141 2333 212 2381; x_wconf 85' lang='lat' dir='ltr'><strong>ad</strong></span> <span class='ocrx_word' id='word_1_188' title='bbox 238 2332 344 2382; x_wconf 89' lang='lat' dir='ltr'><strong>Att.</strong></span> <span class='ocrx_word' id='word_1_189' title='bbox 367 2334 418 2393; x_wconf 88' lang='lat'><strong>4,</strong></span> <span class='ocrx_word' id='word_1_190' title='bbox 441 2333 522 2395; x_wconf 90' lang='grc'><strong>11,</strong></span> <span class='ocrx_word' id='word_1_191' title='bbox 545 2336 593 2383; x_wconf 93' lang='grc'><strong>2.</strong></span> <span class='ocrx_word' id='word_1_192' title='bbox 617 2347 710 2398; x_wconf 89' lang='lat' dir='ltr'><strong>pro</strong></span> <span class='ocrx_word' id='word_1_193' title='bbox 731 2330 872 2381; x_wconf 83' lang='lat' dir='ltr'><strong>Sulla</strong></span> <span class='ocrx_word' id='word_1_194' title='bbox 893 2334 976 2395; x_wconf 87' lang='lat'><strong>14,</strong></span> <span class='ocrx_word' id='word_1_195' title='bbox 997 2334 1085 2385; x_wconf 87' lang='grc'><strong>42.</strong></span> 
     </span>
     <span class='ocr_line' id='line_1_33' title="bbox 141 2400 1085 2468; baseline 0 -17"><span class='ocrx_word' id='word_1_196' title='bbox 141 2402 210 2451; x_wconf 81' lang='lat' dir='ltr'><strong>ad</strong></span> <span class='ocrx_word' id='word_1_197' title='bbox 231 2401 292 2461; x_wconf 85' lang='lat' dir='ltr'><strong>Q.</strong></span> <span class='ocrx_word' id='word_1_198' title='bbox 318 2400 380 2449; x_wconf 79' lang='lat' dir='ltr'><strong>fr.</strong></span> <span class='ocrx_word' id='word_1_199' title='bbox 406 2405 457 2463; x_wconf 85' lang='lat'><strong>2,</strong></span> <span class='ocrx_word' id='word_1_200' title='bbox 475 2403 510 2451; x_wconf 99' lang='lat'><strong>4</strong></span> <span class='ocrx_word' id='word_1_201' title='bbox 527 2400 612 2468; x_wconf 89' lang='grc'><strong>(6)</strong></span> <span class='ocrx_word' id='word_1_202' title='bbox 629 2438 643 2463; x_wconf 91' lang='grc'><strong>,</strong></span> <span class='ocrx_word' id='word_1_203' title='bbox 669 2400 720 2452; x_wconf 87' lang='grc'><strong>6.</strong></span> <span class='ocrx_word' id='word_1_204' title='bbox 758 2401 820 2451; x_wconf 85' lang='lat' dir='ltr'><strong>de</strong></span> <span class='ocrx_word' id='word_1_205' title='bbox 843 2401 1002 2454; x_wconf 86' lang='lat' dir='ltr'><strong>divin.</strong></span> <span class='ocrx_word' id='word_1_206' title='bbox 1033 2403 1085 2467; x_wconf 87' lang='lat'><strong>2,</strong></span> 
     </span>
     <span class='ocr_line' id='line_1_34' title="bbox 65 2508 1088 2605; baseline 0 -17"><span class='ocrx_word' id='word_1_207' title='bbox 65 2508 230 2605; x_wconf 45' lang='lat' dir='ltr'><strong>App?</strong></span> <span class='ocrx_word' id='word_1_208' title='bbox 245 2536 517 2590; x_wconf 80' lang='lat' dir='ltr'><strong>Claudius</strong></span> <span class='ocrx_word' id='word_1_209' title='bbox 539 2536 779 2603; x_wconf 88' lang='lat' dir='ltr'><strong>(maior),</strong></span> <span class='ocrx_word' id='word_1_210' title='bbox 809 2537 866 2588; x_wconf 86' lang='lat' dir='ltr'><strong>C.</strong></span> <span class='ocrx_word' id='word_1_211' title='bbox 890 2538 1088 2590; x_wconf 79' lang='lat' dir='ltr'><strong>Claudii</strong></span> 
     </span>
     <span class='ocr_line' id='line_1_35' title="bbox 141 2606 1086 2667; baseline 0.001 -11"><span class='ocrx_word' id='word_1_212' title='bbox 141 2608 302 2660; x_wconf 83' lang='lat' dir='ltr'><strong>filius,</strong></span> <span class='ocrx_word' id='word_1_213' title='bbox 338 2610 386 2658; x_wconf 84' lang='lat' dir='ltr'><strong>Is</strong></span> <span class='ocrx_word' id='word_1_214' title='bbox 415 2614 740 2658; x_wconf 84' lang='lat' dir='ltr'><strong>accusaturus</strong></span> <span class='ocrx_word' id='word_1_215' title='bbox 773 2607 883 2657; x_wconf 83' lang='lat' dir='ltr'><strong>fore</strong></span> <span class='ocrx_word' id='word_1_216' title='bbox 911 2607 970 2667; x_wconf 84' lang='lat' dir='ltr'><strong>Q.</strong></span> <span class='ocrx_word' id='word_1_217' title='bbox 1005 2606 1086 2657; x_wconf 88' lang='lat' dir='ltr'><strong>Ci-</strong></span> 
     </span>
     <span class='ocr_line' id='line_1_36' title="bbox 141 2674 1082 2742; baseline -0.002 -15"><span class='ocrx_word' id='word_1_218' title='bbox 141 2690 380 2728; x_wconf 86' lang='lat' dir='ltr'><strong>ceronem</strong></span> <span class='ocrx_word' id='word_1_219' title='bbox 407 2678 676 2742; x_wconf 87' lang='lat' dir='ltr'><strong>putabatur</strong></span> <span class='ocrx_word' id='word_1_220' title='bbox 707 2692 754 2726; x_wconf 94' lang='lat' dir='ltr'><strong>a.</strong></span> <span class='ocrx_word' id='word_1_221' title='bbox 779 2692 828 2727; x_wconf 91' lang='lat' dir='ltr'><strong>u.</strong></span> <span class='ocrx_word' id='word_1_222' title='bbox 856 2692 902 2730; x_wconf 88' lang='lat' dir='ltr'><strong>c.</strong></span> <span class='ocrx_word' id='word_1_223' title='bbox 938 2674 1082 2739; x_wconf 69' lang='lat'>695„</span> 
     </span>
     <span class='ocr_line' id='line_1_37' title="bbox 139 2744 1085 2811; baseline -0.002 -14"><span class='ocrx_word' id='word_1_224' title='bbox 139 2747 212 2797; x_wconf 85' lang='lat' dir='ltr'><strong>ad</strong></span> <span class='ocrx_word' id='word_1_225' title='bbox 232 2746 341 2795; x_wconf 82' lang='lat' dir='ltr'><strong>Att.</strong></span> <span class='ocrx_word' id='word_1_226' title='bbox 362 2744 414 2811; x_wconf 89' lang='grc'><strong>3,</strong></span> <span class='ocrx_word' id='word_1_227' title='bbox 438 2746 502 2797; x_wconf 92' lang='grc'><strong>17</strong></span> <span class='ocrx_word' id='word_1_228' title='bbox 517 2783 531 2807; x_wconf 93' lang='grc'><strong>,</strong></span> <span class='ocrx_word' id='word_1_229' title='bbox 554 2747 601 2798; x_wconf 92' lang='grc'><strong>1.</strong></span> <span class='ocrx_word' id='word_1_230' title='bbox 625 2772 692 2783; x_wconf 88' lang='lat'><strong>--</strong></span> <span class='ocrx_word' id='word_1_231' title='bbox 713 2747 917 2811; x_wconf 86' lang='lat' dir='ltr'><strong>Appius</strong></span> <span class='ocrx_word' id='word_1_232' title='bbox 938 2746 1085 2797; x_wconf 85' lang='lat' dir='ltr'><strong>Clau-</strong></span> 
     </span>
     <span class='ocr_line' id='line_1_38' title="bbox 139 2815 1082 2880; baseline 0.001 -15"><span class='ocrx_word' id='word_1_233' title='bbox 139 2815 258 2865; x_wconf 87' lang='lat' dir='ltr'><strong>dius</strong></span> <span class='ocrx_word' id='word_1_234' title='bbox 275 2818 459 2876; x_wconf 82' lang='lat' dir='ltr'><strong>maior,</strong></span> <span class='ocrx_word' id='word_1_235' title='bbox 473 2815 968 2880; x_wconf 75' lang='lat' dir='ltr'><strong>accusatorMiloniS‚</strong></span> <span class='ocrx_word' id='word_1_236' title='bbox 990 2830 1082 2879; x_wconf 89' lang='lat' dir='ltr'><strong>pro</strong></span> 
     </span>
     <span class='ocr_line' id='line_1_39' title="bbox 133 2882 1084 2944; baseline 0.002 -11"><span class='ocrx_word' id='word_1_237' title='bbox 133 2882 247 2937; x_wconf 80' lang='lat' dir='ltr'><strong>Mil.</strong></span> <span class='ocrx_word' id='word_1_238' title='bbox 284 2886 384 2944; x_wconf 79' lang='lat'><strong>22,</strong></span> <span class='ocrx_word' id='word_1_239' title='bbox 423 2884 508 2936; x_wconf 90' lang='grc'><strong>59.</strong></span> <span class='ocrx_word' id='word_1_240' title='bbox 543 2912 613 2925; x_wconf 84' lang='lat'><strong>—·</strong></span> <span class='ocrx_word' id='word_1_241' title='bbox 638 2884 722 2934; x_wconf 83' lang='lat' dir='ltr'><strong>Ad</strong></span> <span class='ocrx_word' id='word_1_242' title='bbox 751 2898 866 2934; x_wconf 88' lang='lat' dir='ltr'><strong>eum</strong></span> <span class='ocrx_word' id='word_1_243' title='bbox 901 2892 980 2935; x_wconf 89' lang='lat' dir='ltr'><strong>est</strong></span> <span class='ocrx_word' id='word_1_244' title='bbox 1017 2886 1084 2935; x_wconf 84' lang='lat' dir='ltr'><strong>ad</strong></span> 
     </span>
     <span class='ocr_line' id='line_1_40' title="bbox 133 2951 1082 3019; baseline 0 -17"><span class='ocrx_word' id='word_1_245' title='bbox 133 2952 263 3002; x_wconf 86' lang='lat' dir='ltr'><strong>fam.</strong></span> <span class='ocrx_word' id='word_1_246' title='bbox 300 2953 391 3003; x_wconf 88' lang='lat' dir='ltr'><strong>lib.</strong></span> <span class='ocrx_word' id='word_1_247' title='bbox 431 2954 514 3006; x_wconf 88' lang='grc'><strong>10.</strong></span> <span class='ocrx_word' id='word_1_248' title='bbox 550 2967 632 3018; x_wconf 90' lang='lat' dir='ltr'><strong>ep.</strong></span> <span class='ocrx_word' id='word_1_249' title='bbox 663 2951 750 3003; x_wconf 88' lang='lat'><strong>29.</strong></span> <span class='ocrx_word' id='word_1_250' title='bbox 780 2980 853 2991; x_wconf 89' lang='lat'><strong>-—</strong></span> <span class='ocrx_word' id='word_1_251' title='bbox 880 2954 1082 3019; x_wconf 83' lang='lat' dir='ltr'><strong>Appius</strong></span> 
     </span>
     <span class='ocr_line' id='line_1_41' title="bbox 135 3020 1080 3084; baseline 0.002 -13"><span class='ocrx_word' id='word_1_252' title='bbox 135 3020 386 3073; x_wconf 87' lang='lat' dir='ltr'><strong>Claudius</strong></span> <span class='ocrx_word' id='word_1_253' title='bbox 407 3020 462 3073; x_wconf 90' lang='lat' dir='ltr'><strong>C.</strong></span> <span class='ocrx_word' id='word_1_254' title='bbox 487 3022 564 3084; x_wconf 72' lang='lat' dir='ltr'><strong>F„</strong></span> <span class='ocrx_word' id='word_1_255' title='bbox 587 3022 937 3073; x_wconf 84' lang='lat' dir='ltr'><strong>nobilissimus</strong></span> <span class='ocrx_word' id='word_1_256' title='bbox 958 3023 1080 3073; x_wconf 84' lang='lat' dir='ltr'><strong>ado-</strong></span> 
     </span>
     <span class='ocr_line' id='line_1_42' title="bbox 134 3090 1081 3143; baseline -0.001 -3"><span class='ocrx_word' id='word_1_257' title='bbox 134 3090 340 3141; x_wconf 86' lang='lat' dir='ltr'><strong>lescens</strong></span> <span class='ocrx_word' id='word_1_258' title='bbox 371 3108 404 3141; x_wconf 85' lang='lat' dir='ltr'><strong>a</strong></span> <span class='ocrx_word' id='word_1_259' title='bbox 430 3091 670 3142; x_wconf 87' lang='lat' dir='ltr'><strong>Cicerone</strong></span> <span class='ocrx_word' id='word_1_260' title='bbox 701 3092 1081 3143; x_wconf 84' lang='lat' dir='ltr'><strong>commendatur</strong></span> 
     </span>
     <span class='ocr_line' id='line_1_43' title="bbox 133 3159 1076 3225; baseline 0.004 -18"><span class='ocrx_word' id='word_1_261' title='bbox 133 3159 195 3208; x_wconf 91' lang='lat' dir='ltr'><strong>D.</strong></span> <span class='ocrx_word' id='word_1_262' title='bbox 217 3159 376 3211; x_wconf 88' lang='lat' dir='ltr'><strong>Bruto</strong></span> <span class='ocrx_word' id='word_1_263' title='bbox 395 3176 446 3210; x_wconf 87' lang='lat' dir='ltr'><strong>a.</strong></span> <span class='ocrx_word' id='word_1_264' title='bbox 461 3176 516 3214; x_wconf 84' lang='lat' dir='ltr'><strong>u.</strong></span> <span class='ocrx_word' id='word_1_265' title='bbox 537 3176 582 3211; x_wconf 91' lang='lat' dir='ltr'><strong>c.</strong></span> <span class='ocrx_word' id='word_1_266' title='bbox 601 3160 741 3224; x_wconf 69' lang='lat'>711„</span> <span class='ocrx_word' id='word_1_267' title='bbox 761 3162 829 3211; x_wconf 86' lang='lat' dir='ltr'><strong>ad</strong></span> <span class='ocrx_word' id='word_1_268' title='bbox 848 3162 969 3211; x_wconf 85' lang='lat' dir='ltr'><strong>fam.</strong></span> <span class='ocrx_word' id='word_1_269' title='bbox 994 3161 1076 3225; x_wconf 91' lang='lat' dir='ltr'><strong>ll,</strong></span> 
     </span>
     <span class='ocr_line' id='line_1_44' title="bbox 138 3229 1081 3289; baseline 0 -12"><span class='ocrx_word' id='word_1_270' title='bbox 138 3230 205 3278; x_wconf 88' lang='lat'><strong>22</strong></span> <span class='ocrx_word' id='word_1_271' title='bbox 220 3265 235 3289; x_wconf 93' lang='lat'><strong>,</strong></span> <span class='ocrx_word' id='word_1_272' title='bbox 256 3230 306 3279; x_wconf 92' lang='lat'><strong>1.</strong></span> <span class='ocrx_word' id='word_1_273' title='bbox 342 3230 524 3281; x_wconf 86' lang='lat' dir='ltr'><strong>Utrum</strong></span> <span class='ocrx_word' id='word_1_274' title='bbox 539 3229 624 3279; x_wconf 84' lang='lat' dir='ltr'><strong>hic</strong></span> <span class='ocrx_word' id='word_1_275' title='bbox 644 3232 804 3280; x_wconf 89' lang='lat' dir='ltr'><strong>maior</strong></span> <span class='ocrx_word' id='word_1_276' title='bbox 831 3246 898 3280; x_wconf 89' lang='lat' dir='ltr'><strong>an</strong></span> <span class='ocrx_word' id='word_1_277' title='bbox 915 3231 1081 3279; x_wconf 88' lang='lat' dir='ltr'><strong>minor</strong></span> 
     </span>
     <span class='ocr_line' id='line_1_45' title="bbox 136 3296 778 3357; baseline 0.006 -12"><span class='ocrx_word' id='word_1_278' title='bbox 136 3299 234 3357; x_wconf 88' lang='lat' dir='ltr'><strong>sit,</strong></span> <span class='ocrx_word' id='word_1_279' title='bbox 254 3296 398 3349; x_wconf 88' lang='lat' dir='ltr'><strong>haud</strong></span> <span class='ocrx_word' id='word_1_280' title='bbox 415 3299 544 3349; x_wconf 87' lang='lat' dir='ltr'><strong>satis</strong></span> <span class='ocrx_word' id='word_1_281' title='bbox 566 3306 778 3349; x_wconf 84' lang='lat' dir='ltr'><strong>constat.</strong></span> 
     </span>
    </p>

    <p class='ocr_par' dir='ltr' id='par_1_10' title="bbox 69 3362 1080 3499">
     <span class='ocr_line' id='line_1_46' title="bbox 69 3362 1080 3432; baseline 0.002 -17"><span class='ocrx_word' id='word_1_282' title='bbox 69 3362 280 3430; x_wconf 77' lang='lat' dir='ltr'><strong>Appius</strong></span> <span class='ocrx_word' id='word_1_283' title='bbox 300 3363 624 3432; x_wconf 79' lang='lat' dir='ltr'><strong>(Claudius)</strong></span> <span class='ocrx_word' id='word_1_284' title='bbox 649 3368 832 3429; x_wconf 88' lang='lat' dir='ltr'><strong>minor,</strong></span> <span class='ocrx_word' id='word_1_285' title='bbox 860 3380 1080 3419; x_wconf 83' lang='lat' dir='ltr'><strong>comme·</strong></span> 
     </span>
     <span class='ocr_line' id='line_1_47' title="bbox 137 3435 824 3499; baseline 0.006 -16"><span class='ocrx_word' id='word_1_286' title='bbox 137 3444 364 3487; x_wconf 89' lang='lat' dir='ltr'><strong>moratur</strong></span> <span class='ocrx_word' id='word_1_287' title='bbox 400 3436 470 3487; x_wconf 86' lang='lat' dir='ltr'><strong>ad</strong></span> <span class='ocrx_word' id='word_1_288' title='bbox 489 3435 612 3486; x_wconf 84' lang='lat' dir='ltr'><strong>fam.</strong></span> <span class='ocrx_word' id='word_1_289' title='bbox 629 3435 681 3499; x_wconf 84' lang='lat'><strong>8,</strong></span> <span class='ocrx_word' id='word_1_290' title='bbox 701 3436 754 3499; x_wconf 79' lang='lat'><strong>8,</strong></span> <span class='ocrx_word' id='word_1_291' title='bbox 775 3438 824 3487; x_wconf 90' lang='lat'><strong>2.</strong></span> 
     </span>
    </p>
   </div>
   <div class='ocr_carea' id='block_1_10' title="bbox 1235 539 2184 743">
    <p class='ocr_par' dir='ltr' id='par_1_11' title="bbox 1235 539 2184 743">
     <span class='ocr_line' id='line_1_48' title="bbox 1236 539 2183 605; baseline 0.005 -17"><span class='ocrx_word' id='word_1_292' title='bbox 1236 539 1373 590; x_wconf 84' lang='lat' dir='ltr'><strong>filius</strong></span> <span class='ocrx_word' id='word_1_293' title='bbox 1404 541 1808 605; x_wconf 87' lang='lat' dir='ltr'><strong>Drepanitanus,</strong></span> <span class='ocrx_word' id='word_1_294' title='bbox 1840 542 1969 591; x_wconf 86' lang='lat' dir='ltr'><strong>civis</strong></span> <span class='ocrx_word' id='word_1_295' title='bbox 1995 542 2183 593; x_wconf 85' lang='lat' dir='ltr'><strong>Roma-</strong></span> 
     </span>
     <span class='ocr_line' id='line_1_49' title="bbox 1235 608 2184 673; baseline 0.003 -15"><span class='ocrx_word' id='word_1_296' title='bbox 1235 624 1333 658; x_wconf 85' lang='lat' dir='ltr'><strong>nus</strong></span> <span class='ocrx_word' id='word_1_297' title='bbox 1382 608 1577 669; x_wconf 84' lang='lat' dir='ltr'><strong>factus,</strong></span> <span class='ocrx_word' id='word_1_298' title='bbox 1615 625 1771 673; x_wconf 89' lang='lat' dir='ltr'><strong>quum</strong></span> <span class='ocrx_word' id='word_1_299' title='bbox 1818 621 1967 660; x_wconf 83' lang='lat' dir='ltr'><strong>antea</strong></span> <span class='ocrx_word' id='word_1_300' title='bbox 1999 611 2184 662; x_wconf 84' lang='lat' dir='ltr'><strong>fuisset</strong></span> 
     </span>
     <span class='ocr_line' id='line_1_50' title="bbox 1237 677 2181 743; baseline 0.003 -17"><span class='ocrx_word' id='word_1_301' title='bbox 1237 677 1573 742; x_wconf 85' lang='lat' dir='ltr'><strong>Apollonius,-</strong></span> <span class='ocrx_word' id='word_1_302' title='bbox 1599 680 1744 729; x_wconf 87' lang='lat' dir='ltr'><strong>Verr.</strong></span> <span class='ocrx_word' id='word_1_303' title='bbox 1768 687 1988 728; x_wconf 82' lang='lat' dir='ltr'><strong>accusat.</strong></span> <span class='ocrx_word' id='word_1_304' title='bbox 2019 682 2068 743; x_wconf 85' lang='lat'><strong>2,</strong></span> <span class='ocrx_word' id='word_1_305' title='bbox 2092 681 2181 733; x_wconf 85' lang='grc'><strong>57.</strong></span> 
     </span>
    </p>
   </div>
   <div class='ocr_carea' id='block_1_11' title="bbox 1236 745 1769 811">
    <p class='ocr_par' dir='ltr' id='par_1_12' title="bbox 1236 745 1769 811">
     <span class='ocr_line' id='line_1_51' title="bbox 1236 745 1769 811; baseline 0 -13"><span class='ocrx_word' id='word_1_306' title='bbox 1236 745 1356 799; x_wconf 84' lang='grc'><strong>140.</strong></span> <span class='ocrx_word' id='word_1_307' title='bbox 1396 749 1473 798; x_wconf 84' lang='lat' dir='ltr'><strong>lb.</strong></span> <span class='ocrx_word' id='word_1_308' title='bbox 1498 749 1551 808; x_wconf 88' lang='lat'><strong>4,</strong></span> <span class='ocrx_word' id='word_1_309' title='bbox 1575 747 1659 811; x_wconf 85' lang='lat'><strong>17,</strong></span> <span class='ocrx_word' id='word_1_310' title='bbox 1681 746 1769 798; x_wconf 84' lang='lat'><strong>37.</strong></span> 
     </span>
    </p>
   </div>
   <div class='ocr_carea' id='block_1_12' title="bbox 1165 812 2181 900">
    <p class='ocr_par' dir='ltr' id='par_1_13' title="bbox 1165 812 2181 900">
     <span class='ocr_line' id='line_1_52' title="bbox 1165 812 2181 900; baseline 0.001 -35"><span class='ocrx_word' id='word_1_311' title='bbox 1165 812 1228 865; x_wconf 81' lang='lat' dir='ltr'><strong>G.</strong></span> <span class='ocrx_word' id='word_1_312' title='bbox 1276 813 1547 866; x_wconf 79' lang='lat' dir='ltr'><strong>Claudius</strong></span> <span class='ocrx_word' id='word_1_313' title='bbox 1591 814 1796 880; x_wconf 82' lang='lat' dir='ltr'><strong>Cento,</strong></span> <span class='ocrx_word' id='word_1_314' title='bbox 1830 818 1990 900; x_wconf 75' lang='lat' dir='ltr'><strong>Appii</strong></span> <span class='ocrx_word' id='word_1_315' title='bbox 2036 817 2181 868; x_wconf 89' lang='lat' dir='ltr'><strong>Caeci</strong></span> 
     </span>
    </p>
   </div>
   <div class='ocr_carea' id='block_1_13' title="bbox 1227 883 2180 1223">
    <p class='ocr_par' dir='ltr' id='par_1_14' title="bbox 1227 883 2180 1223">
     <span class='ocr_line' id='line_1_53' title="bbox 1231 883 2180 952; baseline 0.003 -19"><span class='ocrx_word' id='word_1_316' title='bbox 1231 883 1397 947; x_wconf 86' lang='lat' dir='ltr'><strong>filius,</strong></span> <span class='ocrx_word' id='word_1_317' title='bbox 1422 885 1597 936; x_wconf 83' lang='lat' dir='ltr'><strong>consul</strong></span> <span class='ocrx_word' id='word_1_318' title='bbox 1629 901 1745 936; x_wconf 88' lang='lat' dir='ltr'><strong>cum</strong></span> <span class='ocrx_word' id='word_1_319' title='bbox 1774 885 1845 938; x_wconf 91' lang='lat' dir='ltr'><strong>M.</strong></span> <span class='ocrx_word' id='word_1_320' title='bbox 1880 887 2180 952; x_wconf 71' lang='lat' dir='ltr'><strong>bempronio</strong></span> 
     </span>
     <span class='ocr_line' id='line_1_54' title="bbox 1232 953 2178 1019; baseline 0.002 -15"><span class='ocrx_word' id='word_1_321' title='bbox 1232 953 1487 1004; x_wconf 83' lang='lat' dir='ltr'><strong>Tuditano</strong></span> <span class='ocrx_word' id='word_1_322' title='bbox 1510 969 1558 1003; x_wconf 89' lang='lat' dir='ltr'><strong>a.</strong></span> <span class='ocrx_word' id='word_1_323' title='bbox 1581 970 1631 1004; x_wconf 85' lang='lat' dir='ltr'><strong>u.</strong></span> <span class='ocrx_word' id='word_1_324' title='bbox 1654 971 1699 1005; x_wconf 89' lang='lat' dir='ltr'><strong>c.</strong></span> <span class='ocrx_word' id='word_1_325' title='bbox 1723 955 1867 1019; x_wconf 71' lang='lat'><strong>514„</strong></span> <span class='ocrx_word' id='word_1_326' title='bbox 1891 953 2093 1008; x_wconf 84' lang='lat' dir='ltr'><strong>Tuscul.</strong></span> <span class='ocrx_word' id='word_1_327' title='bbox 2127 957 2178 1018; x_wconf 88' lang='lat'><strong>1,</strong></span> 
     </span>
     <span class='ocr_line' id='line_1_55' title="bbox 1233 1021 2180 1089; baseline 0 -15"><span class='ocrx_word' id='word_1_328' title='bbox 1233 1023 1287 1089; x_wconf 87' lang='lat'><strong>1,</strong></span> <span class='ocrx_word' id='word_1_329' title='bbox 1309 1021 1359 1074; x_wconf 88' lang='grc'><strong>3.</strong></span> <span class='ocrx_word' id='word_1_330' title='bbox 1400 1024 1463 1074; x_wconf 90' lang='lat' dir='ltr'><strong>de</strong></span> <span class='ocrx_word' id='word_1_331' title='bbox 1490 1037 1597 1072; x_wconf 83' lang='lat' dir='ltr'><strong>sen.</strong></span> <span class='ocrx_word' id='word_1_332' title='bbox 1630 1025 1714 1086; x_wconf 88' lang='lat'><strong>14,</strong></span> <span class='ocrx_word' id='word_1_333' title='bbox 1736 1024 1823 1075; x_wconf 90' lang='grc'><strong>50.</strong></span> <span class='ocrx_word' id='word_1_334' title='bbox 1847 1051 1921 1064; x_wconf 83' lang='lat'><strong>—</strong></span> <span class='ocrx_word' id='word_1_335' title='bbox 1938 1021 2079 1074; x_wconf 85' lang='lat' dir='ltr'><strong>Salse</strong></span> <span class='ocrx_word' id='word_1_336' title='bbox 2098 1039 2180 1074; x_wconf 87' lang='lat' dir='ltr'><strong>re-</strong></span> 
     </span>
     <span class='ocr_line' id='line_1_56' title="bbox 1227 1091 2177 1157; baseline 0.002 -16"><span class='ocrx_word' id='word_1_337' title='bbox 1227 1091 1515 1157; x_wconf 84' lang='lat' dir='ltr'><strong>prehensus</strong></span> <span class='ocrx_word' id='word_1_338' title='bbox 1536 1108 1565 1141; x_wconf 85' lang='lat' dir='ltr'><strong>a</strong></span> <span class='ocrx_word' id='word_1_339' title='bbox 1599 1091 1666 1143; x_wconf 87' lang='grc' dir='ltr'><strong>Μ.</strong></span> <span class='ocrx_word' id='word_1_340' title='bbox 1704 1093 1877 1144; x_wconf 86' lang='lat' dir='ltr'><strong>Cincio</strong></span> <span class='ocrx_word' id='word_1_341' title='bbox 1898 1091 2177 1154; x_wconf 87' lang='lat' dir='ltr'><strong>Alimento,</strong></span> 
     </span>
     <span class='ocr_line' id='line_1_57' title="bbox 1235 1161 2174 1223; baseline 0.002 -12"><span class='ocrx_word' id='word_1_342' title='bbox 1235 1161 1299 1211; x_wconf 84' lang='lat' dir='ltr'><strong>de</strong></span> <span class='ocrx_word' id='word_1_343' title='bbox 1321 1169 1443 1212; x_wconf 86' lang='lat' dir='ltr'><strong>orat.</strong></span> <span class='ocrx_word' id='word_1_344' title='bbox 1468 1165 1519 1223; x_wconf 90' lang='lat'><strong>2,</strong></span> <span class='ocrx_word' id='word_1_345' title='bbox 1544 1161 1627 1221; x_wconf 86' lang='lat'><strong>71,</strong></span> <span class='ocrx_word' id='word_1_346' title='bbox 1651 1161 1769 1213; x_wconf 82' lang='lat'><strong>286.</strong></span> <span class='ocrx_word' id='word_1_347' title='bbox 1807 1161 1947 1215; x_wconf 79' lang='lat' dir='ltr'><strong>Brut.</strong></span> <span class='ocrx_word' id='word_1_348' title='bbox 1978 1162 2061 1223; x_wconf 88' lang='lat'><strong>18,</strong></span> <span class='ocrx_word' id='word_1_349' title='bbox 2088 1164 2174 1214; x_wconf 87' lang='lat'><strong>72.</strong></span> 
     </span>
    </p>
   </div>
   <div class='ocr_carea' id='block_1_14' title="bbox 1166 1228 2177 1295">
    <p class='ocr_par' dir='ltr' id='par_1_15' title="bbox 1166 1228 2177 1295">
     <span class='ocr_line' id='line_1_58' title="bbox 1166 1228 2177 1295; baseline 0.001 -14"><span class='ocrx_word' id='word_1_350' title='bbox 1166 1228 1228 1281; x_wconf 80' lang='lat' dir='ltr'><strong>G.</strong></span> <span class='ocrx_word' id='word_1_351' title='bbox 1252 1228 1525 1280; x_wconf 78' lang='lat' dir='ltr'><strong>Claudius</strong></span> <span class='ocrx_word' id='word_1_352' title='bbox 1551 1228 1826 1295; x_wconf 84' lang='lat' dir='ltr'><strong>Pulcher,</strong></span> <span class='ocrx_word' id='word_1_353' title='bbox 1861 1231 2037 1282; x_wconf 87' lang='lat' dir='ltr'><strong>consul</strong></span> <span class='ocrx_word' id='word_1_354' title='bbox 2059 1246 2177 1282; x_wconf 87' lang='lat' dir='ltr'><strong>curn</strong></span> 
     </span>
    </p>
   </div>
   <div class='ocr_carea' id='block_1_15' title="bbox 1229 1297 2177 1709">
    <p class='ocr_par' dir='ltr' id='par_1_16' title="bbox 1229 1297 2177 1709">
     <span class='ocr_line' id='line_1_59' title="bbox 1231 1297 2174 1363; baseline 0.003 -15"><span class='ocrx_word' id='word_1_355' title='bbox 1231 1299 1309 1348; x_wconf 87' lang='lat' dir='ltr'><strong>Ti.</strong></span> <span class='ocrx_word' id='word_1_356' title='bbox 1352 1297 1655 1363; x_wconf 85' lang='lat' dir='ltr'><strong>Sempronio</strong></span> <span class='ocrx_word' id='word_1_357' title='bbox 1702 1298 1927 1349; x_wconf 84' lang='lat' dir='ltr'><strong>Graccho</strong></span> <span class='ocrx_word' id='word_1_358' title='bbox 1964 1315 2010 1350; x_wconf 87' lang='lat' dir='ltr'><strong>a.</strong></span> <span class='ocrx_word' id='word_1_359' title='bbox 2040 1316 2093 1349; x_wconf 93' lang='lat' dir='ltr'><strong>u.</strong></span> <span class='ocrx_word' id='word_1_360' title='bbox 2130 1317 2174 1351; x_wconf 93' lang='lat' dir='ltr'><strong>c.</strong></span> 
     </span>
     <span class='ocr_line' id='line_1_60' title="bbox 1230 1367 2177 1429; baseline -0.001 -10"><span class='ocrx_word' id='word_1_361' title='bbox 1230 1367 1384 1429; x_wconf 87' lang='lat'><strong>577.,</strong></span> <span class='ocrx_word' id='word_1_362' title='bbox 1418 1384 1465 1417; x_wconf 90' lang='lat' dir='ltr'><strong>a.</strong></span> <span class='ocrx_word' id='word_1_363' title='bbox 1504 1383 1556 1418; x_wconf 90' lang='lat' dir='ltr'><strong>u.</strong></span> <span class='ocrx_word' id='word_1_364' title='bbox 1600 1384 1647 1417; x_wconf 90' lang='lat' dir='ltr'><strong>c.</strong></span> <span class='ocrx_word' id='word_1_365' title='bbox 1686 1367 1807 1420; x_wconf 87' lang='lat'><strong>585.</strong></span> <span class='ocrx_word' id='word_1_366' title='bbox 1848 1383 2026 1418; x_wconf 84' lang='lat' dir='ltr'><strong>censor</strong></span> <span class='ocrx_word' id='word_1_367' title='bbox 2061 1384 2177 1418; x_wconf 86' lang='lat' dir='ltr'><strong>cum</strong></span> 
     </span>
     <span class='ocr_line' id='line_1_61' title="bbox 1232 1435 2175 1501; baseline 0.002 -16"><span class='ocrx_word' id='word_1_368' title='bbox 1232 1436 1414 1486; x_wconf 86' lang='lat' dir='ltr'><strong>eodem</strong></span> <span class='ocrx_word' id='word_1_369' title='bbox 1433 1435 1513 1485; x_wconf 91' lang='lat' dir='ltr'><strong>Ti.</strong></span> <span class='ocrx_word' id='word_1_370' title='bbox 1528 1435 1829 1501; x_wconf 87' lang='lat' dir='ltr'><strong>Sempronio</strong></span> <span class='ocrx_word' id='word_1_371' title='bbox 1844 1436 2089 1488; x_wconf 85' lang='lat' dir='ltr'><strong>Graccho.</strong></span> <span class='ocrx_word' id='word_1_372' title='bbox 2106 1463 2175 1474; x_wconf 82' lang='lat'><strong>—</strong></span> 
     </span>
     <span class='ocr_line' id='line_1_62' title="bbox 1229 1502 2177 1568; baseline 0.001 -14"><span class='ocrx_word' id='word_1_373' title='bbox 1229 1505 1355 1554; x_wconf 88' lang='lat' dir='ltr'><strong>Eius</strong></span> <span class='ocrx_word' id='word_1_374' title='bbox 1382 1504 1629 1555; x_wconf 83' lang='lat' dir='ltr'><strong>iuvidiam</strong></span> <span class='ocrx_word' id='word_1_375' title='bbox 1652 1505 1732 1554; x_wconf 89' lang='lat' dir='ltr'><strong>Ti.</strong></span> <span class='ocrx_word' id='word_1_376' title='bbox 1764 1502 1979 1556; x_wconf 83' lang='lat' dir='ltr'><strong>Gracchi</strong></span> <span class='ocrx_word' id='word_1_377' title='bbox 1998 1504 2177 1568; x_wconf 88' lang='lat' dir='ltr'><strong>(colle-</strong></span> 
     </span>
     <span class='ocr_line' id='line_1_63' title="bbox 1229 1571 2177 1640; baseline 0.002 -17"><span class='ocrx_word' id='word_1_378' title='bbox 1229 1589 1328 1640; x_wconf 81' lang='lat' dir='ltr'><strong>gae</strong></span> <span class='ocrx_word' id='word_1_379' title='bbox 1360 1575 1413 1622; x_wconf 89' lang='lat' dir='ltr'><strong>in</strong></span> <span class='ocrx_word' id='word_1_380' title='bbox 1434 1571 1672 1638; x_wconf 85' lang='lat' dir='ltr'><strong>censura)</strong></span> <span class='ocrx_word' id='word_1_381' title='bbox 1688 1574 1875 1624; x_wconf 83' lang='lat' dir='ltr'><strong>caritas</strong></span> <span class='ocrx_word' id='word_1_382' title='bbox 1906 1576 2177 1639; x_wconf 87' lang='lat' dir='ltr'><strong>deprecata</strong></span> 
     </span>
     <span class='ocr_line' id='line_1_64' title="bbox 1231 1642 1799 1709; baseline -0.002 -17"><span class='ocrx_word' id='word_1_383' title='bbox 1231 1651 1335 1704; x_wconf 89' lang='lat' dir='ltr'><strong>est,</strong></span> <span class='ocrx_word' id='word_1_384' title='bbox 1359 1643 1421 1692; x_wconf 90' lang='lat' dir='ltr'><strong>de</strong></span> <span class='ocrx_word' id='word_1_385' title='bbox 1448 1657 1488 1692; x_wconf 91' lang='lat' dir='ltr'><strong>r.</strong></span> <span class='ocrx_word' id='word_1_386' title='bbox 1515 1658 1566 1709; x_wconf 89' lang='lat' dir='ltr'><strong>p.</strong></span> <span class='ocrx_word' id='word_1_387' title='bbox 1592 1642 1643 1705; x_wconf 88' lang='lat'><strong>6,</strong></span> <span class='ocrx_word' id='word_1_388' title='bbox 1673 1645 1723 1704; x_wconf 87' lang='lat'><strong>2,</strong></span> <span class='ocrx_word' id='word_1_389' title='bbox 1746 1644 1799 1694; x_wconf 90' lang='lat'><strong>2.</strong></span> 
     </span>
    </p>
   </div>
   <div class='ocr_carea' id='block_1_16' title="bbox 1163 1706 2171 1780">
    <p class='ocr_par' dir='ltr' id='par_1_17' title="bbox 1163 1706 2171 1780">
     <span class='ocr_line' id='line_1_65' title="bbox 1163 1706 2171 1780; baseline 0.001 -18"><span class='ocrx_word' id='word_1_390' title='bbox 1163 1709 1224 1762; x_wconf 85' lang='lat' dir='ltr'><strong>C.</strong></span> <span class='ocrx_word' id='word_1_391' title='bbox 1285 1709 1556 1762; x_wconf 80' lang='lat' dir='ltr'><strong>Claudius</strong></span> <span class='ocrx_word' id='word_1_392' title='bbox 1607 1706 1911 1778; x_wconf 72' lang='lat' dir='ltr'><strong>(Clodius)</strong></span> <span class='ocrx_word' id='word_1_393' title='bbox 1959 1711 2061 1780; x_wconf 83' lang='lat' dir='ltr'><strong>Ap.</strong></span> <span class='ocrx_word' id='word_1_394' title='bbox 2105 1711 2171 1763; x_wconf 75' lang='lat' dir='ltr'><strong>F.</strong></span> 
     </span>
    </p>
   </div>
   <div class='ocr_carea' id='block_1_17' title="bbox 1218 1778 2175 3087">
    <p class='ocr_par' dir='ltr' id='par_1_18' title="bbox 1218 1778 2175 3087">
     <span class='ocr_line' id='line_1_66' title="bbox 1227 1778 2174 1845; baseline 0.001 -15"><span class='ocrx_word' id='word_1_395' title='bbox 1227 1778 1491 1833; x_wconf 85' lang='lat' dir='ltr'><strong>Pulcher.</strong></span> <span class='ocrx_word' id='word_1_396' title='bbox 1516 1807 1582 1816; x_wconf 91' lang='lat'><strong>——</strong></span> <span class='ocrx_word' id='word_1_397' title='bbox 1613 1779 1668 1831; x_wconf 90' lang='lat' dir='ltr'><strong>C.</strong></span> <span class='ocrx_word' id='word_1_398' title='bbox 1708 1778 1976 1843; x_wconf 84' lang='lat' dir='ltr'><strong>Claudius,</strong></span> <span class='ocrx_word' id='word_1_399' title='bbox 2016 1798 2174 1845; x_wconf 86' lang='lat' dir='ltr'><strong>quum</strong></span> 
     </span>
     <span class='ocr_line' id='line_1_67' title="bbox 1229 1848 2171 1904; baseline 0.002 -6"><span class='ocrx_word' id='word_1_400' title='bbox 1229 1848 1594 1900; x_wconf 84' lang='lat' dir='ltr'><strong>interficeretur</strong></span> <span class='ocrx_word' id='word_1_401' title='bbox 1620 1849 1924 1900; x_wconf 85' lang='lat' dir='ltr'><strong>Saturninus</strong></span> <span class='ocrx_word' id='word_1_402' title='bbox 1956 1866 2003 1904; x_wconf 89' lang='lat' dir='ltr'><strong>a.</strong></span> <span class='ocrx_word' id='word_1_403' title='bbox 2038 1857 2091 1902; x_wconf 81' lang='grc' dir='ltr'><strong>ιι.</strong></span> <span class='ocrx_word' id='word_1_404' title='bbox 2125 1867 2171 1900; x_wconf 90' lang='lat' dir='ltr'><strong>c.</strong></span> 
     </span>
     <span class='ocr_line' id='line_1_68' title="bbox 1229 1918 2175 1984; baseline 0.002 -15"><span class='ocrx_word' id='word_1_405' title='bbox 1229 1918 1351 1970; x_wconf 89' lang='grc'><strong>654.</strong></span> <span class='ocrx_word' id='word_1_406' title='bbox 1368 1956 1384 1982; x_wconf 91' lang='grc'><strong>,</strong></span> <span class='ocrx_word' id='word_1_407' title='bbox 1422 1919 1515 1984; x_wconf 87' lang='lat' dir='ltr'><strong>pr&#39;o</strong></span> <span class='ocrx_word' id='word_1_408' title='bbox 1547 1919 1711 1970; x_wconf 85' lang='lat' dir='ltr'><strong>salute</strong></span> <span class='ocrx_word' id='word_1_409' title='bbox 1742 1921 2013 1970; x_wconf 89' lang='lat' dir='ltr'><strong>communi·</strong></span> <span class='ocrx_word' id='word_1_410' title='bbox 2036 1935 2175 1971; x_wconf 86' lang='lat' dir='ltr'><strong>arma</strong></span> 
     </span>
     <span class='ocr_line' id='line_1_69' title="bbox 1229 1988 2171 2054; baseline 0.006 -17"><span class='ocrx_word' id='word_1_411' title='bbox 1229 1990 1391 2054; x_wconf 87' lang='lat' dir='ltr'><strong>cepit,</strong></span> <span class='ocrx_word' id='word_1_412' title='bbox 1416 2002 1510 2052; x_wconf 87' lang='lat' dir='ltr'><strong>pro</strong></span> <span class='ocrx_word' id='word_1_413' title='bbox 1532 1990 1587 2042; x_wconf 82' lang='lat' dir='ltr'><strong>C.</strong></span> <span class='ocrx_word' id='word_1_414' title='bbox 1610 1988 1819 2039; x_wconf 86' lang='lat' dir='ltr'><strong>Rabirio</strong></span> <span class='ocrx_word' id='word_1_415' title='bbox 1838 1990 1986 2054; x_wconf 87' lang='lat' dir='ltr'><strong>perd.</strong></span> <span class='ocrx_word' id='word_1_416' title='bbox 2010 1989 2060 2052; x_wconf 90' lang='grc'><strong>7,</strong></span> <span class='ocrx_word' id='word_1_417' title='bbox 2084 1989 2171 2043; x_wconf 89' lang='grc'><strong>21.</strong></span> 
     </span>
     <span class='ocr_line' id='line_1_70' title="bbox 1227 2057 2174 2123; baseline 0.001 -17"><span class='ocrx_word' id='word_1_418' title='bbox 1227 2058 1601 2119; x_wconf 86' lang='lat' dir='ltr'><strong>—Aliqnando</strong></span> <span class='ocrx_word' id='word_1_419' title='bbox 1618 2057 1893 2107; x_wconf 85' lang='lat' dir='ltr'><strong>aedilitatis</strong></span> <span class='ocrx_word' id='word_1_420' title='bbox 1914 2058 2174 2123; x_wconf 84' lang='lat' dir='ltr'><strong>repulsam</strong></span> 
     </span>
     <span class='ocr_line' id='line_1_71' title="bbox 1226 2126 2173 2193; baseline 0.001 -17"><span class='ocrx_word' id='word_1_421' title='bbox 1226 2126 1371 2191; x_wconf 88' lang='lat' dir='ltr'><strong>tulit,</strong></span> <span class='ocrx_word' id='word_1_422' title='bbox 1424 2133 1605 2191; x_wconf 88' lang='lat' dir='ltr'><strong>postea</strong></span> <span class='ocrx_word' id='word_1_423' title='bbox 1649 2142 1766 2177; x_wconf 88' lang='lat' dir='ltr'><strong>eum</strong></span> <span class='ocrx_word' id='word_1_424' title='bbox 1814 2128 2173 2193; x_wconf 84' lang='lat' dir='ltr'><strong>magistratum</strong></span> 
     </span>
     <span class='ocr_line' id='line_1_72' title="bbox 1229 2195 2168 2261; baseline -0.001 -16"><span class='ocrx_word' id='word_1_425' title='bbox 1229 2196 1447 2261; x_wconf 85' lang='lat' dir='ltr'><strong>adeptus</strong></span> <span class='ocrx_word' id='word_1_426' title='bbox 1479 2202 1582 2256; x_wconf 84' lang='lat' dir='ltr'><strong>est,</strong></span> <span class='ocrx_word' id='word_1_427' title='bbox 1620 2210 1717 2260; x_wconf 90' lang='lat' dir='ltr'><strong>pro</strong></span> <span class='ocrx_word' id='word_1_428' title='bbox 1746 2195 1919 2246; x_wconf 86' lang='lat' dir='ltr'><strong>Plane.</strong></span> <span class='ocrx_word' id='word_1_429' title='bbox 1954 2198 2049 2258; x_wconf 88' lang='grc'><strong>21,</strong></span> <span class='ocrx_word' id='word_1_430' title='bbox 2082 2196 2168 2249; x_wconf 87' lang='grc'><strong>51.</strong></span> 
     </span>
     <span class='ocr_line' id='line_1_73' title="bbox 1227 2264 2165 2316; baseline 0 -3"><span class='ocrx_word' id='word_1_431' title='bbox 1227 2290 1296 2301; x_wconf 91' lang='lat'><strong>—-</strong></span> <span class='ocrx_word' id='word_1_432' title='bbox 1324 2264 1448 2313; x_wconf 89' lang='lat' dir='ltr'><strong>Eius</strong></span> <span class='ocrx_word' id='word_1_433' title='bbox 1486 2264 1721 2315; x_wconf 84' lang='lat' dir='ltr'><strong>aedilitas</strong></span> <span class='ocrx_word' id='word_1_434' title='bbox 1757 2267 2083 2316; x_wconf 83' lang='lat' dir='ltr'><strong>ornatissima</strong></span> <span class='ocrx_word' id='word_1_435' title='bbox 2117 2280 2165 2313; x_wconf 85' lang='lat' dir='ltr'><strong>a.</strong></span> 
     </span>
     <span class='ocr_line' id='line_1_74' title="bbox 1227 2332 2166 2396; baseline -0.001 -14"><span class='ocrx_word' id='word_1_436' title='bbox 1227 2348 1282 2382; x_wconf 91' lang='lat' dir='ltr'><strong>u.</strong></span> <span class='ocrx_word' id='word_1_437' title='bbox 1304 2348 1347 2384; x_wconf 93' lang='lat' dir='ltr'><strong>c.</strong></span> <span class='ocrx_word' id='word_1_438' title='bbox 1371 2332 1493 2385; x_wconf 88' lang='grc'><strong>655.</strong></span> <span class='ocrx_word' id='word_1_439' title='bbox 1515 2370 1527 2390; x_wconf 93' lang='grc'><strong>,</strong></span> <span class='ocrx_word' id='word_1_440' title='bbox 1547 2335 1695 2383; x_wconf 87' lang='lat' dir='ltr'><strong>Verr.</strong></span> <span class='ocrx_word' id='word_1_441' title='bbox 1718 2342 1945 2385; x_wconf 76' lang='lat' dir='ltr'><strong>accusat.</strong></span> <span class='ocrx_word' id='word_1_442' title='bbox 1960 2337 2014 2393; x_wconf 87' lang='lat'><strong>4,</strong></span> <span class='ocrx_word' id='word_1_443' title='bbox 2040 2334 2091 2396; x_wconf 88' lang='grc'><strong>3,</strong></span> <span class='ocrx_word' id='word_1_444' title='bbox 2115 2332 2166 2384; x_wconf 90' lang='grc'><strong>6.</strong></span> 
     </span>
     <span class='ocr_line' id='line_1_75' title="bbox 1225 2399 2169 2478; baseline -0.003 -27"><span class='ocrx_word' id='word_1_445' title='bbox 1225 2403 1279 2465; x_wconf 87' lang='grc'><strong>4,</strong></span> <span class='ocrx_word' id='word_1_446' title='bbox 1304 2399 1389 2459; x_wconf 87' lang='grc'><strong>59,</strong></span> <span class='ocrx_word' id='word_1_447' title='bbox 1420 2400 1539 2452; x_wconf 89' lang='grc'><strong>133.</strong></span> <span class='ocrx_word' id='word_1_448' title='bbox 1580 2402 1644 2450; x_wconf 88' lang='lat' dir='ltr'><strong>de</strong></span> <span class='ocrx_word' id='word_1_449' title='bbox 1666 2400 1752 2452; x_wconf 84' lang='lat' dir='ltr'><strong>off.</strong></span> <span class='ocrx_word' id='word_1_450' title='bbox 1784 2405 1843 2466; x_wconf 79' lang='lat'><strong>2,</strong></span> <span class='ocrx_word' id='word_1_451' title='bbox 1884 2401 1966 2463; x_wconf 80' lang='lat'><strong>16,</strong></span> <span class='ocrx_word' id='word_1_452' title='bbox 1988 2402 2075 2478; x_wconf 58' lang='grc'><strong>57.</strong></span> <span class='ocrx_word' id='word_1_453' title='bbox 2097 2428 2169 2440; x_wconf 92' lang='lat'><strong>--</strong></span> 
     </span>
     <span class='ocr_line' id='line_1_76' title="bbox 1226 2471 2163 2534; baseline -0.001 -14"><span class='ocrx_word' id='word_1_454' title='bbox 1226 2471 1511 2520; x_wconf 87' lang='lat' dir='ltr'><strong>Mamertini</strong></span> <span class='ocrx_word' id='word_1_455' title='bbox 1530 2484 1670 2534; x_wconf 88' lang='lat' dir='ltr'><strong>popu</strong></span> <span class='ocrx_word' id='word_1_456' title='bbox 1693 2477 1963 2533; x_wconf 75' lang='lat' dir='ltr'><strong>lpatronus</strong></span> <span class='ocrx_word' id='word_1_457' title='bbox 1979 2506 1993 2529; x_wconf 89' lang='lat'><strong>,</strong></span> <span class='ocrx_word' id='word_1_458' title='bbox 2066 2484 2163 2519; x_wconf 75' lang='lat' dir='ltr'><strong>err·</strong></span> 
     </span>
     <span class='ocr_line' id='line_1_77' title="bbox 1227 2536 2165 2604; baseline -0.003 -14"><span class='ocrx_word' id='word_1_459' title='bbox 1227 2546 1449 2589; x_wconf 86' lang='lat' dir='ltr'><strong>accusat.</strong></span> <span class='ocrx_word' id='word_1_460' title='bbox 1480 2541 1533 2604; x_wconf 83' lang='lat'><strong>4,</strong></span> <span class='ocrx_word' id='word_1_461' title='bbox 1556 2538 1605 2599; x_wconf 88' lang='grc'><strong>3,</strong></span> <span class='ocrx_word' id='word_1_462' title='bbox 1633 2536 1682 2587; x_wconf 88' lang='grc'><strong>6.</strong></span> <span class='ocrx_word' id='word_1_463' title='bbox 1708 2564 1777 2573; x_wconf 87' lang='lat'><strong>——-</strong></span> <span class='ocrx_word' id='word_1_464' title='bbox 1796 2538 2008 2587; x_wconf 81' lang='lat' dir='ltr'><strong>Praetor</strong></span> <span class='ocrx_word' id='word_1_465' title='bbox 2038 2552 2084 2587; x_wconf 85' lang='lat' dir='ltr'><strong>a.</strong></span> <span class='ocrx_word' id='word_1_466' title='bbox 2107 2553 2165 2592; x_wconf 86' lang='lat' dir='ltr'><strong>u.</strong></span> 
     </span>
     <span class='ocr_line' id='line_1_78' title="bbox 1227 2606 2168 2671; baseline -0.001 -13"><span class='ocrx_word' id='word_1_467' title='bbox 1227 2624 1271 2658; x_wconf 92' lang='lat' dir='ltr'><strong>c.</strong></span> <span class='ocrx_word' id='word_1_468' title='bbox 1294 2606 1446 2668; x_wconf 63' lang='lat'><strong>659„</strong></span> <span class='ocrx_word' id='word_1_469' title='bbox 1480 2624 1577 2671; x_wconf 89' lang='lat' dir='ltr'><strong>quo</strong></span> <span class='ocrx_word' id='word_1_470' title='bbox 1607 2620 1736 2656; x_wconf 86' lang='lat' dir='ltr'><strong>anno</strong></span> <span class='ocrx_word' id='word_1_471' title='bbox 1769 2608 1993 2658; x_wconf 86' lang='lat' dir='ltr'><strong>decrevit</strong></span> <span class='ocrx_word' id='word_1_472' title='bbox 2018 2621 2168 2657; x_wconf 86' lang='lat' dir='ltr'><strong>sena-</strong></span> 
     </span>
     <span class='ocr_line' id='line_1_79' title="bbox 1224 2675 2167 2739; baseline -0.001 -12"><span class='ocrx_word' id='word_1_473' title='bbox 1224 2684 1335 2739; x_wconf 75' lang='lat' dir='ltr'><strong>tuS,</strong></span> <span class='ocrx_word' id='word_1_474' title='bbox 1384 2682 1439 2725; x_wconf 86' lang='lat' dir='ltr'><strong>ut</strong></span> <span class='ocrx_word' id='word_1_475' title='bbox 1478 2677 1523 2727; x_wconf 86' lang='lat' dir='ltr'><strong>is</strong></span> <span class='ocrx_word' id='word_1_476' title='bbox 1558 2675 1844 2726; x_wconf 86' lang='lat' dir='ltr'><strong>Halaesinis</strong></span> <span class='ocrx_word' id='word_1_477' title='bbox 1884 2678 1947 2727; x_wconf 88' lang='lat' dir='ltr'><strong>de</strong></span> <span class='ocrx_word' id='word_1_478' title='bbox 1986 2684 2167 2727; x_wconf 86' lang='lat' dir='ltr'><strong>senatu</strong></span> 
     </span>
     <span class='ocr_line' id='line_1_80' title="bbox 1227 2745 2165 2811; baseline -0.004 -15"><span class='ocrx_word' id='word_1_479' title='bbox 1227 2746 1513 2810; x_wconf 82' lang='lat' dir='ltr'><strong>cooptando</strong></span> <span class='ocrx_word' id='word_1_480' title='bbox 1594 2745 1737 2811; x_wconf 80' lang='lat' dir='ltr'><strong>leges</strong></span> <span class='ocrx_word' id='word_1_481' title='bbox 1808 2748 2165 2808; x_wconf 70' lang='lat' dir='ltr'><strong>conscriberet,</strong></span> 
     </span>
     <span class='ocr_line' id='line_1_81' title="bbox 1222 2814 2166 2881; baseline -0.002 -15"><span class='ocrx_word' id='word_1_482' title='bbox 1222 2816 1370 2866; x_wconf 89' lang='lat' dir='ltr'><strong>Verr.</strong></span> <span class='ocrx_word' id='word_1_483' title='bbox 1397 2822 1617 2866; x_wconf 87' lang='lat' dir='ltr'><strong>accusat.</strong></span> <span class='ocrx_word' id='word_1_484' title='bbox 1638 2817 1690 2874; x_wconf 91' lang='lat'><strong>2,</strong></span> <span class='ocrx_word' id='word_1_485' title='bbox 1711 2814 1797 2881; x_wconf 87' lang='lat'><strong>49,</strong></span> <span class='ocrx_word' id='word_1_486' title='bbox 1822 2815 2020 2867; x_wconf 89' lang='grc'><strong>122.-</strong></span> <span class='ocrx_word' id='word_1_487' title='bbox 2034 2816 2166 2867; x_wconf 83' lang='grc' dir='ltr'><strong>Οοιι-</strong></span> 
     </span>
     <span class='ocr_line' id='line_1_82' title="bbox 1220 2882 2163 2939; baseline 0.001 -7"><span class='ocrx_word' id='word_1_488' title='bbox 1220 2883 1300 2933; x_wconf 87' lang='lat' dir='ltr'><strong>sul</strong></span> <span class='ocrx_word' id='word_1_489' title='bbox 1334 2899 1381 2933; x_wconf 86' lang='lat' dir='ltr'><strong>a.</strong></span> <span class='ocrx_word' id='word_1_490' title='bbox 1418 2900 1467 2935; x_wconf 90' lang='lat' dir='ltr'><strong>u.</strong></span> <span class='ocrx_word' id='word_1_491' title='bbox 1510 2902 1553 2939; x_wconf 92' lang='lat' dir='ltr'><strong>c.</strong></span> <span class='ocrx_word' id='word_1_492' title='bbox 1597 2883 1717 2935; x_wconf 83' lang='lat'><strong>662.</strong></span> <span class='ocrx_word' id='word_1_493' title='bbox 1750 2886 1939 2935; x_wconf 83' lang='lat' dir='ltr'><strong>rettulit</strong></span> <span class='ocrx_word' id='word_1_494' title='bbox 1979 2886 2044 2935; x_wconf 88' lang='lat' dir='ltr'><strong>de</strong></span> <span class='ocrx_word' id='word_1_495' title='bbox 2073 2882 2163 2933; x_wconf 88' lang='lat' dir='ltr'><strong>Cn.</strong></span> 
     </span>
     <span class='ocr_line' id='line_1_83' title="bbox 1224 2952 2162 3019; baseline 0.002 -18"><span class='ocrx_word' id='word_1_496' title='bbox 1224 2952 1471 3004; x_wconf 85' lang='lat' dir='ltr'><strong>Carbonis</strong></span> <span class='ocrx_word' id='word_1_497' title='bbox 1488 2954 1737 3003; x_wconf 85' lang='lat' dir='ltr'><strong>seditione</strong></span> <span class='ocrx_word' id='word_1_498' title='bbox 1751 2991 1765 3014; x_wconf 86' lang='lat'><strong>,</strong></span> <span class='ocrx_word' id='word_1_499' title='bbox 1788 2955 1851 3004; x_wconf 91' lang='lat' dir='ltr'><strong>de</strong></span> <span class='ocrx_word' id='word_1_500' title='bbox 1873 2954 1975 3019; x_wconf 82' lang='lat' dir='ltr'><strong>leg.</strong></span> <span class='ocrx_word' id='word_1_501' title='bbox 1998 2952 2049 3013; x_wconf 85' lang='lat'><strong>3,</strong></span> <span class='ocrx_word' id='word_1_502' title='bbox 2078 2952 2162 3015; x_wconf 90' lang='grc'><strong>19,</strong></span> 
     </span>
     <span class='ocr_line' id='line_1_84' title="bbox 1218 3020 2163 3087; baseline -0.003 -15"><span class='ocrx_word' id='word_1_503' title='bbox 1218 3024 1307 3072; x_wconf 89' lang='grc'><strong>42.</strong></span> <span class='ocrx_word' id='word_1_504' title='bbox 1347 3021 1410 3073; x_wconf 87' lang='lat' dir='ltr'><strong>de</strong></span> <span class='ocrx_word' id='word_1_505' title='bbox 1440 3023 1653 3087; x_wconf 85' lang='lat' dir='ltr'><strong>harusp.</strong></span> <span class='ocrx_word' id='word_1_506' title='bbox 1679 3037 1817 3087; x_wconf 84' lang='lat' dir='ltr'><strong>resp.</strong></span> <span class='ocrx_word' id='word_1_507' title='bbox 1855 3022 1947 3081; x_wconf 92' lang='lat'><strong>12,</strong></span> <span class='ocrx_word' id='word_1_508' title='bbox 1980 3020 2064 3071; x_wconf 90' lang='lat'><strong>26.</strong></span> <span class='ocrx_word' id='word_1_509' title='bbox 2092 3046 2163 3057; x_wconf 92' lang='lat'>—</span> 
     </span>
    </p>
   </div>
   <div class='ocr_carea' id='block_1_18' title="bbox 1217 3090 2160 3222">
    <p class='ocr_par' dir='ltr' id='par_1_19' title="bbox 1217 3090 2160 3222">
     <span class='ocr_line' id='line_1_85' title="bbox 1217 3090 2160 3155; baseline 0 -16"><span class='ocrx_word' id='word_1_510' title='bbox 1217 3090 1547 3155; x_wconf 84' lang='lat' dir='ltr'><strong>Eloquentia-e</strong></span> <span class='ocrx_word' id='word_1_511' title='bbox 1629 3091 1737 3141; x_wconf 88' lang='lat' dir='ltr'><strong>eius</strong></span> <span class='ocrx_word' id='word_1_512' title='bbox 1819 3090 2160 3155; x_wconf 75' lang='lat' dir='ltr'><strong>mediocritaS,</strong></span> 
     </span>
     <span class='ocr_line' id='line_1_86' title="bbox 1218 3159 1655 3222; baseline 0.007 -15"><span class='ocrx_word' id='word_1_513' title='bbox 1218 3159 1356 3214; x_wconf 82' lang='lat' dir='ltr'><strong>Brut.</strong></span> <span class='ocrx_word' id='word_1_514' title='bbox 1399 3162 1495 3222; x_wconf 87' lang='grc'><strong>45,</strong></span> <span class='ocrx_word' id='word_1_515' title='bbox 1539 3160 1655 3211; x_wconf 87' lang='grc'><strong>166.</strong></span> 
     </span>
    </p>
   </div>
   <div class='ocr_carea' id='block_1_19' title="bbox 1152 3226 2162 3293">
    <p class='ocr_par' dir='ltr' id='par_1_20' title="bbox 1152 3226 2162 3293">
     <span class='ocr_line' id='line_1_87' title="bbox 1152 3226 2162 3293; baseline -0.002 -15"><span class='ocrx_word' id='word_1_516' title='bbox 1152 3226 1214 3278; x_wconf 82' lang='lat' dir='ltr'><strong>G.</strong></span> <span class='ocrx_word' id='word_1_517' title='bbox 1242 3228 1511 3281; x_wconf 77' lang='lat' dir='ltr'><strong>Claudius</strong></span> <span class='ocrx_word' id='word_1_518' title='bbox 1531 3226 1778 3280; x_wconf 85' lang='lat' dir='ltr'><strong>Pulcher</strong></span> <span class='ocrx_word' id='word_1_519' title='bbox 1794 3265 1810 3293; x_wconf 88' lang='lat'><strong>,</strong></span> <span class='ocrx_word' id='word_1_520' title='bbox 1832 3228 1985 3277; x_wconf 79' lang='lat' dir='ltr'><strong>frater</strong></span> <span class='ocrx_word' id='word_1_521' title='bbox 2004 3228 2162 3292; x_wconf 83' lang='lat' dir='ltr'><strong>Appii</strong></span> 
     </span>
    </p>
   </div>
   <div class='ocr_carea' id='block_1_20' title="bbox 1218 3296 2161 3432">
    <p class='ocr_par' dir='ltr' id='par_1_21' title="bbox 1218 3296 2161 3432">
     <span class='ocr_line' id='line_1_88' title="bbox 1220 3296 2161 3355; baseline -0.003 -7"><span class='ocrx_word' id='word_1_522' title='bbox 1220 3297 1422 3350; x_wconf 81' lang='lat' dir='ltr'><strong>Claudii</strong></span> <span class='ocrx_word' id='word_1_523' title='bbox 1441 3306 1488 3349; x_wconf 88' lang='lat' dir='ltr'><strong>et</strong></span> <span class='ocrx_word' id='word_1_524' title='bbox 1505 3297 1561 3348; x_wconf 90' lang='lat' dir='ltr'><strong>P.</strong></span> <span class='ocrx_word' id='word_1_525' title='bbox 1585 3296 1765 3348; x_wconf 86' lang='lat' dir='ltr'><strong>Clodii.</strong></span> <span class='ocrx_word' id='word_1_526' title='bbox 1783 3324 1849 3334; x_wconf 91' lang='lat'>—</span> <span class='ocrx_word' id='word_1_527' title='bbox 1864 3298 1987 3346; x_wconf 88' lang='lat' dir='ltr'><strong>Eius</strong></span> <span class='ocrx_word' id='word_1_528' title='bbox 2007 3296 2161 3355; x_wconf 84' lang='lat' dir='ltr'><strong>filius,</strong></span> 
     </span>
     <span class='ocr_line' id='line_1_89' title="bbox 1218 3364 2160 3432; baseline -0.004 -15"><span class='ocrx_word' id='word_1_529' title='bbox 1218 3368 1421 3432; x_wconf 83' lang='lat' dir='ltr'><strong>Appius</strong></span> <span class='ocrx_word' id='word_1_530' title='bbox 1470 3366 1713 3417; x_wconf 85' lang='lat' dir='ltr'><strong>Claudius</strong></span> <span class='ocrx_word' id='word_1_531' title='bbox 1762 3364 1824 3423; x_wconf 87' lang='lat' dir='ltr'><strong>Q.</strong></span> <span class='ocrx_word' id='word_1_532' title='bbox 1865 3365 2160 3415; x_wconf 86' lang='lat' dir='ltr'><strong>Ciceronem</strong></span> 
     </span>
    </p>
   </div>
   <div class='ocr_carea' id='block_1_21' title="bbox 1219 3434 2153 3552">
    <p class='ocr_par' dir='ltr' id='par_1_22' title="bbox 1219 3434 2153 3552">
     <span class='ocr_line' id='line_1_90' title="bbox 1219 3434 2153 3552; baseline -0.003 -67"><span class='ocrx_word' id='word_1_533' title='bbox 1219 3443 1548 3487; x_wconf 87' lang='lat' dir='ltr'><strong>accusaturus</strong></span> <span class='ocrx_word' id='word_1_534' title='bbox 1580 3434 1997 3552; x_wconf 60' lang='lat' dir='ltr'><strong>foresspntabatur</strong></span> <span class='ocrx_word' id='word_1_535' title='bbox 2022 3446 2070 3481; x_wconf 90' lang='lat' dir='ltr'><strong>a.</strong></span> <span class='ocrx_word' id='word_1_536' title='bbox 2102 3446 2153 3482; x_wconf 91' lang='lat' dir='ltr'><strong>u.</strong></span> 
     </span>
    </p>
   </div>
  </div>
 </body>
</html>
