2500 3850
813 206 962 254 sex.
1003 206 1224 255 sronA
1245 227 1331 241 -
1356 208 1646 256 STRATO.
2151 174 2278 261 377x

249 364 337 418 68.
361 389 428 412 .·-
455 362 613 413 Stoici
634 362 762 411 duas
783 363 1058 412 contrarias
1078 378 1193 412 sen-

249 434 436 484 tentias
470 431 698 481 obtinere
722 429 931 492 volunt,
979 439 1026 481 et
1057 432 1194 494 quod

248 504 519 552 honestum
565 500 661 560 sit,
713 495 880 549 solnm
917 500 970 549 id
1005 500 1192 549 bonum

251 587 365 623 esse
397 571 590 628 dicunt,
623 582 778 630 quum
807 576 975 620 tamen
994 570 1193 635 appeti-

250 642 440 689 tionem
485 652 652 688 rerum
691 637 758 686 ad
791 640 1063 688 vivendum
1105 653 1192 687 ac-

251 708 682 759 commodatarum
726 720 756 753 a
799 714 976 756 natura
1022 706 1192 773 profe-

249 785 380 827 ctam
401 778 590 834 dicant,
628 774 692 824 de
708 773 792 827 fin.
814 778 868 837 4,
897 774 982 839 28,
1015 775 1101 826 79.
1121 802 1193 813 --

250 845 408 896 Stoici
440 844 565 894 mihi
595 844 647 891 in
665 842 762 891 hoc
780 844 937 893 iocari
956 844 1192 895 videntur

247 915 522 973 interdum,
559 926 712 974 quum
734 912 805 961 ita
825 914 1016 968 dicunt,
1049 914 1095 963 si
1125 913 1192 963 ad

247 982 386 1033 illam
407 984 582 1040 vitam,
611 996 739 1043 quae
759 996 874 1030 cum
895 983 1079 1031 virtute
1101 982 1191 1032 de-

248 1061 416 1117 gatur,
445 1048 674 1115 ampulla
703 1057 789 1099 aut
815 1050 1026 1117 strigilis
1045 1064 1190 1101 acce-

250 1121 366 1181 dat,
406 1128 724 1185 sumpturum
760 1120 1038 1184 sapientem
1075 1134 1188 1170 eam

248 1190 404 1239 vitam
451 1190 649 1253 potius,
701 1188 781 1235 eui
824 1188 950 1238 haec
991 1188 1190 1238 adiecta

249 1260 367 1318 sint,
395 1274 489 1307 nee
510 1258 782 1308 beatiorem
803 1264 972 1307 tamen
993 1257 1056 1308 ob
1077 1273 1188 1307 eam

249 1342 455 1377 causam
474 1326 602 1386 fore,
625 1325 700 1374 Ib.
715 1326 764 1383 4,
781 1326 863 1387 12,
876 1325 962 1380 30.
977 1352 1044 1361 —
1056 1324 1190 1375 Stoi-

249 1411 424 1446 corum
453 1403 500 1445 ct
518 1394 966 1459 Peripateticorum
993 1401 1190 1443 contro-

247 1466 469 1515 versiam
497 1465 560 1514 de
580 1462 768 1512 finibus
791 1464 1037 1515 bonorum
1057 1464 1190 1513 sole-

245 1536 334 1583 bat
369 1540 624 1595 tamquam
658 1531 962 1581 honorarius
1000 1533 1188 1581 arbiter

247 1604 471 1653 iudicare
484 1600 788 1663 Carneades,
808 1600 1008 1651 Tuscul.
1025 1600 1076 1661 5,
1096 1601 1184 1661 41,

251 1670 370 1722 119.
394 1697 463 1708 —-
483 1670 641 1721 Stoici
675 1678 862 1733 negant
893 1668 1074 1736 fugere
1105 1684 1186 1719 sa-

246 1740 474 1805 pienteS,
515 1756 596 1805 ep.
633 1739 702 1789 ad
739 1738 879 1788 Brut.
921 1739 969 1799 1,
1007 1739 1094 1790 15.
1117 1766 1188 1777 —-

247 1808 402 1859 Stoici
423 1816 472 1858 et
483 1808 763 1873 sapientem
779 1814 1061 1857 amaturum
1075 1822 1187 1857 esse

251 1879 427 1929 dicunt
453 1883 501 1927 et
523 1889 745 1927 amorem
768 1878 932 1942 ipsum
954 1882 1186 1927 conatum

249 1949 500 1998 amicitiae
539 1946 805 1996 faciundae
846 1963 909 1996 ex
943 1946 1187 2012 pulcritu-

250 2017 385 2066 dinis
417 2017 590 2080 specie
619 2015 880 2074 definiunt,
910 2015 1115 2067 Tuscul.
1135 2019 1188 2074 4,

248 2083 334 2144 34,
369 2086 455 2138 72.
479 2113 546 2120 —
575 2083 734 2133 Stoici
765 2085 1054 2135 contortulis
1077 2085 1190 2147 qui-

245 2154 463 2204 busdam
492 2167 551 2202 ac
577 2154 783 2203 minutis
805 2153 1189 2203 conclusiuncu-

248 2221 310 2271 lis
343 2237 436 2270 ncc
467 2222 534 2271 ad
561 2220 742 2272 sensus
773 2221 1188 2286 permanantibus

248 2289 380 2340 effici
399 2291 571 2343 volunt
587 2304 688 2340 non
707 2305 822 2340 esse
845 2290 1027 2339 malum
1046 2291 1188 2340 dolo-

247 2374 372 2424 rem,
409 2360 483 2412 Ib.
510 2361 559 2418 2,
597 2359 676 2421 18,
709 2361 795 2408 42.
837 2359 902 2412 cl.
930 2358 1002 2406 lb.
1028 2359 1080 2418 2,
1104 2358 1187 2417 12,

245 2427 333 2480 29.
359 2454 428 2465 —-
459 2427 616 2478 Stoici
637 2443 858 2477 amorem
881 2433 1066 2490 negant
1086 2435 1190 2476 stu-

246 2498 329 2561 pri
357 2511 487 2561 esse,
523 2497 596 2546 Ib.
632 2498 682 2555 4,
717 2494 801 2554 33,
834 2496 918 2546 70.
938 2521 1007 2530 -
1035 2492 1190 2544 Stoici

213 2591 218 2596 ·
247 2574 456 2615 censent
537 2566 794 2629 sapientes
874 2564 1190 2628 sapientibus

248 2636 399 2684 etiam
417 2635 604 2698 ignotis
625 2647 737 2682 esse
754 2633 962 2690 amicos,
987 2631 1049 2680 de
1067 2646 1118 2678 n.
1132 2631 1182 2680 d.

249 2704 297 2760 1,
327 2705 412 2762 44,
451 2701 566 2752 121.
587 2729 654 2736 —
673 2701 791 2750 Hoc⁴
809 2716 839 2750 a
869 2699 1076 2750 Socrate
1100 2714 1184 2748 ac-

247 2777 452 2836 ceptum
517 2769 789 2834 diligenter
847 2767 1006 2819 Stoici
1065 2769 1188 2818 reti-

246 2845 489 2898 nuerunt,
534 2852 708 2886 omnes
743 2838 1041 2902 insipientes
1072 2852 1187 2887 esse

247 2921 348 2956 non
385 2919 554 2964 sanos,
601 2906 678 2958 Ib.
711 2904 762 2966 3,
801 2907 850 2962 5,
889 2904 969 2956 10.
1011 2907 1074 2956 cl.
1111 2907 1182 2957 Ib.

245 2977 280 3025 4
298 3013 311 3034 ,
371 2975 468 3033 24,
527 2975 612 3026 54.
661 3002 732 3012 -
783 2973 935 3025 Stoici
983 2977 1187 3041 sapien-

245 3055 348 3094 tem
369 3043 538 3094 omnia
557 3051 691 3094 recte
710 3043 878 3094 facere
896 3045 1085 3110 dicunt,
1108 3046 1183 3097 lb.

244 3114 301 3179 4,-
330 3113 410 3172 16,
434 3111 519 3166 36.
549 3139 616 3149 -
635 3112 793 3164 Stoici
815 3115 988 3164 dicunt
1007 3129 1184 3164 omnes

243 3197 358 3232 esse
377 3181 579 3242 divites,
595 3184 683 3246 qui
703 3183 843 3243 caelo
863 3190 912 3233 et
929 3191 1065 3232 terra
1082 3182 1184 3232 frui

244 3252 459 3315 possint,
479 3252 547 3302 ad
565 3251 688 3306 fam.
707 3254 759 3312 7,
778 3252 861 3316 16,
875 3254 928 3302 2.
941 3252 1184 3301 -Probe

245 3319 483 3370 definitur
552 3335 582 3370 a
649 3320 834 3370 Stoicis
921 3319 1181 3383 fortitudo,

245 3404 402 3451 quum
443 3403 554 3438 eam
590 3389 821 3438 virtutem
868 3403 981 3438 esse
1010 3388 1184 3437 dicunt

242 3464 652 3522 propugnantem
679 3471 776 3522 pro
813 3457 1080 3518 aequitate,
1119 3455 1183 3504 de

1334 363 1415 414 off.
1440 364 1488 426 1,
1524 362 1604 423 19,
1636 364 1721 417 62.
1747 390 1814 401 ——
1834 364 1990 415 Stoici
2012 366 2275 417 urbanita-

1331 444 1433 481 tem
1464 434 1697 481 virtutem
1732 448 1845 484 esse
1869 436 2151 485 rectissime
2176 451 2275 501 pu-

1332 508 1453 562 tant,
1477 502 1542 550 ad
1562 499 1680 549 fam.
1703 500 1754 561 3,
1777 503 1825 567 7,
1849 501 1899 554 5.
1924 530 1989 538 —
2014 498 2273 557 Definitio-

1332 586 1422 620 nes
1461 570 1897 635 perturbationum
1928 572 2083 621 animi
2112 574 2175 623 ab
2206 574 2277 623 iis

1334 640 1648 703 constitutae,
1668 638 1823 689 Tusc.
1846 643 1895 703 4,
1917 640 1968 701 6,
1996 642 2053 691 11
2078 656 2188 705 sqq.
2208 668 2271 679 —

1333 708 1505 757 Placet
1524 707 1709 757 Stoicis
1736 710 1903 759 omnia
1926 718 2138 773 peccata
2157 726 2271 761 esse
2348 712 2356 755 .’

1332 778 1495 843 paria,
1522 778 1681 829 Acad.
1704 792 1782 842 pr.
1804 778 1858 841 2,
1879 776 1965 836 43,
1990 778 2105 829 133.
2127 806 2201 819 -
2216 782 2273 829 In

1331 847 1627 909 quaestione
1662 847 1725 896 dc
1758 846 1941 896 officiis
1970 847 2145 898 Cicero
2177 847 2275 913 po-

1330 916 1580 965 tissimum
1600 914 1799 965 Stoicos
1818 916 2061 979 sequitur,
2094 916 2157 967 de
2181 917 2273 969 off.

1331 985 1378 1042 1,
1412 986 1463 1046 2,
1501 983 1553 1034 6.
1574 1009 1644 1018 —-
1672 984 2001 1047 Nequaquam
2032 986 2273 1036 audiendi

1328 1060 1444 1103 sunt
1456 1054 1631 1119 Cynici
1646 1061 1731 1103 aut
1742 1054 1786 1103 si
1800 1053 2097 1115 quifuerunt
2110 1054 2273 1104 Stoici

1328 1136 1489 1187 paene
1527 1120 1723 1188 Cynici,
1770 1124 1859 1185 qui
1894 1123 2272 1187 reprehendunt

1330 1198 1379 1240 et
1406 1191 1636 1255 irrident,
1668 1192 1803 1254 quod
1834 1205 1911 1252 ea,
1944 1208 2072 1255 quae
2096 1207 2149 1241 re
2168 1200 2272 1241 tur-

1329 1260 1416 1324 pia
1444 1274 1545 1309 non
1566 1260 1683 1316 sint,
1722 1260 1889 1309 verbis
1906 1260 2157 1326 flagitiosa
2177 1262 2286 1310 ᾱιι-4

1329 1342 1519 1391 eamus,
1557 1328 1629 1380 lb.
1661 1328 1711 1391 1,
1744 1326 1830 1388 35,
1864 1328 1982 1381 128.
2013 1355 2084 1365 ·-
2112 1328 2272 1379 Stoici

1328 1396 1699 1445 contendebant
1718 1398 1907 1460 scripta
1920 1397 2159 1461 Lycurgi,
2176 1396 2273 1447 So-

1328 1465 1488 1523 loniS,
1539 1464 1651 1513 XII.
1694 1464 1893 1512 tabulas
1931 1474 2128 1515 nostras
2170 1480 2270 1515 non

1276 1587 1282 1595 ,
1329 1548 1442 1583 esse
1470 1532 1629 1597 leges,
1661 1532 1821 1582 Acad.
1842 1545 1920 1598 pr,
1943 1536 1993 1597 2,
2026 1536 2111 1595 44,
2148 1534 2265 1585 136.

1326 1629 1397 1639 —-
1415 1599 1699 1653 Stoicorum
1730 1602 1961 1652 doctrina
1991 1604 2156 1667 magis
2176 1618 2270 1669 gu-

1328 1678 1459 1721 stata
1471 1685 1621 1733 quam
1632 1676 1805 1734 potata
1815 1670 2049 1735 delectat,
2060 1672 2245 1721 Tuscul
2254 1708 2265 1719 .

1329 1740 1379 1801 5,
1410 1742 1467 1804 5,
1495 1739 1575 1790 13.
1615 1739 1688 1789 Ib.
1719 1738 1771 1799 5,
1804 1740 1855 1798 7,
1890 1738 1973 1789 18.
1996 1766 2064 1777 —
2090 1740 2268 1791 Utrum

1324 1810 1507 1873 poetae
1564 1808 1762 1857 Stoicos
1823 1808 2149 1872 depravarint
2202 1825 2269 1859 an

1330 1878 1486 1928 Stoici
1526 1878 1694 1942 poetis
1732 1876 1964 1927 dederint
1998 1880 2266 1929 auctorita-

1330 1955 1449 2006 tem,
1484 1961 1581 1996 nou
1615 1945 1763 1996 facile
1793 1947 1895 1995 dici
1916 1955 2109 2012 potest:
2148 1963 2266 2012 por-

1326 2023 1465 2066 tenta
1492 2017 1626 2064 enirn
1655 2016 1718 2065 ab
1745 2019 1971 2078 utrisque
2004 2024 2051 2066 et
2072 2017 2269 2082 flagitia

1328 2086 1583 2145 dicuntur,
1608 2085 1671 2134 de
1690 2099 1741 2133 u.
1768 2084 1820 2133 d.
1842 2082 1893 2146 3,
1920 2083 2005 2143 38,
2030 2084 2113 2135 91.

1260 2152 1385 2204 Sex.
1427 2151 1613 2217 Stola,
1654 2154 1927 2218 primarius
1965 2155 2071 2214 vir,
2113 2154 2270 2205 iudex

1329 2223 1379 2272 in
1400 2222 1457 2272 L.
1480 2221 1648 2272 Flacci
1670 2237 1839 2278 eausa,
1864 2237 1953 2287 pro
1974 2223 2155 2272 Flacco
2179 2222 2264 2286 20,

1259 2359 1495 2423 Strabo,
1526 2374 1689 2423 augur
1708 2361 1773 2408 ad
1795 2360 1899 2412 Att.
1944 2359 2032 2422 12,
2074 2361 2153 2409 17.
2194 2361 2259 2408 ΙΙ).

1333 2429 1414 2488 12,
1438 2427 1522 2489 14,
1545 2428 1593 2477 1.

1258 2495 1465 2548 Strabo
1502 2496 1674 2562 nescio
1718 2496 1821 2556 qui,
1862 2495 1947 2556 qui
1987 2498 2037 2544 in
2074 2493 2267 2543 scholis

1326 2564 1577 2615 nominari
1600 2563 1749 2624 solet,
1778 2562 1916 2612 mille
1940 2571 1987 2612 et
2012 2565 2268 2628 octoginta

1326 2633 1491 2684 stadia
1554 2632 1691 2695 quod
1749 2633 1977 2692 abesset,
2045 2633 2265 2690 videbat,

1324 2702 1481 2821 Acgd.
1504 2716 1585 2767 pr.
1606 2701 1655 2766 2,
1683 2701 1769 2762 25,
1801 2700 1885 2751 81.
1920 2699 1982 2750 01.
2005 2701 2189 2768 fragm.
2212 2717 2263 2766 p.

1256 2837 1467 2902 Strato,
1504 2838 1901 2904 Lampsacenus,
1932 2838 2267 2904 Theophrasti

1324 2909 1537 2967 auditor,
1558 2922 1862 2971 quamquam
1882 2907 1977 2956 fuit
1998 2909 2103 2956 acri
2122 2907 2264 2972 inge-

1326 2979 1429 3042 nio,
1461 2985 1632 3026 tamen
1660 2991 1690 3026 a
1720 2975 1990 3040 disciplina
2009 2975 2266 3039 Peripate-

1325 3045 1541 3096 ticorum
1577 3046 1782 3094 omnino
1810 3041 2147 3093 semovendus
2168 3050 2263 3104 est,

1325 3117 1410 3177 qui
1461 3129 1618 3177 quum
1661 3113 1883 3163 maxime
1928 3112 2268 3161 necessariam

1324 3191 1519 3247 partem
1539 3179 1912 3245 philosophiae,
1942 3194 2070 3242 quae
2096 3181 2267 3244 posita

1325 3257 1402 3301 est
1427 3252 1480 3298 in
1512 3250 1693 3298 virtute
1724 3255 1773 3297 et
1802 3249 1853 3298 in
1875 3249 2115 3306 moribus,
2148 3247 2267 3297 reli-

1324 3319 1519 3382 quisset
1546 3323 1807 3378 totumque
1834 3331 1890 3366 se
1907 3317 1973 3366 ad
1989 3317 2265 3381 investiga-

1324 3387 1515 3436 tionem
1548 3392 1754 3435 naturae
1784 3384 2097 3447 contulisset,
2128 3385 2181 3434 in
2205 3399 2266 3434 ea

1327 3456 1441 3521 ipsa
1486 3455 1766 3520 plurimum
1816 3454 2031 3504 discedit
2072 3469 2102 3502 a
2137 3455 2265 3512 suis,
