2500 3850
253 136 332 197 88

251 299 468 353 Cliniae
503 298 625 349 Cres
661 297 874 359 loquens
912 298 1165 346 inducitur
1203 299 1254 346 in

315 371 538 418 Platonis
557 367 698 417 libris
723 367 785 416 de
807 365 1033 432 legibue,
1068 366 1131 415 de
1151 365 1250 430 leg.

251 471 574 559 Clisthenes
595 503 938 564 Atheniensis,
963 503 1088 552 civis
1107 517 1253 568 egre·

315 578 449 695 {3:33
454 572 1256 694 ἓέἕηῖ.“ἕιῗέ.ῗὲθὲἓὶἒέἱίὶῖιῖ

315 716 416 779 dit,
442 713 505 762 de
536 713 638 776 leg.
661 712 713 770 2,
738 710 826 765 16,
852 711 938 762 41.
959 708 1123 759 —De
1139 710 1251 758 eius

317 782 628 845 eloquentia,
647 779 786 830 Brut.
814 779 864 838 7,
884 779 970 828 27.
1001 806 1058 816 -
1086 777 1166 830 cf.
1189 778 1252 828 de

250 867 602 982 clini-chus,
641 917 914 968 Alexandri
955 915 1126 981 Magni
1166 931 1252 964 co-

317 1003 442 1039 mes.
503 986 614 1036 Non
675 987 895 1050 optimus
957 985 1252 1045 historicus,

315 1071 464 1122 quem
484 1069 642 1105 unum
663 1063 830 1104 tamen
851 1054 1066 1105 Sisenna
1085 1055 1254 1103 imita-

313 1135 396 1176 tus
418 1131 522 1188 est,
545 1125 610 1174 de
629 1122 731 1191 leg.
758 1123 785 1174 1
800 1159 816 1187 ,
837 1126 898 1188 2,
920 1124 970 1172 7.
993 1151 1058 1159 —
1079 1122 1256 1173 Clitar-

315 1195 441 1245 chus
470 1199 641 1242 narrat
678 1192 816 1257 apud
852 1195 1017 1242 Issum
1047 1191 1252 1241 Darium

313 1265 376 1315 ab
404 1262 695 1314 Alexandro
716 1277 830 1312 esse
853 1268 1166 1326 superatum,
1188 1261 1257 1310 ad

317 1333 438 1384 fam.
471 1334 531 1392 2,
565 1331 660 1393 10,
703 1332 752 1384 3.
785 1358 851 1368 -
890 1329 1169 1381 Clitarchus
1205 1338 1254 1378 et

315 1401 587 1454 Stratocles
647 1400 764 1450 ficta
813 1399 1128 1450 tradiderunt
1189 1399 1254 1448 de

315 1469 674 1521 Themistoclis
693 1476 871 1534 morte,
889 1469 1027 1520 Brut.
1057 1469 1141 1530 11,
1163 1468 1248 1519 42.

252 1537 553 1593 Cliternini
575 1539 733 1598 colei,
755 1539 822 1588 ad
841 1539 964 1590 fam.
984 1539 1036 1599 9,
1061 1540 1147 1598 22,
1170 1538 1222 1586 4.

250 1605 633 1662 clitomachus
668 1607 1104 1673 Karthaginiensis
1136 1621 1252 1656 cum

317 1675 600 1726 Charmada
619 1681 668 1726 et
679 1674 930 1725 Aeschine
949 1683 1103 1741 caput
1120 1675 1252 1725 Aca-

318 1746 514 1795 demiae
544 1750 661 1808 post
695 1742 1004 1794 Carneadem
1038 1745 1168 1800 circa
1200 1758 1247 1792 a.

313 1828 365 1863 ιι.
389 1829 432 1866 c.
459 1812 576 1866 645.
595 1846 610 1875 ‚
633 1811 698 1861 de
727 1819 854 1863 orat.
881 1813 928 1877 1,
961 1811 1042 1874 11,
1070 1813 1155 1861 45.
1183 1841 1252 1851 -

315 1882 560 1941 Quattuor
585 1881 696 1931 eius
718 1880 835 1931 libri
857 1880 920 1932 de
943 1881 1250 1932 sustinendis

319 1950 740 2013 adsensionibus,
771 1951 933 2001 Acad.
962 1965 1040 2016 pr.
1069 1953 1100 2001 2
1120 1987 1134 2012 ,
1162 1948 1246 2016 31,

315 2020 398 2072 98.
433 2048 490 2059 -
530 2021 652 2070 Eius
685 2020 954 2069 multitudo
985 2019 1249 2085 librorum,

314 2090 387 2139 lb.
413 2091 476 2149 2,
505 2089 564 2154 6,
590 2088 674 2140 16.
697 2115 763 2125 -
784 2090 845 2138 Ei
874 2088 1017 2139 Philo
1045 2104 1251 2153 operam

314 2158 499 2209 multos
516 2172 674 2208 annos
687 2157 845 2220 dedit,
860 2157 934 2207 Ib.
951 2158 1002 2217 2,
1015 2156 1068 2218 6,
1086 2157 1167 2208 17.
1183 2184 1252 2194 -

314 2227 438 2276 Eius
459 2227 520 2277 de
533 2225 786 2276 Carneade
805 2226 1070 2285 iudicium,
1093 2226 1250 2275 Acad.

315 2310 392 2361 pr.
415 2297 464 2359 2,
479 2294 564 2355 34,
579 2293 698 2347 108.
713 2294 916 2343 —Eius
937 2295 1079 2354 liber,
1103 2310 1252 2356 quem

316 2380 492 2416 eversa
533 2363 839 2430 Karthagine
884 2365 1022 2415 misit
1075 2378 1253 2413 conso-

316 2434 458 2485 landi
512 2449 668 2485 causa
719 2434 785 2483 ad
832 2435 1061 2499 captivos
1115 2434 1252 2483 cives

317 2518 464 2567 suos,
484 2503 686 2555 Tuscul.
713 2502 764 2562 3,
787 2503 872 2564 22,
895 2504 979 2553 54.
1003 2530 1067 2539 -
1085 2502 1251 2553 L·ocns

316 2589 382 2623 ex
411 2575 520 2623 eius
553 2571 715 2632 libro,
751 2585 900 2633 quem
931 2570 1070 2621 adC.
1101 2571 1250 2620 Luci-

315 2640 440 2691 lium
467 2640 675 2704 scripsit
692 2641 922 2703 poetam,
948 2654 1101 2700 quum
1121 2639 1249 2689 scri-

314 2710 504 2775 psisset
522 2708 704 2758 iisdem
721 2706 784 2755 de
803 2707 952 2756 rebus
973 2706 1108 2755 adL.
1124 2708 1244 2757 Cen-

315 2777 566 2835 sorinum,
591 2776 748 2825 Acad.
769 2790 849 2839 pr.
871 2775 920 2834 2,
941 2772 1025 2834 32,
1049 2774 1250 2828 102.-

318 2844 633 2894 Adfirmabat
671 2857 944 2904 numquam
975 2858 1031 2891 se
1063 2844 1251 2895 intelli-

317 2928 438 2980 gere
464 2912 691 2977 potuisse
715 2912 840 2975 quid
859 2910 1106 2962 Carneadi
1138 2929 1254 2978 pro-

314 2985 546 3043 baretur,
593 2980 1092 3045 Acad.pr.2,45,
1131 2981 1246 3033 139.

315 3076 386 3088 -·
421 3050 695 3101 Carneadis
733 3050 796 3099 de
829 3048 1142 3100 Clitomacho
1172 3052 1252 3100 in·-

318 3121 531 3180 dicium,
564 3126 688 3170 orat.
731 3118 821 3177 16,
850 3118 936 3171 51.
969 3144 1038 3156 --
1073 3120 1154 3169 Ex
1192 3135 1251 3170 eo

320 3190 484 3239 faceta
515 3189 646 3239 dicta
679 3190 744 3241 A.
774 3187 944 3237 Albini
977 3198 1026 3238 et
1043 3187 1256 3239 Carnea-

317 3259 394 3308 dis
425 3258 749 3318 adferuntur,
783 3258 943 3309 Acad.
975 3272 1054 3323 pr.
1086 3259 1145 3321 2,
1166 3257 1254 3321 45,

877 141 1154 190 CLINIAS
1185 163 1268 172 —
1298 141 1710 190 CLODIANUS.

1395 313 1500 346 rem
1525 313 1675 360 quam
1701 297 1969 349 Praeneste
2001 301 2201 350 vidisse
2222 303 2341 353 For·

1395 375 1595 428 tunam,
1632 367 1696 416 de
1728 367 1886 418 divin.
1914 370 1971 428 2,
2006 368 2109 430 41,
2146 369 2239 422 87.
2277 397 2343 408 —-

1395 435 1474 488 Cf.
1507 437 1663 486 Acad.
1694 450 1773 500 pr.
1806 438 1867 502 2,
1898 437 1995 499 21,
2018 438 2107 488 87.
2126 439 2335 490 Tuscul.

1394 503 1443 563 5,
1464 503 1549 564 37,
1573 503 1692 555 107.

1327 585 1509 640 Clitus
1523 625 1538 652 ,
1560 589 1666 638 dux
1685 589 1994 655 Alexandri,
2013 593 2077 642 ab
2096 607 2159 642 eo
2184 595 2343 643 inter-

1394 665 1621 722 emptus,
1640 657 1845 712 Tuscul.
1860 659 1921 722 4,
1942 659 2027 721 37,
2047 659 2137 716 79.

1327 741 1523 793 clodia
1542 758 1669 807 gens
1700 744 1903 807 eadem,
1938 760 2067 807 quae
2096 729 2337 800 Claudia.

1393 811 1548 861 Sacra
1586 811 1793 863 Clodiae
1831 816 2025 879 gentis,
2072 815 2139 864 de
2180 816 2343 865 dom.)

1391 896 1485 930 sua
1505 879 1589 941 13,
1610 878 1697 931 34

1327 946 1526 1000 Clodia
1556 964 1681 1015 gens
1713 950 1900 1000 ironice
1933 959 2185 1001 vocantur
2217 966 2341 1016 ope·

1390 1033 1477 1068 rae
1504 1018 1559 1066 P.
1592 1017 1759 1069 Clodii
1777 1055 1791 1079 ,
1814 1034 1907 1084 pro
1928 1018 2096 1069 Sestio
2116 1019 2217 1082 38,
2246 1021 2333 1071 81.

1395 1086 1540 1145 adQ.
1564 1086 1702 1148 fr.2,
1730 1087 1791 1141 11
1814 1085 1949 1153 (13),
1972 1090 2024 1143 2.

1329 1173 1557 1237 Clodia,
1586 1181 1776 1238 mater,
1797 1180 1851 1222 ut
1868 1175 2093 1235 videtur,
2116 1175 2177 1228 D.
2202 1177 2339 1225 Iunii

1390 1243 1535 1294 Bruti
1562 1257 1670 1292 cos.
1701 1256 1750 1291 a.
1783 1258 1836 1296 u.
1871 1258 1918 1297 c.
1952 1243 2099 1303 616„
2136 1245 2202 1293 ad
2224 1245 2335 1297 Att.

1394 1313 1478 1372 12,
1499 1313 1583 1374 22,
1603 1314 1656 1366 2.

1327 1349 1525 1433 Glod’ia
1555 1396 1599 1432 s.
1621 1379 1857 1442 Claudia,
1888 1380 1945 1431 P.
1970 1379 2137 1432 Clodii
2166 1397 2337 1441 soror,

1393 1452 1453 1511 Q.
1491 1451 1678 1501 Metelli
1709 1447 1899 1501 Celeris
1926 1465 2083 1514 uxor,
2116 1451 2182 1503 ad
2202 1451 2333 1505 fam.

1393 1522 1451 1581 5,
1482 1522 1545 1584 2,
1580 1519 1630 1570 6.
1655 1547 1721 1558 —
1740 1519 1968 1570 Palatina
1993 1521 2199 1588 Medea,
2240 1531 2335 1587 pro

1393 1589 1529 1640 Cael.
1560 1589 1595 1639 8
1609 1625 1625 1650 ,
1651 1588 1735 1640 18.
1757 1614 1828 1625 -
1845 1588 2027 1638 Mulier
2042 1603 2144 1640 nou
2162 1592 2337 1640 solum

1391 1659 1605 1721 nobilis,
1632 1658 1726 1708 sed
1762 1659 1913 1707 etiam
1948 1667 2092 1718 nota,
2128 1660 2202 1709 Ib.
2248 1661 2337 1721 13,

1390 1727 1477 1779 31.
1492 1727 1711 1777 —Uxor
1730 1727 1786 1785 Q.
1811 1726 1998 1777 Metelli
2021 1726 2235 1794 Celeris,
2256 1731 2337 1780 lb.

1393 1797 1487 1860 14,
1526 1796 1609 1848 34.
1641 1823 1710 1833 -
1734 1795 1975 1845 Maritum
2008 1811 2202 1851 veneno
2226 1813 2336 1848 ne·

1391 1879 1538 1916 casse
1573 1872 1701 1915 tecte
1737 1864 2085 1928 insimulatur,
2127 1867 2202 1917 Ib.
2244 1869 2333 1921 24.

1389 1932 1475 1987 60.
1519 1962 1589 1975 --
1634 1932 1778 1984 Salse
1830 1935 2087 1985 deridetur
2131 1938 2331 2001 passim

1390 2017 1483 2068 per
1500 2010 1662 2054 totam
1700 2002 2018 2061 Caelianum,
2054 2011 2109 2055 ut
2142 2004 2226 2065 15,
2265 2004 2339 2056 36

1389 2074 1465 2121 Ib.
1516 2073 1608 2132 20,
1650 2072 1734 2123 50.
1755 2100 1824 2110 -
1862 2071 2065 2133 Clodia,
2112 2074 2169 2125 P.
2216 2072 2334 2124 Clo-

1392 2142 1466 2191 dii
1506 2156 1677 2201 soror;
1726 2144 1788 2191 ea
1824 2148 1900 2191 est
1946 2142 2218 2201 seditiosa,
2272 2158 2336 2191 ea

1392 2224 1507 2259 cum
1522 2211 1635 2259 viro
1656 2210 1847 2259 bellum
1877 2210 2033 2277 gerit,
2062 2226 2228 2273 neque
2248 2226 2338 2260 so-

1394 2280 1499 2328 lum
1520 2292 1635 2329 cum
1662 2278 1862 2329 Metello
1884 2278 1967 2343 (Q.
1989 2279 2193 2329 Metello
2214 2295 2334 2329 con·

1392 2346 1549 2413 sule),
1576 2347 1671 2397 sed
1689 2348 1841 2397 etiam
1858 2361 1974 2397 cum
1993 2348 2167 2407 Fadio,
2194 2350 2336 2411 quod

1392 2432 1483 2467 eos
1504 2417 1736 2467 Ciceroni
1764 2431 1878 2466 esse
1898 2417 2090 2466 amicos
2117 2417 2337 2467 moleste

1392 2486 1510 2548 fert,
1534 2487 1601 2535 ad
1620 2487 1723 2534 Att.
1744 2486 1795 2544 2,
1818 2485 1868 2546 1,
1889 2486 1941 2537 5.
1959 2486 2189 2535 -Falsa
2209 2487 2336 2535 scri-

1390 2556 1494 2620 psit
1516 2555 1580 2605 de
1598 2554 1839 2619 Pompeio
1854 2590 1869 2615 ,
1892 2554 1958 2604 ad
1980 2555 2083 2607 Att.
2105 2554 2163 2615 9,
2194 2556 2256 2616 9,
2279 2555 2332 2607 2.

1391 2647 1457 2660 —
1483 2622 1659 2675 Clodia
1676 2620 1891 2689 βοῶπις
1910 2632 2145 2686 vocatur,
2176 2623 2253 2672 11).
2278 2623 2329 2682 2,

1390 2691 1451 2752 9,
1489 2692 1536 2746 1.
1568 2693 1644 2741 Ib.
1678 2692 1740 2752 2,
1774 2691 1867 2755 12,
1904 2693 1958 2745 2.
1996 2694 2069 2746 lb.
2095 2692 2145 2753 2,
2169 2692 2252 2756 14,
2280 2691 2333 2740 1.

1388 2761 1463 2810 Ib.
1484 2760 1536 2824 2,
1559 2761 1644 2822 22,
1665 2760 1715 2811 5.
1740 2789 1809 2801 --
1826 2760 2017 2810 Versus
2038 2759 2330 2811 obscoenis-

1392 2829 1511 2878 simi
1528 2830 1581 2878 in
1606 2827 1834 2879 Clodium
1858 2836 1907 2878 et
1938 2828 2168 2880 Clodiam
2188 2829 2332 2888 dicti,

1392 2898 1459 2948 ad
1480 2896 1540 2956 Q.
1566 2897 1628 2952 fr.
1658 2899 1708 2963 2,
1730 2897 1780 2958 3,
1800 2900 1850 2948 2.

1323 2980 1553 3048 Clodia,
1586 2998 1764 3034 socrus
1792 2982 1849 3033 L.
1884 2982 2103 3041 Metelli,
2140 2980 2332 3030 tribuni

1391 3018 2297 3132 p1.a..ue.705.‚adAtt.’9,6,3

1326 3117 1555 3185 Clodia,
1575 3121 1757 3171 mulier
1773 3122 2008 3186 copiosa,
2027 3120 2095 3170 ad
2114 3120 2219 3167 Att.
2244 3118 2327 3177 12,

1392 3188 1794 3255 38,4.,11)12
1817 3190 1977 3250 42,.1
2015 3187 2206 3248 11).,12
2240 3186 2326 3245 47,

319 3325 438 3378 137.
470 3355 536 3367 -
565 3325 872 3377 Carneadem
893 3327 1068 3377 scribit
1087 3327 1258 3377 dicere
1328 3323 1658 3390 Clodianus,
1682 3327 1773 3380 Cn.
1798 3325 2065 3377 Cornelius
2082 3322 2325 3372 Lentulus

319 3396 522 3445 solitum
571 3408 819 3456 nusquam
861 3409 917 3445 se
961 3394 1257 3445 fortunatio-

1396 3391 1668 3445 Clodianus
1714 3395 1978 3447 consula.
2020 3408 2071 3445 u.
2112 3406 2159 3444 c.
2208 3390 2318 3442 682.
