2500 3850
786 209 1223 257 HERACLIDES
1252 231 1328 240 ·—
1364 209 1744 257 HERCULES.

292 365 373 425 do,
394 366 459 416 de
477 381 529 419 n.
558 364 609 416 d.
640 365 686 428 1,
710 363 793 420 13.
814 364 902 416 34.
922 394 990 407 -·
1007 365 1235 415 Heracli-

294 436 381 484 des
410 436 653 484 Ponticus
680 433 941 500 profectus
972 449 1003 484 a
1029 434 1233 484 Platone

294 505 564 553 illustravit
595 517 796 570 omnem
826 503 1027 551 civilem
1046 503 1229 561 locum,

292 573 355 622 de
378 572 475 636 leg.
500 572 553 631 3,
572 571 625 633 6,
654 571 735 622 14.
753 597 818 606 —
831 570 952 620 Eius
971 563 1233 619 πολιτικὰ

291 643 401 690 sive
421 637 551 703 περὶ
571 637 896 698 πολιτειῶν,
916 645 982 690 ad
1008 641 1065 698 Q.
1092 640 1149 689 fr.
1178 639 1228 703 3,

290 711 343 767 5,
366 709 413 758 l.
435 737 505 747 —
522 708 655 768 Quid
676 709 935 757 tradiderit
956 709 1019 758 de
1047 708 1228 772 Pytha-
1289 761 1292 764 ,

290 794 437 843 gera,
455 777 659 830 Tuscul.
682 777 733 836 5,
753 776 803 835 3,
823 778 874 828 8.
896 805 960 814 —-
976 778 1097 826 Eius
1118 792 1232 826 nar-

284 848 417 897 ratio
440 848 504 897 de
526 847 720 906 somnio
738 847 910 895 matris
930 846 1229 906 Phalaridis,

293 917 357 965 de
378 917 539 965 divin.
566 917 591 964 l
607 952 622 976 ,
641 911 709 964 43
724 951 737 974 ,
761 913 848 966 46.
867 941 933 950 —--
952 914 1087 974 Quid
1106 916 1229 964 scri·

291 986 453 1048 pserit
470 985 534 1034 de
556 983 695 1044 Ceis,
721 984 789 1034 lb.
819 983 874 1043 l,
897 984 993 1044 57,
1020 982 1133 1036 130.
1161 1010 1231 1021 -

290 1053 365 1102 De
386 1055 617 1117 personis
641 1055 690 1101 iu
712 1054 822 1100 eius
844 1051 989 1100 libris
1004 1087 1019 1113 ,
1040 1053 1104 1100 ad
1127 1054 1227 1102 Att.

296 1121 391 1182 13,
431 1123 523 1186 19,
549 1123 598 1172 4.
623 1149 687 1158 —-
708 1119 872 1198 Saepe
891 1121 1013 1170 dicit
1035 1122 1084 1170 iu
1108 1137 1225 1192 epp.

296 1192 363 1240 ad
413 1193 637 1240 Atticum
675 1205 729 1238 se
783 1186 1228 1252 “Hooenletdet‘ov

292 1259 518 1321 aliquid’
558 1261 611 1310 id
648 1266 749 1314 est,
787 1257 956 1308 simile
986 1258 1228 1310 librorum

291 1328 591 1378 Heraclidae
660 1328 854 1377 Pontici
926 1329 1227 1393 scripturum

293 1397 495 1458 Cicero,
549 1399 613 1446 ad
661 1399 762 1445 Att.
804 1397 898 1455 15,
937 1398 1010 1457 ·4,
1052 1397 1101 1449 3.
1154 1397 1227 1446 lb.

295 1465 379 1524 15,
408 1464 490 1524 13,
513 1465 562 1520 3.
604 1467 677 1518 lb.
711 1465 919 1528 15,27,
950 1467 1000 1516 2.
1038 1466 1107 1514 lb.
1143 1466 1226 1525 16,

292 1536 346 1592 2,
367 1533 417 1584 6.
458 1534 529 1584 lb.
556 1534 637 1597 16,
663 1533 743 1593 11,
764 1533 813 1584 3.
852 1535 922 1582 Ib.
948 1533 1133 1590 16,12.

220 1599 557 1654 Heraclides
596 1603 878 1665 Temnites,
913 1605 1056 1652 testis
1085 1604 1138 1650 >iu
1167 1602 1226 1651 L.

292 1671 553 1731 Flaccum,
586 1687 676 1736 pro
709 1671 888 1721 Flacco
913 1671 1002 1734 18,
1032 1673 1117 1720 42.
1155 1672 1228 1721 lb.

298 1740 381 1799 19,
403 1741 489 1790 45.

221 1806 649 1870 Heraclienses,
675 1808 871 1856 incolae
903 1809 1041 1856 urbis
1071 1809 1231 1857 Hera-

294 1878 423 1929 cliae
444 1879 495 1926 iu
511 1876 695 1941 Magna
709 1875 935 1937 Graecia,
956 1892 1050 1942 pro
1072 1877 1231 1928 Balbo

294 1947 345 2009 8,
368 1946 451 1995 21.
479 1947 544 2001 V,
568 1945 867 1999 Heraclea.

223 2012 619 2066 Heraclienses
652 2016 701 2063 in
735 2014 938 2075 Sicilia,
974 2018 1122 2067 Verr.
1145 2031 1231 2066 ac-

292 2092 453 2135 cusat.
478 2083 527 2146 3,
558 2083 643 2143 43,
671 2083 787 2135 103.

221 2150 607 2203 Heracliensis
620 2153 798 2201 civitas
816 2154 869 2201 in
885 2154 1063 2217 Magna
1076 2154 1229 2204 Grae-

294 2222 390 2271 cia.
431 2220 555 2270 Cum
574 2236 633 2270 ea
663 2236 823 2286 prope
842 2223 1102 2287 singulare
1122 2222 1229 2274 foe·

293 2291 391 2339 dus
411 2289 589 2354 Pyrrhi
610 2292 948 2355 temporibus,
978 2289 1032 2342 C.
1058 2292 1230 2341 Fabri·

293 2359 372 2407 cio
402 2358 639 2418 consule,
677 2358 831 2408 ictum
865 2367 1100 2422 putatur,
1135 2375 1227 2424 pro

293 2425 451 2476 Balbo
472 2428 554 2487 22,
578 2426 664 2478 50.

222 2492 551 2545 Heraclitus
579 2494 829 2557 Ephesius
848 2532 861 2553 ‚
895 2496 1062 2546 floruit
1094 2497 1229 2546 circa

294 2580 341 2612 a.
363 2562 481 2614 500.
496 2578 542 2613 a.
558 2562 673 2612 Chr.
692 2578 740 2615 n.
754 2589 826 2601 —
839 2564 1123 2613 Heraclitus
1142 2579 1229 2613 co-

293 2643 566 2695 gnomento
605 2624 891 2689 σκοτεινὸς
920 2634 1226 2697 perhibetur,

296 2702 415 2762 qnia
433 2702 495 2749 de
516 2710 692 2749 natura
710 2702 863 2751 nimis
890 2703 1104 2752 obscura
1124 2715 1227 2751 me-

293 2771 505 2819 moravit
526 2770 587 2819 de
608 2770 886 2833 industria,
910 2770 972 2820 de
988 2771 1073 2823 flu.
1094 2772 1145 2831 2,
1172 2769 1225 2832 5,

297 2837 379 2887 15.
411 2863 475 2874 -
509 2837 745 2888 Consulto
780 2840 981 2889 dicebat
1017 2838 1227 2896 occulte,

295 2906 358 2955 de
380 2906 501 2959 uod.
525 2908 574 2967 l,
594 2908 684 2969 26,
707 2908 791 2957 74.
830 2906 893 2959 cl.
914 2908 978 2959 de
998 2908 1157 2960 divin.
1179 2908 1227 2963 2,

292 2974 389 3036 64,
440 2974 556 3026 133.
601 3002 674 3014 —-
713 2976 993 3026 Heraclitus
1032 2976 1229 3025 censuit

292 3044 461 3093 omnia
488 3044 559 3093 ita
586 3043 691 3096 fato
720 3044 854 3105 sseri,
892 3054 945 3093 ut
982 3046 1034 3095 id
1069 3044 1227 3095 fatum

294 3113 397 3162 vim
424 3114 739 3163 necessitatis
772 3113 1020 3173 adferret,
1040 3114 1105 3163 de
1125 3112 1229 3163 fato

292 3180 358 3230 17
372 3216 387 3243 ,
408 3179 496 3232 39.
516 3208 584 3217 -—
601 3182 879 3232 Heraclitus
907 3183 1078 3247 ignem
1101 3182 1231 3231 dixit

292 3262 434 3309 esse,
474 3264 501 3297 e
537 3266 636 3313 quo
666 3252 845 3302 ¹omnia
882 3252 1228 3315 gignerentur,

291 3318 451 3367 Acad.
480 3332 558 3383 pr.
591 3322 655 3380 2,
686 3318 779 3383 37,
816 3318 936 3369 118.
966 3346 1039 3359 --
1070 3318 1231 3368 Stoici

292 3388 459 3435 omnia
496 3387 659 3437 solent
695 3388 773 3439 ad
789 3388 991 3451 igneam
1022 3388 1123 3437 vim
1150 3401 1228 3436 re-

292 3454 425 3501 son-re
476 3454 781 3505 Heraclitum
818 3462 1117 3520 sequentes,
1161 3454 1227 3504 de

2177 201 2307 262 ‘169

1373 379 1420 412 n.
1458 365 1509 417 d.
1543 363 1604 422 3,
1638 366 1731 427 14,
1758 365 1843 416 35.
1878 393 1946 405 —-
1975 368 2151 418 Tradit
2184 371 2309 432 quid

1372 434 1711 483 Hermodorus
1723 435 1786 484 de
1801 436 2036 500 Ephesiis
2051 438 2312 488 iudicave-

1373 503 1464 557 rit,
1493 517 1645 564 quum
1670 506 1887 554 essetab
1911 505 1972 554 iis
1996 507 2198 555 civitate
2217 523 2307 556 ex-

1374 570 1550 634 pulsus
1565 606 1580 632 ,
1603 571 1810 623 Tuscul.
1837 575 1888 634 5,
1907 573 1991 632 36,
2016 574 2133 625 105.

1301 636 1626 690 Heraclitus
1679 641 1889 705 Tyrius,
1953 643 2306 707 Academicus,

1374 708 1612 756 Antiochi
1643 707 1938 774 familiaris,
1971 713 2128 768 Acad.
2152 726 2226 775 pr.
2255 714 2310 774 2,

1301 841 1601 900 Heraclius
1623 848 1996 896 Amestratinus
2014 885 2026 906 ‚
2049 848 2198 902 Verr.
2222 865 2306 896 ac-

1371 923 1530 963 cusat.
1551 914 1600 978 3,
1623 914 1707 977 39,
1725 915 1809 968 88.

1300 979 1600 1034 Heraclius
1639 983 2019 1049 Centuripinus,
2071 987 2214 1036 testis
2253 989 2306 1034 in

1373 1051 1424 1100 C.
1449 1053 1658 1101 Verrem
1675 1089 1688 1112 ,
1709 1053 1854 1103 Verr.
1887 1062 2106 1104 accusat.
2135 1056 2194 1118 2,
2218 1057 2303 1116 27,

1297 1186 1598 1245 Heraclius
1627 1189 1963 1255 Segestanus,
1986 1190 2137 1240 homo
2157 1193 2304 1242 iuno-
2359 1217 2364 1222 ·

1367 1273 1486 1308 cens
1511 1273 1541 1308 a
1560 1259 1715 1308 Verre
1735 1260 1999 1308 damnatus
2014 1296 2028 1322 ,
2058 1261 2203 1310 Vei-r.
2225 1277 2311 1311 ac-

1370 1334 1527 1377 cusat.
1547 1327 1600 1385 5,
1620 1327 1704 1383 43,
1734 1328 1848 1377 111.

1299 1391 1597 1445 Heraclius
1611 1431 1625 1456 ‚
1651 1396 1880 1444 Hieronis
1901 1394 2034 1444 tilius
2050 1431 2065 1453 ,
2087 1395 2304 1460 Syracu-

1369 1478 1540 1524 sanus,
1562 1477 1591 1510 a
1612 1463 1666 1514 G.
1694 1465 1848 1512 verre
1870 1462 2133 1526 spoliatus,
2157 1464 2302 1518 Vei-r.

1371 1539 1590 1583 accusat.
1615 1531 1676 1590 2,
1713 1530 1802 1593 14,
1833 1530 1916 1580 35.
1944 1557 2005 1567 —
2045 1531 2162 1580 Eius
2185 1547 2314 1596 pro--

1373 1602 1622 1663 pinquus,
1660 1600 1776 1648 item
1810 1599 2070 1649 Heraclius
2089 1637 2101 1657 ,
2132 1601 2205 1656 lb.
2238 1625 2303 1638 —

1371 1669 1493 1718 Eius
1523 1668 1855 1718 hereditatem
1895 1670 2075 1720 Verres
2107 1672 2303 1732 avertit,

1371 1738 1444 1791 ΙΙ).
1469 1739 1532 1796 2,
1556 1737 1648 1797 14,
1671 1735 1755 1788 37.
1793 1739 1865 1788 lb.
1889 1741 1951 1799 4,
1973 1739 2066 1796 61,
2099 1738 2213 1790 136.
2239 1766 2306 1775 -

1371 1807 1494 1855 Eius
1525 1808 1869 1856 testimonium
1889 1808 1939 1857 iu
1962 1808 2195 1868 Verrem,
2228 1809 2302 1857 lb.

1371 1876 1422 1937 2,
1444 1875 1495 1932 5,
1524 1876 1606 1928 15.
2137 1910 2144 1914 -

1301 1941 1600 1996 Heraclius
1641 1944 2017 2010 SyracusauuS,
2064 1948 2314 1997 sacerdos-

1373 2016 1507 2063 lovis
1523 2048 1538 2073 ,
1560 2016 1702 2062 Verr.
1729 2023 1947 2064 accusat.
1974 2016 2026 2072 4,
2046 2015 2131 2077 61,
2155 2014 2273 2068 137.

1300 2078 1658 2133 Herbitensis
1685 2098 1808 2145 ager
1837 2086 1887 2132 lu
1920 2082 2124 2143 Sicilia,
2159 2085 2300 2137 Verr,

1369 2159 1588 2202 accusat.
1613 2150 1664 2211 3,
1688 2152 1768 2214 18,
1789 2154 1872 2203 47.
1912 2152 1980 2203 lb.
2003 2151 2056 2210 3,
2074 2151 2158 2204 51.
2183 2153 2310 2203 120..

1300 2216 1654 2270 Herbitensis
1690 2223 1868 2270 civitas
1885 2258 1898 2279 ‚
1941 2222 2182 2284 oppidum
2225 2220 2304 2269 Si-

1369 2290 1543 2352 ciliae,
1575 2288 1790 2353 spoliata
1809 2305 1839 2338 a
1858 2293 2016 2340 Verre
2035 2300 2085 2337 et
2107 2298 2312 2353 vexata,

1371 2360 1516 2408 Verr.
1539 2365 1756 2406 accusat.
1777 2356 1810 2405 3
1825 2394 1840 2415 ,
1862 2356 1930 2407 32
1945 2394 1960 2414 ,
1985 2356 2069 2406 75.
2095 2382 2160 2391 -
2179 2358 2314 2406 Her-—

1369 2425 1636 2475 bitensium
1654 2426 1913 2484 decumae,
1927 2424 2107 2487 fragm.
2123 2426 2300 2487 p.247.

1297 2492 1650 2543 Herculanea
1670 2492 1750 2541 via
1771 2493 1925 2555 (inter
1943 2490 2108 2539 lacum
2129 2490 2303 2552 Lucri-

1369 2576 1488 2627 num
1507 2568 1555 2610 et
1579 2574 1716 2609 mare
1737 2561 1788 2610 iu
1809 2560 2105 2623 Campania)
2128 2561 2305 2610 vendi-

1366 2630 1488 2679 bilis
1551 2629 1820 2679 multarum
1892 2627 2188 2678 deliciarum
2255 2637 2306 2679 et

1368 2713 1584 2763 magnae
1604 2699 1872 2763 pecuniae,
1895 2698 1959 2747 de
1985 2696 2100 2764 lege
2118 2712 2230 2765 agr.
2251 2700 2310 2759 2,

1297 2834 1572 2888 Hercules
1593 2872 1608 2899 ,
1637 2837 1699 2886 de
1733 2852 1783 2886 u.
1816 2836 1866 2888 d.
1901 2837 1965 2900 3,
2005 2836 2096 2896 15,
2129 2836 2211 2889 39.
2236 2864 2304 2875 --

1367 2904 1544 2955 Plures
1563 2905 1802 2957 Hercules
1821 2907 2024 2957 tradunt
2043 2908 2098 2969 ii,
2119 2908 2206 2969 qui
2230 2908 2304 2955 ln-

1368 2974 1579 3024 teriores
1607 2986 1895 3025 scrutantur
1923 2984 1974 3025 et
2008 2977 2311 3024 remotiores

1368 3043 1581 3098 litteras.
1624 3045 2022 3107 Antiquissimus
2060 3044 2178 3093 Iove
2216 3058 2306 3092 na-

1360 3118 1484 3172 tus,
1521 3112 1615 3162 sed
1647 3112 1765 3162 item
1784 3112 1903 3161 love
1932 3111 2302 3171 antiquissimo,

1371 3206 1439 3217 --
1456 3195 1606 3242 quem
1625 3180 1990 3231 concertavisse
2013 3194 2128 3228 cum
2148 3180 2305 3242 Apol-

1371 3248 1474 3298 line
1497 3248 1561 3297 de
1584 3249 1782 3313 tripode
1803 3248 1991 3297 dicunt.
2030 3246 2174 3297 Alter
2192 3246 2308 3296 Nilo

1369 3323 1518 3366 natus
1571 3317 1853 3383 Aegyptius
1869 3350 1884 3375 ,
1952 3330 2101 3378 quem
2162 3317 2304 3365 aiunt

1367 3384 1616 3448 Phrygias
1669 3386 1863 3434 litteras
1919 3385 2299 3450 conscripsisse.

1367 3452 1566 3504 Tertius
1587 3461 1663 3503 est
1691 3468 1757 3503 ex
1777 3454 1941 3505 Idaeis
1974 3454 2184 3513 Digitis.
2222 3452 2298 3503 cui
