2500 3850
237 169 353 232 170

296 338 501 387 inferias
537 337 788 389 adferunt.
848 337 1064 398 Quartus
1097 339 1230 387 Iovis

295 421 346 456 et
368 407 624 467 Asteriae,
650 406 873 455 Latonae
891 407 1112 463 sororia,
1145 407 1230 467 qui

295 477 417 540 Tyri
447 476 668 524 maxime
697 473 894 526 colitur.
943 474 1156 533 Quintus
1176 475 1228 522 iu

297 546 469 604 ludia,
510 546 596 607 qui
629 544 776 592 Belus
803 543 1001 592 dicitur.
1045 541 1233 592 Sextus

291 629 359 662 ex
379 612 650 664 Alcumena
667 651 680 672 ,
714 627 860 674 quem
889 613 1117 677 Iuppiter
1142 627 1230 676 ge·

297 683 422 736 nuit,
444 683 533 730 sed
554 683 732 731 tertius
753 682 994 745 Iuppiter,
1021 680 1083 729 de
1102 694 1151 730 n.
1176 682 1229 732 d.

291 753 328 802 3
349 787 362 809 ,
396 749 460 801 16
477 787 490 810 ,
524 752 608 799 42.
641 777 707 785 -
736 749 858 797 Eius
876 764 1146 798 aerumnae
1166 749 1229 798 de

291 819 380 868 fin.
402 820 452 881 2,
475 818 561 882 35,
594 817 709 870 119.
729 843 795 853 -
817 818 941 866 Eum
963 819 1013 866 in
1034 817 1228 866 caelum

296 891 394 936 ista
415 889 556 951 ipsa,
581 901 730 949 quam
757 901 856 938 non
885 885 1009 935 nulli
1031 887 1226 935 iracun-

289 957 433 1006 diam
464 971 578 1006 esse
606 955 805 1014 volunt,
845 955 1051 1004 sustulit
1087 955 1230 1004 forti·-

290 1025 444 1073 tudo:
485 1025 774 1086 neutiquam
810 1025 967 1073 iratus
1005 1024 1230 1072 conflixit

297 1108 408 1142 cum
445 1091 773 1156 Erymanthio
809 1106 932 1157 apro
968 1101 1053 1142 aut
1085 1093 1228 1143 leone

295 1161 568 1220 Nemeaeo,
601 1160 806 1209 Tuscul.
837 1163 899 1223 4,
925 1162 1020 1221 22,
1055 1161 1142 1214 50.
1162 1187 1230 1198 -·

288 1229 530 1280 Hercules
588 1227 952 1279 Gaditanorum
1008 1232 1226 1293 moenia,

293 1299 534 1360 delubra,
567 1313 716 1364 agros
745 1299 983 1348 itinerum
1007 1314 1066 1348 ac
1089 1299 1229 1349 labo·

287 1385 406 1418 ·rum
428 1372 635 1416 suorum
654 1369 899 1417 terminos
922 1383 1035 1416 esse
1052 1367 1226 1426 voluit,

295 1454 386 1502 pro
406 1437 560 1486 Balbo
582 1438 645 1486 17
661 1474 674 1497 ,
697 1435 782 1487 39.
807 1464 874 1472 —
895 1437 1098 1486 Herculi
1127 1437 1228 1485 De·

285 1507 454 1555 ‘ianira
480 1521 662 1554 nocere
690 1505 874 1568 noluit,
904 1520 1057 1567 quum
1083 1507 1130 1554 ei
1149 1511 1226 1553 tu-

295 1577 460 1624 nicam
481 1576 728 1637 sauguine
752 1573 988 1623 Centauri
1017 1575 1224 1622 tinctam

288 1644 455 1699 dedit,
477 1641 539 1690 de
565 1657 613 1689 n.
637 1642 688 1690 d.
711 1640 770 1703 3,
793 1641 887 1704 28,
911 1641 995 1693 70.
1018 1669 1084 1678 -
1105 1643 1226 1690 Her-

295 1712 430 1760 cules
489 1717 594 1758 tum
650 1708 823 1758 dolore
875 1710 1222 1776 frangebatur,

288 1794 446 1842 -quum
479 1777 904 1826 immortalitatem
923 1779 1038 1841 ipsa
1065 1785 1226 1826 morte

743 181 1144 230 HERENNIUS
1169 203 1252 214 --
1274 185 1347 230 M.
1374 183 1793 230 HERENNIUS.

1370 339 1529 397 cisse,
1556 337 1619 388 de
1651 339 1802 388 domo
1834 351 1929 387 sua
1963 339 2060 398 52,
2096 336 2221 388 134.
2254 367 2320 377 -

1369 409 1445 456 Ex
1476 408 1584 456 eius
1616 407 1775 472 stirpe
1800 422 1949 472 reges
1975 407 2323 458 Lacedaemo-

1370 479 1598 535 niorum,
1631 475 1695 524 de
1725 491 1765 526 r.
1801 489 1855 540 p.
1886 476 1946 532 2,
1993 475 2089 532 12,
2124 477 2216 526 24.
2252 507 2321 516 -

1368 543 1574 594 Herculi
1588 557 1735 593 nemo
1754 543 2021 594 decumam
2042 545 2191 595 vovit
2208 561 2322 593 um-

1368 628 1519 676 quam
1533 651 1547 675 ‚
1570 612 1617 661 si
1636 613 1841 676 sapiens
1862 612 2031 661 factus
2064 619 2236 669 esset,
2258 615 2319 662 de

1367 697 1417 736 n.
1442 683 1492 734 d.
1516 681 1566 741 3,
1588 680 1675 740 36,
1696 681 1783 732 88.
1800 709 1862 716 -
1876 681 2000 730 Eius
2020 680 2206 730 fanum
2224 683 2321 730 La-

1368 752 1674 800 cedaemone
1693 786 1706 810 ,
1731 751 1793 799 de
1814 751 1969 799 divin.
1998 749 2023 798 1
2044 785 2057 808 ‚
2100 749 2199 810 34,
2231 753 2315 800 74.

1368 847 1433 855 —-
1466 818 1734 882 Templum
1762 817 1976 880 Thebis,
2013 818 2089 866 ΙΙ).
2130 819 2195 879 2,
2230 817 2313 878 31,

1366 889 1454 939 67.
1494 911 1561 924 ——·
1604 887 1839 936 Herculis
1885 885 2135 950 templum
2178 888 2316 950 apud

1370 956 1735 1022 Agrigentinos
1764 962 1993 1005 sanctum
2024 965 2075 1002 et
2106 955 2315 1020 religio·

1368 1041 1481 1075 sum
1497 1065 1510 1086 ,
1542 1025 1687 1076 Verr.
1711 1031 1930 1074 accusat.
1950 1025 2006 1083 4,
2027 1023 2117 1084 43,
2135 1022 2225 1073 94.
2246 1051 2314 1060 —

1370 1094 1611 1144 Hercules
1631 1093 1804 1143 furens
1829 1091 2122 1158 Euripidis,
2146 1092 2311 1142 Acad.

1369 1178 1447 1227 pr.
1468 1165 1519 1227 2,
1540 1161 1627 1222 28,
1654 1161 1741 1214 89.
1770 1187 1841 1198 -—
1866 1161 2112 1211 Hercules
2136 1163 2314 1210 Antia-

1370 1247 1491 1291 nuS,
1531 1231 1711 1296 fragm.
1744 1246 1797 1296 p.
1828 1230 1948 1281 250.
1980 1243 2047 1266 -’-
2074 1230 2311 1279 Herculis

1368 1301 1577 1356 Indicis,
1597 1295 1885 1362 Μηνυτοῦ
1902 1336 1918 1362 ,
1956 1298 2135 1348 sanum
2155 1298 2312 1347 Athe-

1368 1371 1474 1433 nis,
1512 1369 1575 1418 de
1594 1367 1752 1420 divin.
1780 1367 1805 1417 1
1822 1404 1835 1427 ,
1867 1369 1961 1425 25,
1990 1369 2077 1418 54.
2098 1397 2171 1408 --
2187 1367 2309 1416 Her-

1368 1439 1508 1487 cules
1539 1436 1801 1486 Prodicius
1832 1437 1971 1501 apud
1996 1435 2311 1500 Xenophon-

1366 1516 1467 1556 tem
1486 1543 1500 1566 ,
1536 1506 1597 1554 de
1618 1504 1701 1557 off.
1730 1505 1789 1567 1,
1827 1505 1921 1567 32,
1958 1504 2073 1556 118.
2097 1505 2308 1554 —Her-

1369 1575 1507 1624 eules
1541 1573 1957 1638 Xenophontiu8‚
1997 1575 2065 1622 ad
2094 1573 2216 1623 fam.
2254 1573 2305 1634 5,

1369 1645 1433 1694 12
1450 1682 1463 1704 ,
1510 1642 1559 1692 3.
1600 1667 1671 1678 -—
1712 1642 1953 1690 Hercules
2000 1651 2307 1692 memoratur

1366 1715 1519 1762 etiam
1540 1711 1603 1760 de
1634 1711 1717 1760 fin.
1740 1711 1801 1772 3,
1835 1709 1929 1770 20,
1956 1710 2044 1761 66.
2088 1711 2153 1760 de
2171 1725 2221 1758 n.
2250 1711 2301 1759 d.

1369 1783 1419 1843 2,
1440 1783 1527 1842 24,
1553 1779 1640 1829 62.

1295 1845 1617 1900 Herennius
1632 1884 1645 1911 ‚
1666 1845 1951 1914 n'egotiator
1972 1864 2035 1898 ex
2055 1847 2249 1908 Africa,
2274 1865 2305 1897 a

1366 1921 1522 1969 Verre
1542 1919 1709 1968 securi
1728 1932 2001 1982 percussus
2014 1954 2029 1980 ,
2050 1920 2196 1967 Verr.
2219 1934 2303 1967 ac-

1367 1996 1528 2040 cusat.
1550 1988 1596 2049 1,
1611 1987 1662 2045 5,
1682 1987 1765 2040 14.
1801 1989 1864 2038 V.
1880 1985 1949 2036 T.
1964 1984 2299 2037 Herennius.

1296 2053 1632 2107 Herennius.
1674 2055 1959 2105 Coheredes
1981 2055 2297 2115 Herenniani,

1366 2126 1431 2174 ad
1454 2127 1553 2173 Att.
1582 2124 1661 2183 13,
1680 2124 1733 2179 6,
1758 2126 1809 2175 2.

1299 2193 1361 2243 C.
1383 2190 1697 2243 Herennius
1715 2228 1728 2255 ‚
1755 2194 1821 2242 ad
1840 2206 1986 2255 quem
2010 2192 2209 2257 scripsit
2228 2192 2297 2241 Μ.

1366 2262 1565 2312 Tullius
1587 2268 1821 2323 quattuor
1846 2260 2002 2309 libros
2026 2260 2298 2309 rhetorico-

1366 2346 1507 2390 rum,
1530 2329 1595 2378 ad
1615 2330 1731 2377 Her.
1757 2330 1803 2391 1,
1826 2330 1875 2389 1,
1901 2330 2059 2381 1.1b.
2084 2332 2142 2392 2,
2168 2328 2293 2387 1,1.

1366 2400 1436 2448 Ib.
1460 2401 1511 2461 4,
1541 2398 1584 2457 1,
1610 2399 1660 2447 1.
1693 2398 1766 2451 lb.
1787 2398 1837 2455 4,
1856 2397 1943 2461 56,
1964 2397 2049 2449 69.

1298 2464 1360 2517 C.
1386 2463 1704 2516 Herennius
1722 2502 1737 2528 ,
1774 2476 2006 2516 senator.
2038 2466 2293 2531 peculatus

294 1847 592 1910 quaerebat,
627 1845 836 1898 Tuscul.
857 1848 890 1895 2
908 1881 922 1906 ,
951 1847 1013 1904 8,
1044 1847 1130 1895 20.
1159 1873 1226 1884 -

291 1915 520 1967 Herculis
534 1915 672 1965 illius
692 1915 998 1964 sanctissimi
1018 1929 1226 1980 corpore

289 1988 554 2045 ambusto,
585 1985 740 2033 vitam
771 1986 880 2035 eius
910 1992 958 2033 et
989 1986 1224 2034 virtutem

289 2054 645 2103 immortalitas
702 2055 966 2118 excepisse
1026 2054 1224 2110 dicitur,

292 2140 382 2187 pro
421 2120 552 2175 Sest.
583 2120 686 2185 68,
731 2122 850 2173 143.
885 2147 955 2158 -·
983 2122 1226 2171 Hercules

294 2208 358 2240 ex
392 2191 597 2239 homine
631 2192 756 2241 deus
791 2190 980 2252 factus,
1017 2192 1080 2240 de
1104 2206 1144 2239 r.
1168 2206 1222 2255 p.

289 2260 340 2321 3,
366 2259 457 2321 28,
477 2259 562 2310 40.
611 2259 675 2311 cl.
699 2260 907 2310 Tuscul.
933 2259 958 2309 1
975 2298 987 2317 ‚
1022 2260 1114 2318 12,
1139 2260 1222 2315 28.

292 2356 358 2364 -
375 2330 500 2379 Ειιῐιι
517 2328 778 2378 hominum
798 2328 937 2378 fama
961 2328 1226 2378 beneficio-

290 2414 400 2447 rum
421 2412 612 2449 memor
629 2400 680 2447 in
697 2398 912 2449 concilio
933 2398 1226 2447 caelestium

293 2468 584 2527 collocavit,
605 2468 669 2517 de
693 2468 778 2521 off.
802 2468 861 2525 3,
892 2467 951 2524 5,
971 2467 1054 2516 25.
1080 2492 1146 2502 -—
1165 2466 1227 2515 Ei

288 2536 417 2585 caeli
434 2544 575 2601 porta
595 2538 787 2599 patuit,
811 2538 874 2585 de
894 2549 934 2583 r.
957 2550 1011 2599 p.
1037 2535 1222 2600 fragm.

292 2609 466 2654 ineert.
497 2620 550 2669 p.
584 2604 702 2653 340.
733 2603 1085 2665 —Hercules,
1123 2604 1226 2651 Ae-

287 2672 579 2735 sculapius,
602 2670 776 2729 Liber,
801 2672 1006 2730 Castor,
1041 2671 1224 2721 Pollux

293 2740 524 2789 coluntur
542 2753 702 2800 aeque
718 2748 868 2803 atque
886 2739 1087 2803 Apollo,
1099 2738 1224 2787 Vul-

286 2822 474 2866 caum,
499 2807 802 2868 Mercurius,
827 2809 888 2857 de
911 2822 960 2857 n.
981 2807 1030 2855 d.
1054 2807 1104 2869 3,
1137 2807 1220 2867 18,

289 2878 372 2929 45.
418 2902 481 2912 -
520 2875 760 2925 Hercules
816 2877 952 2940 apud
1003 2874 1222 2927 Graecos

285 2946 506 3008 indeque
526 2944 793 3009 perlapsus
813 2946 879 2995 ad
898 2945 1050 2993 Italos
1069 2951 1118 2993 et
1135 2960 1223 2993 us·

289 3028 388 3075 que
421 3016 486 3063 ad
519 3014 802 3077 Oceanum,
839 3021 1008 3063 tantus
1042 3019 1090 3062 et
1117 3021 1222 3063 tam

283 3098 529 3147 praesens
562 3082 776 3133 habetur
817 3082 968 3145 (leue,
1015 3081 1218 3133 Tuscul.

292 3153 464 3211 1,.12‚
489 3152 574 3203 28.
607 3152 679 3201 Ib.
704 3152 728 3201 1
746 3188 761 3215 ,
788 3152 878 3211 14,
900 3151 984 3205 32.
1013 3178 1080 3188 -
1099 3151 1220 3201 Eius

289 3222 468 3279 cultae,
495 3222 560 3271 de
579 3222 679 3285 leg.
704 3222 754 3281 2,
773 3220 824 3279 8,
847 3220 929 3274 19.
965 3221 1038 3270 lb.
1060 3220 1111 3280 2,
1134 3220 1216 3281 11,

287 3290 372 3343 27.
414 3314 481 3325 --
514 3290 744 3339 Pinarius
790 3288 940 3338 Natta
981 3296 1118 3337 ortus
1155 3288 1220 3337 ab

284 3356 412 3414 illis,
469 3370 595 3419 quos
639 3356 910 3407 memoriae
957 3356 1220 3420 proditum

284 3432 364 3471 cst
399 3425 461 3471 ab
495 3425 608 3487 ipso
644 3424 859 3472 Hercule
903 3437 1047 3472 saera
1083 3421 1219 3470 didi-

1366 2536 1656 2600 damuatus,
1680 2536 1825 2583 Verr.
1849 2535 1959 2584 Act.
1990 2536 2035 2595 l,
2061 2534 2140 2595 13,
2161 2534 2245 2585 39.

1298 2603 1359 2655 C.
1380 2601 1695 2653 Herennius
1718 2600 1843 2653 Sex.
1867 2600 1955 2665 1³2,
1973 2605 2203 2652 tribunus
2220 2601 2290 2667 pl.

1364 2688 1407 2721 a.
1442 2688 1493 2721 u.
1528 2687 1573 2721 c.
1610 2671 1728 2721 694.
1768 2671 1834 2720 ad
1862 2670 2067 2735 plebem
2095 2672 2151 2726 P.
2185 2672 2292 2721 Clo·

1367 2741 1505 2790 dium
1524 2740 1778 2799 traduxit,
1812 2740 1880 2789 ad
1900 2741 2003 2789 Att.
2028 2743 2054 2791 1
2073 2778 2087 2801 ,
2122 2740 2210 2798 18,
2240 2744 2289 2791 4.

1362 2834 1431 2845 -
1460 2810 1742 2859 Herennius
1772 2808 2009 2872 quidam,
2048 2810 2164 2859 trib.
2202 2809 2290 2873 pL,

1365 2892 1486 2925 sane
1512 2876 1665 2926 homo
1694 2892 1909 2940 nequam
1935 2885 1985 2927 et
2014 2892 2199 2943 egens,
2234 2879 2293 2927 de

1364 2948 1419 2997 P.
1454 2944 1630 2995 Clodio
1660 2947 1724 2995 ad
1753 2945 1950 3011 plebem
1988 2942 2291 2997 traducendo

1363 3030 1512 3078 agere
1532 3016 1721 3078 coepit,
1743 3016 1815 3063 Ib.
1839 3016 1886 3073 1,
1913 3012 1993 3077 19,
2016 3016 2068 3069 5.

1293 3082 1355 3135 Ia.
1372 3080 1708 3146 Herennius,
1728 3082 1986 3133 Ciceronis
2008 3084 2293 3142 familiaris,

1362 3152 1671 3216 subscriptor
1688 3152 1746 3204 L.
1770 3153 1990 3202 Atratini
2008 3154 2060 3202 iu
2085 3154 2152 3203 M.
2177 3149 2295 3203 Cae-

1362 3220 1513 3279 lium,
1534 3235 1627 3283 pro
1650 3219 1787 3269 Cael.
1813 3220 1894 3281 11,
1916 3222 2000 3273 25.

1290 3284 1369 3338 Μ.
1392 3286 1708 3337 Herennius
1724 3324 1738 3351 ,
1760 3288 1938 3337 consul
1962 3305 2007 3342 a.
2031 3304 2082 3338 u.
2106 3306 2150 3343 c.
2172 3290 2290 3341 661.

1363 3369 1477 3403 cum
1500 3355 1553 3407 C.
1575 3354 1780 3405 Valerio
1802 3356 1998 3420 Flacco,
2024 3358 2293 3407 mediocris

1362 3430 1531 3471 orator
1547 3424 1755 3471 Latinus
1770 3460 1785 3483 ,
1806 3424 1947 3473 Brut.
1970 3426 2065 3488 45,
2090 3424 2206 3476 166.
2227 3451 2259 3460 -
2281 3450 2290 3458 ·
