2500 3850
728 163 1159 236 nnsrnmnns
1189 185 1276 197 --
1305 165 1774 215 HIERONYMUS.
2182 155 2300 216 173

283 321 347 370 14
363 357 377 377 ,
401 319 485 370 36.
510 346 577 355 -
613 321 733 368 ltcm
766 320 1084 384 Chrysippus
1100 357 1117 384 ,
1148 322 1221 370 lb.

280 389 344 447 1,
399 388 495 450 15,
540 389 626 436 41.
659 413 725 424 -—
756 388 883 436 Illud
920 385 1226 468 ψευδησίο·

279 453 439 505 δειον
455 470 468 482 ·
521 447 669 519 μηδὲ
720 453 892 521 δίκην
940 454 1221 522 (δικασῃς,

278 519 417 586 πρὶν
441 514 665 588 ἀμφοῖν
695 522 895 587 μῦθον
924 517 1223 591 ἀκούσῃς),

280 595 347 642 ad
368 595 470 644 Au.
496 595 545 654 7,
571 592 651 656 18,
675 593 728 645 4.
751 621 819 630 --
842 594 1138 645 Hesiodium
1160 594 1221 642 il-

280 663 371 711 lud
400 662 639 711 laudatur
668 677 698 710 a
729 661 922 727 doctis,
961 664 1100 725 quod
1136 679 1213 712 ea·

282 733 397 782 dem
429 745 666 780 mensura
694 732 906 780 reddere
933 733 1101 789 iubet,
1122 747 1221 795 qua

280 801 541 863 acceperis
553 836 571 860 ,
594 807 679 847 aut
700 801 855 849 etiam
874 801 1217 864 cumulatiore,

280 870 323 917 si
342 869 545 932 possis,
568 867 707 918 Brut.
729 872 793 931 4,
824 869 905 920 16.
942 870 1011 922 cl.
1036 869 1100 918 de
1131 869 1219 918 off.

284 939 341 997 1,
381 937 478 996 15,
510 935 589 986 48-
625 963 692 974 —
726 935 1003 998 HesioduS‚
1040 939 1221 988 doctus

280 1009 433 1070 poeta
464 1007 528 1054 de
558 1005 771 1055 utilitate
806 1007 1120 1056 stercorandi
1157 1021 1221 1056 ne

282 1073 490 1123 verbum
530 1074 736 1136 quidem
772 1074 922 1136 fecit,
965 1091 1119 1138 quum
1158 1076 1220 1124 de

282 1142 475 1191 cultura
500 1143 614 1206 agri
633 1143 898 1210 scriberet,
922 1145 984 1193 de
1001 1159 1107 1192 sen.
1134 1142 1217 1205 15,

278 1213 364 1260 54.
398 1209 605 1261 Tuscul.
643 1211 703 1273 1,
741 1213 836 1273 41,
877 1209 961 1262 98.
993 1237 1065 1249 —
1097 1213 1219 1264 Eius

279 1280 589 1337 versiculus,
610 1281 676 1329 ad
696 1281 799 1330 Att.
825 1279 907 1340 13,
932 1281 1014 1345 12,
1034 1281 1083 1334 3.

207 1347 553 1415 Hesperides
575 1349 719 1408 deae,
742 1349 805 1400 de
822 1364 871 1398 n.
894 1351 947 1400 d.
964 1350 1015 1410 3,
1036 1353 1114 1411 17,
1129 1352 1215 1400 44.

208 1417 497 1484 Hesperos
499 1453 531 1536 ἐ
550 1419 766 1469 Veneris
796 1417 969 1482 stella,
1004 1419 1067 1468 de
1084 1435 1135 1469 n.
1163 1421 1213 1468 d.

200 1523 453 1614 Ἐστίοῖ,
474 1558 658 1619 Vesta,
682 1557 745 1606 de
773 1571 825 1610 n.
850 1557 901 1606 d.
924 1559 985 1618 2,
1011 1557 1109 1616 27,
1130 1555 1215 1606 67.

209 1621 512 1674 Hetereius
556 1625 792 1687 quidam,
838 1626 919 1674 cni
956 1625 1219 1676 Vestorius

280 1694 387 1742 vult
421 1695 675 1758 mancipio
702 1693 814 1744 dari
844 1693 1055 1744 fundum
1077 1693 1219 1744 Brin-

279 1763 512 1820 nianum,
541 1765 609 1812 ad
624 1763 731 1811 Att.
756 1761 837 1821 13,
858 1763 943 1824 50,
968 1764 1019 1812 2.

208 1829 443 1881 Hicetas
492 1829 815 1897 Syracusius,
851 1839 908 1880 ut
948 1831 1019 1880 ait
1055 1829 1221 1880 Theo-

279 1900 545 1965 phrastus,
566 1899 789 1960 caelum,
812 1901 969 1950 solem
986 1938 1003 1965 ,
1032 1900 1219 1958 lunam,

278 1969 489 2030 stellas,
538 1984 720 2033 supera
776 1970 996 2032 denique
1052 1970 1221 2020 omnia

279 2046 413 2093 stare
452 2046 647 2101 censet,
688 2054 851 2100 neque
886 2046 1084 2103 praeter
1118 2045 1219 2087 ter-

280 2123 391 2157 ram
412 2121 519 2156 rem
540 2106 696 2155 ullam
717 2108 767 2155 in
792 2108 980 2158 mundo
998 2106 1219 2164 moveri;

280 2192 411 2237 quae
433 2190 587 2239 quum
607 2178 792 2225 circum
828 2190 978 2225 axem
1007 2192 1063 2226 se
1083 2190 1221 2224 sum-

278 2259 363 2293 ma
412 2244 667 2297 celeritate
717 2254 975 2295 convertat
1021 2253 1069 2294 et
1116 2252 1219 2293 tor-

281 2322 464 2376 queat,
486 2314 663 2363 eadem
696 2313 827 2363 effici
846 2314 1043 2377 omnia,
1071 2328 1217 2376 quae,

281 2384 328 2432 si
354 2390 518 2435 stante
541 2391 671 2433 terra
702 2382 895 2432 caelum
914 2389 1219 2443 moveretur,

280 2451 442 2504 Acad.
466 2465 546 2515 pr.
568 2452 619 2511 2,
638 2450 725 2510 39,
750 2452 865 2503 123.

210 2516 523 2585 Hiempsal.
562 2521 729 2587 Agros
748 2521 801 2568 in
820 2520 1021 2580 Africa,
1049 2521 1137 2583 qui
1154 2520 1217 2569 ab

278 2588 567 2653 Hiempsale
586 2604 705 2653 rege
725 2588 1050 2638 Mauritaniae
1063 2627 1078 2653 ,
1099 2604 1219 2653 pos-

281 2657 541 2721 sidentur,
570 2658 751 2709 Rullus
778 2660 981 2723 excepit
1012 2658 1065 2706 in
1096 2673 1220 2707 ven-

280 2726 463 2775 dendis
492 2728 663 2791 agris,
704 2726 769 2775 de
792 2727 907 2791 lege
935 2742 1044 2792 agr.
1076 2727 1137 2791 1,
1166 2727 1221 2789 4,

282 2793 366 2846 10.
407 2794 481 2846 11).
506 2796 556 2858 2,
583 2796 670 2854 22,
690 2792 775 2861 58.
796 2820 865 2831 -
884 2796 1085 2845 Foedus
1105 2810 1219 2844 cum

276 2878 339 2911 eo
368 2877 460 2926 per
478 2863 535 2913 C.
560 2864 753 2927 Cottam
786 2864 1045 2917 consulem
1066 2866 1218 2914 ictum

280 2946 311 2979 a
331 2931 519 2995 populo
539 2932 765 2981 Romano
784 2948 883 2982 uon
908 2940 985 2981 est
1002 2934 1215 2993 iussum,
1275 2945 1280 2951 ·

280 3001 333 3047 in
354 3001 523 3048 Vatin.
550 3004 599 3061 5,
626 3002 707 3050 12.

209 3065 445 3130 Hieras,
468 3069 691 3118 Deiotari
713 3070 847 3133 regis
868 3070 1096 3135 legatus,
1126 3085 1216 3133 pro

276 3136 514 3187 Deiotaro
537 3138 616 3201 15,
636 3138 700 3187 41
724 3149 773 3186 et
792 3140 879 3191 42.
902 3166 967 3175 —-
990 3140 1218 3188 Minister

276 3204 499 3255 Deiotari
515 3208 683 3271 regis,
709 3206 775 3256 ad
796 3209 899 3256 Att.
928 3206 1011 3271 16,
1036 3206 1085 3271 3,
1108 3207 1161 3259 6.

208 3268 408 3323 Hiero.
437 3276 505 3322 V.
524 3272 759 3324 Hieron.

205 3339 503 3395 Hierocles
527 3343 855 3393 Alabandeus
872 3350 923 3393 et
942 3343 1053 3391 Men
1062 3344 1213 3397 ecles,

275 3412 387 3461 eius
402 3410 571 3473 frater,
584 3412 794 3463 Asiatici
812 3417 1051 3474 oratores,
1074 3411 1212 3465 Brut.

1367 322 1452 380 95,
1475 319 1594 371 325.
1613 346 1682 356 —
1701 320 1958 372 Hierocles
1983 329 2031 372 et
2051 321 2300 373 Menecles

1367 390 1575 448 fratreS‚
1645 389 1984 440 Asiaticorum
2039 391 2300 441 rhetorum

1365 459 1650 522 principa,
1693 459 1900 508 minime
1928 462 2296 521 contemnendi,

1366 535 1490 576 orat.
1509 526 1597 585 69,
1618 523 1739 576 231.
1760 553 1824 562 -
1846 528 2106 588 Hierocles
2127 537 2176 578 et
2193 529 2298 578 Me-

1363 595 1532 644 necles
1551 596 1661 643 eius
1689 596 1868 654 frater,
1901 597 2296 660 Alabandensem,

1361 678 1460 714 non
1483 663 1696 724 Rhodii,
1726 663 1976 724 rhetores,
2013 667 2074 716 de
2101 675 2224 715 orat.
2247 668 2295 724 2,

1361 733 1446 794 23,
1467 731 1554 782 95.

1291 797 1506 851 Hieron
1527 815 1570 850 s.
1595 798 1774 851 Hiero
1789 836 1804 864 ,
1823 809 2066 867 tyrannus
2086 801 2297 869 Syracu-

1363 885 1620 941 sanusq-
1641 870 1762 918 Eius
1793 885 1962 923 sermo
1987 887 2100 921 cum
2132 871 2298 921 Simo-

1361 941 1479 989 nide
1495 974 1510 997 ,
1533 939 1598 988 de
1616 954 1668 986 u.
1691 939 1739 988 d.
1765 939 1813 998 1,
1839 941 1923 1004 22,
1945 941 2030 992 60.

1292 1005 1506 1058 Hieron
1540 1009 1600 1056 Il.
1636 1006 1994 1072 Syracusarum
2025 1025 2134 1059 rex.
2175 1009 2297 1059 Eius

1365 1077 1624 1140 phalerae,
1671 1077 1820 1129 Verr.
1853 1085 2072 1130 accusat.
2111 1081 2171 1138 4,
2213 1080 2295 1138 12,

1357 1145 1444 1196 29.
1462 1172 1528 1180 -
1541 1145 1770 1196 Hieronis
1789 1148 1927 1212 regis
1947 1148 2130 1197 domus
2148 1148 2201 1196 in
2222 1149 2296 1197 in-

1363 1215 1476 1264 sula
1520 1214 1884 1278 Syracusarum
1901 1252 1914 1274 ,
1970 1231 2070 1279 qua
2121 1224 2297 1281 postea

1359 1291 1618 1349 praetores
1650 1284 1726 1331 uti
1752 1283 2006 1342 solebant,
2039 1285 2112 1337 lb.
2136 1287 2186 1342 4,
2207 1284 2293 1345 53,

1365 1351 1478 1402 118.
1502 1379 1568 1387 —-
1586 1351 1779 1400 Domus
1805 1354 2058 1415 praetoria
2079 1351 2295 1414 Syracu-

1361 1421 1450 1478 sis,
1468 1434 1596 1480 quae
1613 1420 1752 1483 regis
1768 1420 2000 1468 Hieronis
2021 1420 2133 1478 fuit,
2149 1421 2293 1470 Verr.

1361 1497 1579 1538 accusat.
1600 1487 1652 1548 5,
1679 1487 1761 1548 12,
1787 1485 1873 1538 30.

1288 1554 1504 1606 Hieron
1539 1563 1587 1605 et
1615 1554 1970 1619 Tlepolemus,
2010 1554 2292 1620 Cibyratae,

1359 1625 1568 1685 fratreS,
1615 1638 1827 1686 quorum
1869 1623 1998 1674 alter
2039 1623 2232 1688 fingere
2269 1641 2296 1673 e

1359 1708 1475 1743 cera
1492 1693 1670 1742 solitus
1691 1699 1814 1750 erat,
1840 1692 1966 1742 alter
1985 1701 2092 1742 erat
2112 1694 2294 1758 pictor,

1358 1777 1510 1812 canes
1531 1760 1584 1810 C.
1607 1761 1777 1810 Verris
1791 1797 1804 1820 ,
1826 1762 1972 1811 Verr.
1996 1771 2216 1814 accusat.
2241 1766 2292 1823 4,

1363 1829 1458 1890 13,
1493 1827 1578 1881 30.
1616 1830 1691 1878 lb.
1726 1831 1788 1887 4,
1819 1829 2023 1889 44,96.
2057 1833 2120 1882 V.
2145 1833 2295 1881 etiam

1365 1896 1660 1949 Cornelius
1683 1897 2066 1963 Tlepolemus.

1292 1965 1599 2018 Hieronica
1622 1968 1703 2017 lex
1717 2002 1732 2028 ,
1753 1968 1886 2016 dicta
1913 1970 1974 2017 ab
1995 1969 2214 2018 Hierone
2233 1969 2292 2017 Π.

1363 2064 1428 2073 -
1464 2040 1598 2087 Inter
1635 2045 1859 2085 aratores
1901 2045 1950 2084 et
1989 2038 2294 2085 decumanos

1363 2106 1476 2171 lege
1498 2104 1854 2168 frumentaria,
1890 2121 2038 2168 quam
2065 2106 2297 2174 Hieroni·

1363 2190 1474 2225 cam
1529 2173 1790 2239 appellant
1847 2173 2044 2235 Siculi,
2108 2175 2318 2228 iudicia,

1361 2245 1512 2304 flunt,
1533 2246 1681 2295 Verr.
1701 2250 1923 2293 accusat.
1947 2246 2006 2306 2,
2034 2242 2130 2306 13,
2159 2242 2222 2291 32
2247 2253 2294 2291 et

1361 2314 1446 2365 34.
1489 2314 1546 2361 cl.
1573 2314 1640 2361 ib.
1666 2312 1717 2372 3,
1739 2312 1791 2374 6,
1815 2312 1898 2361 14.

1290 2379 1670 2447 Hieronymus
1707 2380 1963 2437 Rhodius,
1998 2378 2294 2440 Peripateti·

1361 2465 1466 2499 cus.
1485 2475 1555 2484 —
1580 2449 1716 2497 Finis
1737 2447 1814 2495 illi
1831 2448 2036 2497 videtur
2050 2444 2175 2494 nihil
2201 2445 2291 2493 do-

1357 2519 1476 2570 lere.
1511 2516 1673 2581 Negat
1705 2530 1819 2565 esse
1843 2514 2149 2578 voluptatem
2181 2529 2294 2577 pro—

1359 2596 1472 2651 pte-r
1491 2600 1546 2635 se
1564 2584 1918 2649 expetendam.
1953 2582 2110 2633 Aliud
2143 2583 2297 2647 igitur

1360 2663 1529 2705 censet
1545 2654 1772 2718 gaudere
1785 2690 1798 2713 ,
1821 2652 1960 2703 aliud
1979 2667 2078 2701 non
2103 2652 2293 2713 dolere,

1359 2725 1423 2774 de
1441 2723 1528 2773 fin.
1551 2725 1603 2788 2,
1621 2722 1673 2785 3,
1693 2722 1745 2773 8.
1757 2748 1828 2759 -
1845 2722 2028 2773 Censet
2041 2737 2296 2771 summum

1357 2795 1544 2843 bonum
1577 2808 1690 2843 esse
1717 2794 1826 2841 sine
1846 2790 2080 2843 molestia
2099 2793 2294 2849 vivere,

1357 2861 1711 2922 1b.2,5,16.
1751 2862 1911 2920 Ib.2‚
1941 2861 2108 2925 6,19.
2147 2862 2217 2911 lb.
2242 2862 2294 2920 2,

1363 2930 1442 2993 10,
1467 2932 1551 2983 32.
1583 2932 1654 2979 lb.
1673 2931 1724 2993 2,
1748 2930 1830 2991 13,
1849 2929 2296 2983 41.—Summum
2367 2962 2376 2967 -

1321 3036 1325 3041 -
1360 3000 1546 3049 bonum
1567 3002 1806 3064 exposuit
1827 3001 2125 3048 vacuitatem
2153 2997 2294 3047 dolo·

1355 3070 1455 3129 ris,
1477 3070 1552 3122 Ib.
1575 3071 1638 3128 5,
1666 3069 1727 3129 5,
1751 3068 1833 3117 14.
1873 3068 1948 3119 lb.
1975 3067 2026 3129 5,
2047 3067 2096 3129 7,
2116 3064 2203 3115 20.
2227 3092 2294 3101 --

1357 3137 1688 3201 Hieronymus
1746 3136 1951 3185 omnino
1989 3135 2222 3183 virtutem
2263 3149 2295 3180 a

1356 3206 1602 3255 bonorum
1635 3206 1732 3253 fine
1767 3203 2084 3268 segregavit,
2119 3203 2180 3251 de
2203 3201 2291 3253 fin.

1355 3277 1418 3336 4,
1444 3274 1536 3335 18,
1559 3274 1648 3325 49.
1678 3297 1748 3309 -—
1775 3272 1887 3321 Non
1909 3271 2080 3321 dolere
2117 3271 2291 3319 Hiero-

1357 3356 1536 3407 nymus
1567 3354 1820 3391 summum
1843 3342 2030 3390 bonum
2065 3354 2179 3389 esse
2214 3337 2293 3386 di·

1357 3412 1468 3472 xit,
1503 3410 1578 3459 lb.
1605 3410 1658 3472 5,
1677 3410 1763 3470 25,
1784 3408 1870 3459 73.
1911 3408 1977 3458 cl.
2008 3406 2212 3458 Tuscul.
2236 3408 2288 3457 2.
