2500 3850
238 162 364 222 240

308 336 513 392 accepta
528 365 541 390 ,
564 342 627 378 ex
644 335 848 378 senatus
867 317 1095 378 consulto
1117 327 1242 376 libe-

307 398 550 459 ravisset,
572 403 627 445 ut
654 412 743 447 eae
764 411 940 446 rursus
966 396 1244 461 vectigales

308 474 477 515 essent
495 501 509 526 ,
531 467 594 516 de
614 465 698 518 off.
720 463 771 525 3,
793 466 877 529 22,
900 465 986 518 87.
1014 493 1084 504 --
1106 467 1169 513 A.
1190 480 1241 514 u.

304 551 351 584 c.
372 535 492 586 674.
517 535 642 584 dixit
661 549 753 599 pro
774 532 894 584 Sex.
914 532 1106 583 Naevio
1128 548 1246 584 con-

482 173 545 220 1..
568 171 871 220 MARCIUS
902 172 1266 220 PHILIPPUS
1289 192 1376 207 ·-·
1396 173 1713 221 MARIANA
1749 171 2083 232 QUERCUS.

1382 346 1435 379 u.
1473 345 1518 378 c.
1555 329 1711 391 711„
1742 329 1962 394 Philipp.
2001 329 2063 391 8,
2105 328 2200 387 10,
2237 329 2325 382 28.

1383 424 1447 435 --
1483 398 1703 464 Legatus
1731 399 1798 448 ad
1826 400 2100 448 Antonium
2118 416 2136 458 ‚·
2163 397 2239 449 lb.
2269 397 2322 460 9,

1384 466 1632 598 ll),215.2ad
1661 466 1784 516 fam.
1821 468 1914 528 12,
1949 469 2011 526 4,
2046 465 2094 514 l.
2138 465 2320 532 fragm.

304 613 382 652 tra
404 603 457 653 P.
480 602 770 661 Quinctium
784 640 799 664 ,
820 617 910 667 pro
934 601 1132 660 Quinct.
1156 602 1243 664 21,
1315 601 1378 654 1..
1400 599 1649 653 Marcius
1674 600 1737 654 Ia.
1759 599 1824 650 F.
1841 600 1981 654 1..N.
2001 599 2320 668 Philippus.

306 674 391 724 72.
432 673 507 724 lb.
533 673 629 736 24,
650 673 735 722 77.
772 671 843 724 lb.
867 670 962 734 26,
988 671 1071 722 80.
1093 670 1242 722 -L.

305 740 573 807 Philippus
593 741 801 805 gloriari
819 738 1013 789 solebat
1041 755 1096 790 se
1130 740 1243 788 sinc

306 810 410 859 ullo
430 824 639 859 munere
657 810 897 873 adeptum
918 823 1031 858 esse
1052 809 1240 868 omnia,

304 895 438 942 quae
464 877 767 928 haberentur
792 877 1140 942 amplissima,
1180 877 1245 926 de

306 949 395 1001 off.
416 950 468 1010 2,
494 948 575 1006 17,
600 946 686 997 59.
701 946 852 996 —De
875 949 985 997 eius
1004 947 1245 1008 eloquen-

308 1019 409 1067 tiae
426 1016 662 1066 laudibus
680 1053 694 1078 ,
723 1016 860 1065 Brut.
885 1017 983 1075 47,
1017 1013 1135 1069 173.
1175 1012 1243 1065 cl.

306 1087 377 1138 ib.
398 1085 493 1143 50,
516 1083 631 1135 186.
672 1085 745 1136 lb.
769 1085 861 1147 57,
898 1082 1017 1134 207.
1056 1084 1131 1133 Ib.
1154 1081 1242 1147 88,

305 1151 426 1205 301.
455 1151 552 1212 89,
575 1151 695 1203 304.
717 1181 790 1192 --
813 1153 932 1202 Erat
965 1152 1018 1200 in
1036 1169 1097 1203 eo
1114 1150 1246 1200 mul·

304 1230 388 1272 tus
406 1222 579 1288 lepoS,
608 1222 673 1271 de
693 1221 776 1272 off.
811 1222 836 1271 1
855 1258 869 1281 ,
901 1219 997 1281 30,
1036 1219 1153 1273 108.
1175 1247 1247 1258 -

306 1293 449 1340 ‘Fur’
475 1299 681 1341 vocatus
702 1289 939 1351 aCatulo,
962 1291 1025 1339 de
1045 1298 1173 1342 orat.
1188 1291 1241 1353 2,

304 1362 403 1425 54,
436 1360 555 1411 220.
586 1361 797 1411 —Eius
830 1362 1046 1416 dictum,
1087 1360 1159 1409 Ib.
1189 1360 1243 1422 2,

302 1430 392 1493 60,
416 1429 533 1480 245.
574 1429 727 1480 Aliud
745 1431 813 1480 ib.
839 1431 890 1490 2,
910 1427 996 1492 61,
1016 1428 1136 1479 249.
1166 1427 1241 1476 Ib.

306 1501 357 1555 2,
376 1499 461 1559 63,
482 1497 602 1552 255.
616 1525 687 1536 -
707 1502 991 1564 imparatus
1014 1497 1246 1547 veniebat

303 1567 373 1617 ad
395 1567 611 1616 orandas
633 1568 746 1617 lites
762 1605 777 1628 ‚
808 1567 884 1617 lb.
909 1567 970 1628 2,
1004 1565 1099 1626 78,
1121 1564 1240 1618 316.

312 1662 374 1672 -
412 1636 639 1685 Vitricus
674 1636 769 1686 fuit
806 1635 980 1692 Gellii,
1020 1634 1243 1685 hominis

308 1704 564 1760 seditiosi,
593 1703 764 1754 fratris
789 1704 847 1754 L.
880 1703 1030 1754 Gellii
1060 1718 1243 1754 consu·

308 1774 371 1822 lis
409 1787 455 1822 a.
495 1788 545 1820 ιι.
583 1786 626 1819 c.
665 1771 821 1832 682„
861 1787 953 1837 pro
986 1771 1118 1821 Sest.
1156 1772 1242 1832 51,

238 1905 303 1961 Ῑι.
319 1905 567 1961 Marcius
590 1909 652 1961 L.
668 1907 731 1959 F.
749 1909 818 1974 Q.
836 1907 902 1961 N.
924 1906 1242 1976 Philippus,

308 1995 412 2034 cos,
436 1994 483 2033 a.
508 1997 560 2031 u.
584 1996 628 2029 c.
654 1978 775 2031 698.
796 2015 810 2040 ,
840 1982 904 2031 ad
923 1981 1028 2030 Att.
1057 1982 1120 2043 5,
1155 1980 1241 2043 21,

310 2051 391 2101 11.
432 2048 507 2097 lb.
530 2049 579 2109 5,
604 2049 697 2108 12,
717 2047 875 2099 3.Ι1).
898 2049 962 2113 5,
987 2049 1080 2111 13,
1101 2047 1244 2102 3.-

305 2119 474 2167 Atiam
496 2118 565 2170 Μ.
585 2118 691 2167 Atii
709 2116 855 2167 Balbi
873 2118 1067 2167 Aricini
1085 2116 1243 2167 filiam

307 2189 358 2236 in
396 2186 771 2235 matrimonium
814 2186 982 2244 duxit,
1012 2185 1241 2252 Philipp.

306 2256 357 2321 3,
382 2254 432 2314 6,
456 2253 537 2307 15.
578 2255 653 2304 Ib.
672 2254 705 2306 3
726 2292 740 2317 ‚
771 2254 804 2305 6
822 2292 836 2317 ,
861 2255 941 2305 17.
965 2284 1030 2291 -
1050 2254 1242 2321 Philip-

306 2337 404 2391 pus
436 2338 483 2372 a.
506 2338 555 2373 ιι.
580 2340 625 2377 c.
658 2322 776 2375 705.
800 2332 1091 2375 neutrarum
1124 2339 1243 2389 par-

304 2396 433 2445 tium
452 2394 505 2441 in
531 2393 669 2443 bello
703 2393 841 2443 civili
872 2393 1084 2459 Neapoli
1118 2401 1241 2457 erat,

303 2463 372 2512 ad
391 2463 495 2513 Att.
516 2462 565 2526 9,
590 2462 673 2520 15,
690 2465 756 2512 4..
782 2462 847 2512 cl.
870 2463 941 2512 ib.
968 2461 1051 2525 10,
1080 2464 1131 2522 4,
1157 2463 1240 2513 10.

300 2558 373 2569 -
405 2534 499 2581 Per
534 2534 702 2581 iocum
744 2540 957 2581 vocatur
990 2532 1243 2597 Amyntac

300 2600 439 2649 filius
458 2636 472 2659 ,
523 2600 643 2661 quia
682 2602 925 2664 Amyntas
964 2608 1108 2663 pater
1146 2599 1243 2649 fuit

305 2668 529 2731 Philippi
553 2668 857 2728 Macedonis,
878 2668 946 2717 ad'
966 2668 1069 2718 Att.
1087 2668 1170 2729 12,
1186 2668 1237 2719 9.

304 2738 376 2787 lb.
405 2735 498 2794 12,
525 2734 607 2786 16.
648 2736 718 2784 Ib.
742 2736 835 2799 12,
872 2735 963 2795 18,
996 2737 1043 2787 1.
1072 2764 1136 2773 -
1161 2738 1243 2788 Ad

304 2802 594 2868 Philippum
624 2805 861 2854 secundis
886 2805 1241 2856 Saturnalibus

304 2872 493 2923 Caesar
523 2873 737 2923 devertit
775 2889 822 2923 a.
845 2891 895 2923 u.
918 2890 964 2924 c.
990 2874 1109 2926 709.
1126 2911 1141 2938 ,
1163 2876 1236 2924 Ib.

308 2940 371 2992 13
388 2978 401 3005 ,
422 2942 489 2993 52
503 2980 518 3003 ,
556 2942 604 2991 1.
625 2969 697 2979 -
714 2942 983 3009 Philippus
1004 2951 1091 2994 aut
1110 2941 1241 2993 Mar-

300 3012 465 3063 cellus
492 3021 678 3064 movet.
724 3012 842 3063 Alia
873 3021 980 3063 erat
1011 3011 1241 3079 Philippi

1384 673 1588 722 Praetor
1612 687 1659 721 a.
1685 687 1734 719 u.
1757 687 1803 724 c.
1832 671 1951 724 710.
1973 707 1986 732 ,
2017 670 2244 736 Philipp.
2269 673 2318 732 3,

1317 808 1384 874 Q.
1406 806 1653 859 Marcius
1681 804 1981 873 Philippus
2012 809 2187 859 consul
2208 825 2319 858 cum

1385 876 1473 926 Cn.
1503 874 1719 928 Servilio
1751 891 1797 924 a.
1828 892 1876 924 u.
1909 891 1953 924 c.
1983 875 2106 927 585.
2127 914 2142 940 ,
2183 877 2314 927 Brut.

1386 946 1472 1010 20,
1497 946 1582 997 78.

1318 1012 1386 1081 Q.
1414 1011 1706 1080 (Marcius)
1730 1010 2029 1079 Philippus
2052 1015 2317 1064 damnatus

1383 1085 1530 1134 exsul
1559 1084 1802 1133 Nuceriae
1821 1083 1950 1134 vixit
1973 1083 2180 1146 eiusque
2199 1086 2318 1133 civi-

1384 1152 1502 1202 tatis
1540 1153 1702 1202 i'actus
1739 1161 1818 1203 est
1850 1152 2008 1212 civita,
2045 1166 2138 1216 pro
2165 1152 2317 1204 Balbo

1319 1289 1387 1353 Q.
1449 1287 1694 1340 Marcius
1756 1286 2051 1355 Philippus
2117 1305 2315 1354 procos.

1384 1359 1540 1408 Asiae
1572 1374 1618 1410 a.
1641 1374 1690 1407 ιι.
1715 1375 1760 1408 c.
1782 1357 1901 1409 700.
1938 1359 2021 1408 Ad
2051 1373 2166 1408 eum
2197 1361 2318 1409 scri·

1384 1439 1500 1491 ptae
1535 1429 1744 1478 suntad
1774 1427 1896 1480 fam.
1933 1425 2014 1477 13.
2057 1442 2141 1492 ep.
2170 1429 2237 1480 73
2271 1436 2319 1478 et

1317 1563 1610 1630 (Marcius)
1623 1563 1761 1614 Rex.
1787 1557 1864 1614 Ad
1885 1580 1996 1614 eum
2017 1573 2092 1616 est
2113 1567 2179 1615 ad
2195 1566 2314 1619 fam.

1389 1634 1470 1684 13.
1495 1650 1576 1699 ep.
1599 1633 1684 1683 52.

1316 1702 1384 1766 Q.
1405 1699 1653 1753 Marcius
1684 1700 1806 1751 Rex
1835 1718 1866 1750 a
1889 1702 1957 1754 M.
1981 1703 2201 1753 Antonio
2231 1704 2316 1752 de-

1385 1772 1558 1821 fensus
1574 1809 1586 1827 ‚
1610 1771 1670 1820 de
1691 1778 1819 1822 orat.
1842 1773 1891 1829 2,
1913 1770 1997 1831 28,
2023 1772 2142 1822 125.

1318 1839 1387 1903 Q.
1409 1838 1656 1891 Marcius
1675 1838 1799 1890 Rex
1816 1841 1990 1889 consul
2007 1856 2124 1890 cum
2141 1840 2199 1889 L.
2217 1841 2315 1890 Me-

1383 1909 1503 1959 tello
1527 1923 1572 1958 a.
1600 1926 1647 1957 ιι.
1671 1925 1717 1958 c.
1739 1907 1859 1960 686.
1876 1946 1891 1970 ,
1920 1910 1971 1959 iu
1991 1909 2161 1961 Pison.
2182 1909 2242 1970 4,
2264 1909 2311 1961 8.

1383 2006 1455 2018 ·—
1473 1980 1532 2038 Q.
1551 1978 1771 2027 Marcius
1787 1977 1901 2027 Rex
1920 1993 2100 2029 censor
2116 1980 2316 2044 signum

1387 2045 1698 2098 Concordiae
1733 2046 1917 2096 fecerat
1954 2048 2110 2110 idque
2146 2049 2198 2097 iu
2223 2062 2316 2113 pu-

1384 2117 1516 2167 blico
1553 2114 1843 2166 collocarat.
1891 2116 1998 2167 Hoc
2031 2118 2230 2183 signum
2261 2116 2312 2165 C.

1386 2185 1594 2235 Cassius
1635 2199 1813 2234 censor
1851 2200 2005 2247 quum
2041 2186 2095 2233 in
2129 2187 2315 2235 curiam

1382 2254 1750 2312 transtulisset,
1799 2253 2071 2320 collegium
2116 2254 2315 2320 pontifi-

1384 2338 1499 2373 cum
1539 2322 1822 2383 consuluit,
1875 2336 1997 2373 num
2044 2324 2166 2385 quin
2205 2338 2315 2373 esse

1385 2407 1570 2442 causae
1588 2392 1845 2441 videretur
1858 2427 1872 2452 ,
1899 2392 2024 2453 quid
2042 2392 2097 2441 id
2115 2393 2316 2458 signum

1384 2462 1675 2523 curiamque
1705 2460 2018 2510 Concordiae
2045 2462 2314 2524 dedicaret,

1383 2532 1450 2580 de
1469 2531 1620 2580 domo
1639 2544 1731 2579 sua
1749 2528 1833 2591 50,
1861 2528 1977 2581 130.

1317 2598 1387 2665 Q.
1423 2596 1672 2649 Marcius
1701 2596 1852 2660 Rex,
1884 2599 1965 2647 cui
1985 2606 2142 2663 nupta
2161 2599 2319 2650 suerat

1384 2667 1584 2728 Tertia,
1615 2668 1672 2716 P.
1695 2665 1859 2716 Clodii
1891 2682 2060 2727 soror,
2096 2671 2148 2717 in
2167 2676 2318 2717 testa-

1384 2744 1550 2787 mento
1585 2734 1752 2787 Clodii
1789 2737 2094 2785 mentionem
2128 2736 2318 2786 nullam

1384 2806 1530 2869 i'ecit,
1553 2805 1619 2855 ad
1636 2805 1741 2854 Att.
1768 2804 1814 2867 1,
1838 2803 1921 2867 16,
1948 2805 2028 2856 10.

1316 2874 1384 2938 Q.
1410 2869 1658 2924 Marcius
1691 2870 2014 2925 Tremulus.
2055 2872 2228 2923 Statua
2258 2873 2317 2931 Q.

1380 2942 1635 3001 Tremuli,
1690 2942 1775 3005 qui
1819 2940 2062 2993 Hernicos
2111 2943 2315 3001 devicit,

1381 3017 1495 3061 ante
1517 3009 1765 3070 Castoris,
1785 3010 2006 3075 Philipp.
2032 3010 2083 3071 6,
2105 3012 2155 3073 5,
2180 3011 2266 3063 13.

300 3090 353 3131 et
377 3080 607 3132 Marcelli
626 3083 764 3131 ratio
794 3091 945 3145 atque
980 3079 1238 3131 Ciceronis
1308 3078 1467 3132 Marc
1484 3079 1768 3143 Rubrum,
1800 3080 1862 3129 de
1883 3094 1932 3130 n.
1957 3081 2006 3130 d.
2034 3080 2058 3129 1
2079 3116 2094 3139 ,
2122 3080 2208 3142 35,
2228 3078 2317 3132 96.

300 3166 353 3202 a.
384 3166 435 3201 u.
469 3167 510 3205 c.
538 3150 691 3213 710.‚
726 3152 798 3200 lb.
839 3150 937 3213 16,
971 3150 1066 3209 14,
1096 3150 1147 3199 2.
1169 3176 1237 3187 --
1306 3147 1492 3201 Maria
1513 3148 1634 3213 lex,
1658 3164 1786 3212 quac
1803 3155 1983 3213 pontes
2003 3148 2124 3199 fecit
2157 3163 2319 3213 angu-

299 3219 569 3285 Philippus
629 3218 889 3270 Octavium
942 3219 1236 3284 privignum

1377 3226 1511 3280 atos,
1536 3220 1598 3269 de
1619 3219 1723 3282 leg.
1747 3218 1797 3279 3,
1824 3218 1904 3280 17,
1927 3216 2009 3269 38.

301 3302 450 3337 suum
483 3287 751 3337 Caesarem
782 3303 882 3337 non
917 3288 1156 3337 salutavit
1182 3302 1232 3337 a.
1307 3283 1566 3337 Mariana
1589 3300 1825 3353 quercus
1855 3285 2068 3351 Arpini,
2108 3300 2141 3334 a
2173 3284 2320 3335 Cice-

301 3370 356 3407 u.
378 3372 423 3407 c.
446 3356 564 3406 710.
585 3393 599 3418 ,
636 3356 709 3405 Ib.
744 3356 839 3416 14,
875 3356 969 3415 12,
1004 3357 1056 3408 2.
1079 3380 1148 3392 -
1173 3356 1231 3404 L.

300 3422 595 3487 Philippus,
641 3424 879 3488 princeps
921 3424 1145 3473 civitatis
1182 3438 1231 3475 a.

1377 3370 1500 3473 lou2e
1520 3356 1769 3405 celebrata
1787 3355 1839 3403 in
1857 3354 2036 3417 Mario,
2057 3355 2120 3405 de
2141 3353 2240 3420 leg.
2263 3353 2316 3415 1,

1415 3459 1427 3483 ,
1485 3459 1499 3472 .
