2500 3850
247 179 332 242 64

321 347 373 400 8.
391 374 458 385 —-
475 346 623 396 Lator
639 341 916 412 rogationis
936 345 998 394 de
1012 344 1257 396 Clodiana

317 417 596 482 religione,
628 416 765 464 idem
788 422 896 464 erat
925 414 1184 464 dissuasor
1205 428 1252 465 a.

318 503 371 535 u.
397 501 440 537 o.
463 484 601 544 693„
625 483 814 533 adAtt.
840 483 887 543 l,
909 483 994 545 14,
1015 485 1064 535 5.
1105 483 1180 532 ΙΙ).
1205 482 1254 542 1,

319 557 402 613 15,
427 555 473 604 1.
492 521 650 602 -Μ,
679 553 827 615 Piso,
849 567 1130 617 cognomen
1147 551 1254 600 fru-

317 623 560 689 galitatis,
582 622 683 670 nisi
704 622 1012 686 accepisset,
1035 622 1148 687 ipse
1167 635 1257 686 pe-

316 693 561 758 perisset,
587 703 682 754 pro
705 690 882 741 Flacco
907 692 956 751 2,
979 691 1028 740 5.
1055 705 1109 755 p.
1133 689 1252 741 295.

317 761 441 810 Eius
487 760 740 823 cupiditas
785 759 1159 823 triumphandi,
1201 759 1257 807 in

317 831 488 881 Pison.
529 827 622 889 26,
659 828 746 878 62.
785 855 857 865 -
894 828 1069 886 Qualis
1106 827 1257 876 fuerit

319 906 501 958 orator,
522 897 662 948 Brut.
685 896 770 958 67,
791 895 910 946 236.
933 897 1005 946 Ib.
1027 894 1112 955 90,
1131 894 1254 946 308:

313 965 436 1020 309.
461 993 526 1002 —-
547 965 934 1029 Peripateticus,
967 965 1029 1014 de
1049 980 1099 1013 n.
1123 966 1176 1014 d.
1205 964 1252 1023 1,

319 1039 378 1100 7,
405 1036 486 1086 16.
525 1037 583 1084 In
613 1033 742 1083 libro
771 1035 833 1083 de
861 1049 910 1082 n.
938 1033 986 1086 d.
1012 1035 1178 1098 primo
1207 1041 1256 1082 et

315 1107 366 1154 in
387 1105 515 1153 libro
526 1105 592 1156 V.
611 1103 676 1152 de
695 1103 879 1153 finibus
895 1102 1150 1154 inducitur
1165 1117 1256 1150 ex·-

316 1173 512 1238 plicans
562 1172 812 1220 rationem
865 1172 1254 1235 Peripateticam

319 1244 384 1292 de
417 1247 597 1289 natura
635 1241 842 1290 deorum
885 1247 934 1290 et
969 1241 1032 1290 de
1069 1241 1254 1289 finibus

313 1313 580 1360 bonorum.
612 1309 763 1360 Domi
781 1323 904 1359 suae
925 1309 1146 1359 habebat
1163 1309 1257 1358 Pe-

317 1380 638 1443 ripateticum
671 1377 932 1440 Staseam,
963 1378 1027 1427 de
1048 1385 1170 1431 orat.
1205 1378 1252 1437 1,

311 1449 410 1508 22,
435 1448 554 1499 104.
573 1473 644 1485 --
662 1449 841 1498 Facete
874 1463 1028 1512 saepe
1057 1447 1254 1498 Stoicos

317 1518 592 1576 irridebat,
622 1517 685 1568 de
721 1517 806 1566 fin.
842 1521 902 1576 4,
937 1515 1031 1576 26,
1069 1517 1153 1569 73.
1188 1541 1254 1551 -—

315 1585 545 1636 confecit
599 1585 772 1635 Cicero
827 1586 1048 1648 quinque
1097 1585 1254 1634 libros

317 1648 450 1718 περὶ.
467 1650 669 1717 τελῶν,
699 1663 754 1702 ut
775 1654 1024 1718 Epicurea
1045 1654 1103 1702 L.
1131 1654 1254 1702 Tor-

319 1729 500 1785 quato,
540 1721 711 1770 Stoica
744 1722 814 1773 M.
855 1721 1061 1785 Catoni,
1100 1735 1254 1786 περι-

317 1781 602 1853 noeman&
638 1790 706 1838 Μ.
741 1790 915 1838 Pisoni
963 1790 1140 1850 daret,
1189 1791 1257 1839 ad

319 1860 422 1908 Au.
449 1856 530 1917 13,
553 1856 634 1915 19,
656 1861 705 1909 4.

247 1928 325 1980 M.
359 1925 695 1993 Calpurnius
714 1923 870 1989 Piso,
893 1926 1148 1977 Ciceronis
1169 1942 1258 1977 ne-

316 1997 594 2061 cessarius,
631 1997 714 2045 vir
755 2002 804 2045 et
837 1996 964 2044 civis
998 1998 1254 2063 egregius,

316 2072 522 2130 praetor
547 2081 594 2118 a.
626 2080 678 2117 u.
703 2082 747 2115 c.
783 2063 902 2115 710.
917 2101 932 2127 ,
961 2065 1182 2132 Philipp.
1204 2063 1254 2131 3,

320 2133 404 2191 10,
426 2136 512 2184 25.
563 2154 568 2161 ·

247 2202 318 2258 P.
347 2200 683 2268 Calpurnius
714 2199 1006 2252 Lanarius.
1041 2202 1164 2251 Eius
1193 2202 1259 2252 lis

318 2280 433 2323 cum
468 2272 544 2320 Ti.
585 2270 794 2321 Claudio
831 2270 1170 2337 Centumalo,
1193 2272 1259 2321 de

320 2340 405 2393 off.
427 2338 476 2403 3,
500 2339 585 2399 16,
606 2338 692 2391 66.

249 2405 596 2477 (Calpurnii)
617 2405 842 2459 Pisonis
874 2407 1019 2460 lucus
1045 2408 1257 2469 Romae,

319 2482 564 2530 incertum
585 2480 637 2527 in
657 2493 754 2543 qua
771 2480 997 2545 regione,
1019 2478 1085 2527 ad
1104 2478 1164 2537 Q.
1187 2477 1254 2531 fr.

318 2550 372 2611 2,
391 2548 444 2611 3,
466 2551 515 2600 7.

251 2615 445 2669 Calva.
514 2615 700 2666 Calvae
754 2622 1108 2667 testamentum
1171 2629 1256 2664 co·

319 2687 499 2751 gnovi,
533 2685 758 2734 hominis
785 2685 949 2749 turpis
977 2699 1036 2733 ac
1063 2683 1256 2735 sordidi

320 2769 368 2806 a.
391 2769 442 2805 u.
463 2770 506 2803 c.
530 2752 678 2815 71⁰„
708 2754 774 2803 ad
795 2755 897 2805 Att.
921 2752 1004 2819 15,
1025 2752 1074 2814 3,
1099 2753 1150 2802 1.

253 2821 530 2885 Calvena,
551 2821 606 2871 id
627 2828 704 2870 est
718 2858 732 2881 ,
750 2820 964 2871 Matius
980 2858 997 2886 ,
1023 2820 1257 2873 Caesaris

319 2891 542 2953 amicus,
569 2889 634 2939 ad
667 2888 770 2939 Att.
795 2890 888 2954 14,
921 2892 971 2951 5,
997 2889 1043 2940 1.
1071 2892 1146 2945 ΙΙ).
1171 2894 1253 2955 14,

317 2960 372 3023 9,
389 2959 438 3011 3.
455 2986 520 2995 --
533 2958 706 3008 Caleni
725 2960 1060 3009 interventum
1079 2968 1127 3010 et
1146 2960 1260 3011 Cal-

318 3044 480 3079 venae
505 3027 741 3090 cavebis,
763 3028 830 3078 ad
851 3028 956 3077 Att.
981 3026 1062 3087 16,
1085 3030 1145 3082 11
1162 3067 1176 3094 ,
1205 3031 1256 3079 1.

252 3094 548 3149 Calventia
583 3095 778 3147 familia
811 3098 1144 3163 exprobratur
1176 3099 1259 3149 Pi-

319 3168 458 3227 soni,
480 3166 531 3214 in
549 3165 719 3217 Pison.
740 3166 827 3228 23,
851 3166 938 3219 53.

255 3231 581 3286 calventius
622 3232 837 3285 Marius
883 3244 1012 3288 tecto
1053 3238 1257 3287 nomine

322 3304 504 3355 dicitur
531 3304 589 3353 L.
609 3304 726 3353 Piso
760 3303 1070 3356 Caesoninus
1098 3306 1166 3356 ad
1193 3305 1253 3364 Q.

320 3372 386 3422 fr.
407 3372 457 3433 3,
482 3373 530 3433 1,
551 3376 602 3423 4.
623 3373 676 3434 S.
702 3373 783 3423 ll.

255 3437 542 3491 Calvinus.
562 3440 650 3491 Est
669 3456 946 3509 cognomen
965 3442 1131 3509 gentis
1145 3442 1254 3493 Do·

657 191 737 260 -M.
769 189 1198 237 CALPURNIUS
1222 187 1381 236 PISO
1415 211 1489 220 —-
1524 186 1915 236 CAMPANUS.

1397 345 1587 395 niiwtiae
1614 342 1689 394 cf.
1713 344 1775 392 de
1796 349 1921 392 orat.
1944 343 1994 402 2,
2014 340 2099 402 61,
2126 340 2247 395 249.
2272 344 2337 392 V.

1394 429 1449 462 111
1464 408 1751 462 Domitns

1332 478 1393 531 C.
1420 478 1706 532 Calvisius
1726 479 1964 545 SabinuS,
1984 485 2255 560 praetora.
2283 497 2336 528 u.

1396 567 1439 601 c.
1474 551 1594 601 710.
1630 549 1690 597 Εἰ
1712 549 1890 598 Africa
1914 549 2179 612 provincia
2207 549 2341 598 obti-

1396 621 1498 684 git,
1530 619 1754 682 Philipp.
1792 617 1854 678 3,
1902 617 1993 676 10,
2026 618 2112 669 26.
2168 618 2237 671 cf.
2272 617 2343 668 ad

1397 689 1520 741 fam.
1545 688 1629 748 12,
1656 688 1742 746 25,
1766 689 1835 748 1.,
1857 685 1947 736 ubi
1968 685 2219 736 Calvisius
2240 687 2338 736 Mi-

1395 764 1637 807 notaurus
1658 757 1826 805 iocose
1845 755 2143 820 appellatur.
2154 755 2341 806 —Cal

1399 828 1557 876 visius
1594 825 2002 874 studiosissimus
2045 823 2100 876 C.
2142 826 2337 884 Furnii,

1396 895 1463 945 ad
1482 894 1600 942 fam.
1625 893 1705 955 10,
1730 894 1814 953 25,
1839 893 1889 945 3.
1904 893 2139 943 H—omo
2162 896 2338 958 magni

1395 963 1600 1021 iudicii,
1636 964 1711 1012 rei
1741 949 2000 1026 publicae
2014 977 2215 1026 amans,
2258 965 2331 1017 ΙΙ).

1397 1033 1480 1092 10,
1504 1030 1587 1090 26,
1606 1030 1655 1082 3.

1329 1101 1391 1152 C.
1416 1099 1624 1151 Calvus
1647 1096 1915 1151 Licinius.
1950 1101 2015 1155 V.
2038 1097 2307 1151 Licinius.

1328 1168 1563 1220 ‘Calvus
1612 1185 1678 1218 ex
1726 1169 2035 1218 Nanneianis
2086 1168 2193 1218 ille'
2248 1185 2339 1234 per

1397 1241 1563 1288 iocum
1585 1237 1770 1288 dicitur
1782 1238 1852 1289 Μ.
1874 1237 2102 1288 Licinius
2124 1237 2335 1288 Crassus

1396 1308 1460 1357 ad
1481 1307 1585 1360 Att.
1611 1307 1659 1372 1,
1684 1307 1766 1370 16,
1786 1307 1837 1357 5.

1331 1376 1574 1444 Calypso
1598 1376 1825 1441 nympha
1841 1413 1854 1436 ,
1878 1377 1959 1425 cui
1981 1377 2214 1428 inserviit
2232 1377 2335 1426 Uli-

1394 1460 1514 1506 xes„
1537 1445 1600 1494 de
1621 1445 1707 1494 off.
1732 1446 1779 1506 1,
1800 1444 1885 1507 31,
1910 1445 2027 1497 113.

1330 1511 1708 1578 Camerinum,
1730 1515 1975 1580 oppidum
1993 1515 2044 1563 in
2058 1515 2330 1578 montibuS‚

1398 1585 1484 1646 qui
1506 1583 1743 1632 Picenum
1766 1584 1827 1632 ab
1850 1583 2058 1634 Umbria
2076 1583 2332 1643 dirimunt,

1396 1653 1553 1702 hodie
1584 1651 1873 1713 Camerino,
1901 1650 2097 1701 incolae
2133 1651 2335 1702 Camer-

1395 1729 1497 1781 tes,
1520 1721 1585 1770 ad
1608 1723 1709 1774 Att.
1731 1720 1779 1782 8,
1806 1721 1887 1771 12.
1917 1720 1976 1769 Β.
1997 1722 2049 1770 2.

1330 1789 1562 1841 Camers
1584 1805 1707 1854 ager
1726 1790 1862 1840 circa
1884 1791 2131 1854 oppidum
2160 1789 2337 1839 Came-

1396 1860 1563 1907 rinum
1580 1893 1595 1919 ,
1616 1873 1711 1922 pro
1733 1857 1876 1908 Sulla
1902 1857 1983 1919 19,
2004 1857 2088 1910 53.

1332 1925 1716 1979 Camertinum
1748 1928 1929 1978 foedus
1958 1929 2337 1980 sanctissimum

1396 2004 1545 2059 atque
1587 1998 1981 2059 aequissimum,
2037 1999 2336 2061 pro‘Balbo

1334 2131 1623 2184 Camillus.
1658 2136 1722 2185 V.
1752 2136 1805 2183 in
1821 2131 2027 2184 Furiis.

1332 2200 1616 2266 Camil-us,
1648 2201 1869 2268 Ialysus,
1896 2202 2115 2264 Lindus,
2151 2202 2337 2263 herok‘s

1396 2271 1565 2321 Rhodi
1590 2270 1744 2334 culti,
1775 2272 1839 2320 de
1857 2286 1909 2324 n.
1930 2272 1983 2323 d.
2010 2270 2060 2335 3,
2081 2271 2169 2332 21,
2190 2270 2281 2325 54.

1328 2338 1617 2405 Campana
1662 2353 1833 2390 causa.
1884 2340 2047 2399 Quum
2085 2339 2141 2390 G.
2177 2340 2340 2391 Iulius

1396 2408 1582 2459 Caesar
1610 2409 1662 2457 in
1700 2424 1878 2474 agrum
1912 2407 2225 2473 Campanum
2253 2423 2341 2459 co-

1397 2478 1543 2529 lonos
1565 2477 1816 2527 deducere
1834 2484 2057 2543 pararet,
2084 2479 2342 2527 restiterat

1398 2546 1572 2597 Cicero
1586 2560 1631 2595 a.
1658 2563 1709 2596 u.
1736 2563 1780 2600 c.
1808 2546 1948 2609 698„
1970 2547 2035 2597 ad
2056 2546 2178 2601 fam,
2210 2547 2261 2609 1,
2286 2546 2340 2609 9,

1396 2614 1429 2666 8
1450 2631 1529 2679 sq.
1648 2650 1675 2663 f

1328 2682 1615 2749 Campana
1634 2685 1717 2733 lex
1746 2686 1947 2749 agraria
1977 2700 2025 2735 a.
2044 2702 2098 2737 u.
2120 2701 2166 2735 c.
2186 2686 2311 2737 695.
2324 2723 2341 2748 ,

1394 2755 1460 2805 ad
1480 2754 1584 2803 Att.
1599 2753 1657 2816 -2,
1681 2752 1765 2815 18,
1786 2757 1839 2806 2.

1332 2818 1619 2887 Campani.
1657 2823 1963 2889 Campanam
1984 2824 2344 2891 adrogantiam

1396 2899 1545 2954 atque
1572 2891 1936 2943 intolerandam
1959 2892 2197 2945 ferociam
2228 2909 2342 2944 ma-

1395 2962 1530 3011 iores
1574 2963 1735 3013 nostri
1780 2962 1848 3012 ad
1884 2962 2042 3013 otium
2082 2964 2341 3027 perduxe-

1398 3037 1540 3093 runt,
1571 3030 1635 3079 de
1664 3032 1779 3097 lege
1806 3046 1918 3098 agr.
1947 3034 2008 3093 2,
2042 3030 2127 3093 33,
2152 3032 2241 3084 91.
2269 3058 2340 3069 --

1398 3098 1711 3164 Campanum
1751 3100 2111 3166 supercilium,
2162 3100 2237 3149 ΙΙ).
2284 3104 2339 3160 2,

1400 3166 1483 3231 34,
1505 3166 1591 3219 94.
1630 3170 1696 3224 cl.
1721 3170 1791 3219 ib.
1820 3171 1871 3233 2,
1898 3169 1983 3231 35,
2004 3170 2091 3223 95.

1332 3235 1648 3302 Campanus
1668 3254 1809 3305 ager,
1830 3207 2057 3303 Philipp.
2078 3238 2137 3300 8,
2158 3237 2221 3298 8,
2246 3237 2339 3289 26.

1397 3303 1605 3371 detege
1630 3323 1739 3373 agr.
1774 3308 1833 3370 1,
1864 3308 1925 3368 7,
1955 3306 2038 3357 21.
2078 3306 2146 3360 cf.
2176 3306 2249 3359 ib.
2281 3306 2339 3366 2,

1395 3374 1493 3433 28,
1532 3374 1599 3424 76
1637 3390 1749 3438 sqq.
1800 3376 1866 3426 ad
1903 3373 2337 3436 Att.2,16,1.

1396 3442 1471 3491 ΙΙ).
1493 3445 1554 3505 7,
1577 3444 1640 3506 7,
1672 3442 1721 3493 6.
1752 3470 1818 3479 —
1849 3442 2014 3494 Causa
2040 3444 2152 3510 agri
2184 3442 2339 3495 Cam-
