<?xml version="1.0" encoding="UTF-8"?>
<!DOCTYPE html PUBLIC "-//W3C//DTD XHTML 1.0 Transitional//EN"
    "http://www.w3.org/TR/xhtml1/DTD/xhtml1-transitional.dtd">
<html xmlns="http://www.w3.org/1999/xhtml" xml:lang="en" lang="en">
 <head>
  <title>
</title>
<meta http-equiv="Content-Type" content="text/html;charset=utf-8" />
  <meta name='ocr-system' content='tesseract 3.04.00' />
  <meta name='ocr-capabilities' content='ocr_page ocr_carea ocr_par ocr_line ocrx_word'/>
</head>
<body>
  <div class='ocr_page' id='page_1' title='image "./scriptaquaemans04mlgoog_0237.png"; bbox 0 0 2500 3850; ppageno 0'>
   <div class='ocr_carea' id='block_1_1' title="bbox 806 168 1700 219">
    <p class='ocr_par' dir='ltr' id='par_1_1' title="bbox 806 168 1700 219">
     <span class='ocr_line' id='line_1_1' title="bbox 806 168 1700 219; baseline 0.004 -5"><span class='ocrx_word' id='word_1_1' title='bbox 806 168 1224 216; x_wconf 80' lang='lat' dir='ltr'><strong>LYGOMEDES</strong></span> <span class='ocrx_word' id='word_1_2' title='bbox 1254 189 1339 200; x_wconf 88' lang='lat'><strong>--</strong></span> <span class='ocrx_word' id='word_1_3' title='bbox 1364 169 1700 219; x_wconf 85' lang='lat' dir='ltr'><strong>LYNCEUS.</strong></span> 
     </span>
    </p>
   </div>
   <div class='ocr_carea' id='block_1_2' title="bbox 204 322 1222 3500">
    <p class='ocr_par' dir='ltr' id='par_1_2' title="bbox 270 322 1222 802">
     <span class='ocr_line' id='line_1_2' title="bbox 272 322 1222 388; baseline -0.001 -13"><span class='ocrx_word' id='word_1_4' title='bbox 272 326 407 375; x_wconf 81' lang='lat' dir='ltr'><strong>tonis</strong></span> <span class='ocrx_word' id='word_1_5' title='bbox 444 322 759 388; x_wconf 85' lang='lat' dir='ltr'><strong>discipulus,</strong></span> <span class='ocrx_word' id='word_1_6' title='bbox 811 325 1037 374; x_wconf 88' lang='lat' dir='ltr'><strong>oratione</strong></span> <span class='ocrx_word' id='word_1_7' title='bbox 1086 324 1222 374; x_wconf 88' lang='lat' dir='ltr'><strong>locu-</strong></span> 
     </span>
     <span class='ocr_line' id='line_1_3' title="bbox 274 393 1218 460; baseline -0.001 -17"><span class='ocrx_word' id='word_1_8' title='bbox 274 395 385 460; x_wconf 84' lang='lat' dir='ltr'><strong>ples</strong></span> <span class='ocrx_word' id='word_1_9' title='bbox 404 431 416 452; x_wconf 96' lang='lat'><strong>,</strong></span> <span class='ocrx_word' id='word_1_10' title='bbox 440 395 594 442; x_wconf 88' lang='lat' dir='ltr'><strong>rebus</strong></span> <span class='ocrx_word' id='word_1_11' title='bbox 620 393 749 457; x_wconf 88' lang='lat' dir='ltr'><strong>ipsis</strong></span> <span class='ocrx_word' id='word_1_12' title='bbox 767 393 981 442; x_wconf 88' lang='lat' dir='ltr'><strong>ieiunior</strong></span> <span class='ocrx_word' id='word_1_13' title='bbox 998 429 1013 456; x_wconf 90' lang='lat'>‚</span> <span class='ocrx_word' id='word_1_14' title='bbox 1051 394 1113 442; x_wconf 91' lang='lat' dir='ltr'><strong>de</strong></span> <span class='ocrx_word' id='word_1_15' title='bbox 1134 393 1218 442; x_wconf 83' lang='lat' dir='ltr'><strong>fin.</strong></span> 
     </span>
     <span class='ocr_line' id='line_1_4' title="bbox 276 460 1222 528; baseline -0.003 -14"><span class='ocrx_word' id='word_1_16' title='bbox 276 467 338 523; x_wconf 80' lang='lat'><strong>5,</strong></span> <span class='ocrx_word' id='word_1_17' title='bbox 369 465 430 522; x_wconf 83' lang='lat'><strong>5,</strong></span> <span class='ocrx_word' id='word_1_18' title='bbox 467 460 549 512; x_wconf 85' lang='lat'><strong>13.</strong></span> <span class='ocrx_word' id='word_1_19' title='bbox 582 489 651 498; x_wconf 95' lang='lat'><strong>-—</strong></span> <span class='ocrx_word' id='word_1_20' title='bbox 680 462 815 528; x_wconf 70' lang='lat' dir='ltr'><strong>Lyco</strong></span> <span class='ocrx_word' id='word_1_21' title='bbox 848 463 1222 527; x_wconf 75' lang='lat' dir='ltr'><strong>aegritudinem</strong></span> 
     </span>
     <span class='ocr_line' id='line_1_5' title="bbox 270 531 1221 594; baseline 0 -13"><span class='ocrx_word' id='word_1_22' title='bbox 270 542 559 581; x_wconf 85' lang='lat' dir='ltr'><strong>extenuans</strong></span> <span class='ocrx_word' id='word_1_23' title='bbox 597 533 768 594; x_wconf 88' lang='lat' dir='ltr'><strong>parvis</strong></span> <span class='ocrx_word' id='word_1_24' title='bbox 814 531 885 580; x_wconf 87' lang='lat' dir='ltr'><strong>ait</strong></span> <span class='ocrx_word' id='word_1_25' title='bbox 923 546 1035 581; x_wconf 88' lang='lat' dir='ltr'><strong>eam</strong></span> <span class='ocrx_word' id='word_1_26' title='bbox 1071 533 1221 581; x_wconf 88' lang='lat' dir='ltr'><strong>rebus</strong></span> 
     </span>
     <span class='ocr_line' id='line_1_6' title="bbox 272 601 1221 666; baseline -0.001 -15"><span class='ocrx_word' id='word_1_27' title='bbox 272 602 497 660; x_wconf 85' lang='lat' dir='ltr'><strong>moveri,</strong></span> <span class='ocrx_word' id='word_1_28' title='bbox 529 601 763 649; x_wconf 75' lang='lat' dir='ltr'><strong>fortunae</strong></span> <span class='ocrx_word' id='word_1_29' title='bbox 782 602 1008 666; x_wconf 87' lang='lat' dir='ltr'><strong>corporis</strong></span> <span class='ocrx_word' id='word_1_30' title='bbox 1028 602 1221 653; x_wconf 88' lang='lat' dir='ltr'><strong>incom-</strong></span> 
     </span>
     <span class='ocr_line' id='line_1_7' title="bbox 274 669 1216 729; baseline -0.003 -8"><span class='ocrx_word' id='word_1_31' title='bbox 274 671 471 729; x_wconf 76' lang='grc' dir='ltr'><strong>ῐῐιοάἱε,</strong></span> <span class='ocrx_word' id='word_1_32' title='bbox 503 684 603 718; x_wconf 90' lang='lat' dir='ltr'><strong>non</strong></span> <span class='ocrx_word' id='word_1_33' title='bbox 632 670 787 718; x_wconf 86' lang='lat' dir='ltr'><strong>animi</strong></span> <span class='ocrx_word' id='word_1_34' title='bbox 808 670 985 729; x_wconf 87' lang='lat' dir='ltr'><strong>malis,</strong></span> <span class='ocrx_word' id='word_1_35' title='bbox 1013 669 1216 720; x_wconf 89' lang='lat' dir='ltr'><strong>Tuscul.</strong></span> 
     </span>
     <span class='ocr_line' id='line_1_8' title="bbox 273 739 539 802; baseline -0.004 -12"><span class='ocrx_word' id='word_1_36' title='bbox 273 740 325 802; x_wconf 84' lang='lat'><strong>3,</strong></span> <span class='ocrx_word' id='word_1_37' title='bbox 348 739 433 798; x_wconf 87' lang='grc'><strong>32,</strong></span> <span class='ocrx_word' id='word_1_38' title='bbox 454 739 539 791; x_wconf 88' lang='grc'><strong>78.</strong></span> 
     </span>
    </p>

    <p class='ocr_par' dir='ltr' id='par_1_3' title="bbox 206 806 1218 1008">
     <span class='ocr_line' id='line_1_9' title="bbox 206 806 1215 880; baseline -0.003 -20"><span class='ocrx_word' id='word_1_39' title='bbox 206 807 583 875; x_wconf 76' lang='lat' dir='ltr'><strong>Lycomedes,</strong></span> <span class='ocrx_word' id='word_1_40' title='bbox 648 823 741 856; x_wconf 85' lang='lat' dir='ltr'><strong>rex</strong></span> <span class='ocrx_word' id='word_1_41' title='bbox 794 806 941 880; x_wconf 60' lang='lat' dir='ltr'><strong>Scyri</strong></span> <span class='ocrx_word' id='word_1_42' title='bbox 998 807 1215 871; x_wconf 84' lang='lat' dir='ltr'><strong>insulae,</strong></span> 
     </span>
     <span class='ocr_line' id='line_1_10' title="bbox 274 876 1218 942; baseline -0.001 -16"><span class='ocrx_word' id='word_1_43' title='bbox 274 879 417 942; x_wconf 80' lang='lat' dir='ltr'><strong>apud</strong></span> <span class='ocrx_word' id='word_1_44' title='bbox 478 892 629 940; x_wconf 87' lang='lat' dir='ltr'><strong>quem</strong></span> <span class='ocrx_word' id='word_1_45' title='bbox 691 876 1051 940; x_wconf 76' lang='lat' dir='ltr'>Neoptolemus</span> <span class='ocrx_word' id='word_1_46' title='bbox 1111 884 1218 926; x_wconf 84' lang='lat' dir='ltr'><strong>erat</strong></span> 
     </span>
     <span class='ocr_line' id='line_1_11' title="bbox 275 945 971 1008; baseline -0.001 -13"><span class='ocrx_word' id='word_1_47' title='bbox 275 948 551 1008; x_wconf 74' lang='lat' dir='ltr'><strong>educatus,</strong></span> <span class='ocrx_word' id='word_1_48' title='bbox 574 945 637 994; x_wconf 93' lang='lat' dir='ltr'><strong>de</strong></span> <span class='ocrx_word' id='word_1_49' title='bbox 657 960 755 995; x_wconf 88' lang='lat' dir='ltr'><strong>am.</strong></span> <span class='ocrx_word' id='word_1_50' title='bbox 780 945 864 1004; x_wconf 83' lang='lat'><strong>20,</strong></span> <span class='ocrx_word' id='word_1_51' title='bbox 888 946 971 995; x_wconf 87' lang='lat'><strong>75.</strong></span> 
     </span>
    </p>

    <p class='ocr_par' dir='ltr' id='par_1_4' title="bbox 204 1014 1217 1213">
     <span class='ocr_line' id='line_1_12' title="bbox 204 1014 1217 1082; baseline 0 -16"><span class='ocrx_word' id='word_1_52' title='bbox 204 1014 537 1082; x_wconf 78' lang='lat' dir='ltr'><strong>Lycurgeus</strong></span> <span class='ocrx_word' id='word_1_53' title='bbox 554 1051 568 1077; x_wconf 91' lang='lat'><strong>,</strong></span> <span class='ocrx_word' id='word_1_54' title='bbox 599 1015 653 1064; x_wconf 90' lang='lat' dir='ltr'><strong>id</strong></span> <span class='ocrx_word' id='word_1_55' title='bbox 672 1024 767 1079; x_wconf 86' lang='lat' dir='ltr'><strong>est,</strong></span> <span class='ocrx_word' id='word_1_56' title='bbox 792 1030 1000 1065; x_wconf 86' lang='lat' dir='ltr'><strong>severus</strong></span> <span class='ocrx_word' id='word_1_57' title='bbox 1019 1016 1083 1064; x_wconf 88' lang='lat' dir='ltr'><strong>ad</strong></span> <span class='ocrx_word' id='word_1_58' title='bbox 1108 1030 1217 1066; x_wconf 88' lang='lat' dir='ltr'><strong>mo-</strong></span> 
     </span>
     <span class='ocr_line' id='line_1_13' title="bbox 274 1084 1216 1148; baseline -0.002 -14"><span class='ocrx_word' id='word_1_59' title='bbox 274 1086 399 1134; x_wconf 87' lang='lat' dir='ltr'><strong>dum</strong></span> <span class='ocrx_word' id='word_1_60' title='bbox 428 1085 653 1148; x_wconf 70' lang='lat' dir='ltr'><strong>Lycurgi</strong></span> <span class='ocrx_word' id='word_1_61' title='bbox 680 1085 895 1133; x_wconf 82' lang='lat' dir='ltr'><strong>oratoris</strong></span> <span class='ocrx_word' id='word_1_62' title='bbox 931 1084 1113 1146; x_wconf 88' lang='lat' dir='ltr'><strong>Attici,</strong></span> <span class='ocrx_word' id='word_1_63' title='bbox 1150 1085 1216 1133; x_wconf 90' lang='lat' dir='ltr'><strong>ad</strong></span> 
     </span>
     <span class='ocr_line' id='line_1_14' title="bbox 276 1152 633 1213; baseline -0.006 -9"><span class='ocrx_word' id='word_1_64' title='bbox 276 1157 381 1204; x_wconf 79' lang='lat' dir='ltr'><strong>Au.</strong></span> <span class='ocrx_word' id='word_1_65' title='bbox 406 1155 451 1212; x_wconf 93' lang='grc'><strong>1,</strong></span> <span class='ocrx_word' id='word_1_66' title='bbox 477 1153 561 1213; x_wconf 87' lang='grc'><strong>13,</strong></span> <span class='ocrx_word' id='word_1_67' title='bbox 584 1152 633 1203; x_wconf 88' lang='lat'><strong>3.</strong></span> 
     </span>
    </p>

    <p class='ocr_par' dir='ltr' id='par_1_5' title="bbox 204 1221 1215 1840">
     <span class='ocr_line' id='line_1_15' title="bbox 204 1221 1215 1290; baseline -0.004 -16"><span class='ocrx_word' id='word_1_68' title='bbox 204 1222 526 1290; x_wconf 75' lang='lat' dir='ltr'><strong>Lycurgus,</strong></span> <span class='ocrx_word' id='word_1_69' title='bbox 551 1223 638 1284; x_wconf 92' lang='lat' dir='ltr'><strong>qui</strong></span> <span class='ocrx_word' id='word_1_70' title='bbox 659 1222 1125 1271; x_wconf 85' lang='lat' dir='ltr'><strong>Lacedaemonibus</strong></span> <span class='ocrx_word' id='word_1_71' title='bbox 1146 1221 1215 1270; x_wconf 92' lang='lat' dir='ltr'><strong>le-</strong></span> 
     </span>
     <span class='ocr_line' id='line_1_16' title="bbox 273 1290 1215 1358; baseline -0.002 -18"><span class='ocrx_word' id='word_1_72' title='bbox 273 1307 365 1358; x_wconf 84' lang='lat' dir='ltr'><strong>ges</strong></span> <span class='ocrx_word' id='word_1_73' title='bbox 417 1292 640 1354; x_wconf 81' lang='lat' dir='ltr'><strong>scripsit.</strong></span> <span class='ocrx_word' id='word_1_74' title='bbox 715 1290 981 1356; x_wconf 79' lang='lat' dir='ltr'><strong>Lycurgus</strong></span> <span class='ocrx_word' id='word_1_75' title='bbox 1000 1328 1015 1353; x_wconf 94' lang='lat'>‚</span> <span class='ocrx_word' id='word_1_76' title='bbox 1070 1291 1215 1340; x_wconf 88' lang='lat' dir='ltr'><strong>cuius</strong></span> 
     </span>
     <span class='ocr_line' id='line_1_17' title="bbox 270 1359 1215 1424; baseline -0.002 -14"><span class='ocrx_word' id='word_1_77' title='bbox 270 1361 587 1424; x_wconf 79' lang='lat' dir='ltr'><strong>temporibus</strong></span> <span class='ocrx_word' id='word_1_78' title='bbox 618 1361 863 1410; x_wconf 76' lang='lat' dir='ltr'><strong>Homerus</strong></span> <span class='ocrx_word' id='word_1_79' title='bbox 884 1361 1035 1408; x_wconf 86' lang='lat' dir='ltr'><strong>etiam</strong></span> <span class='ocrx_word' id='word_1_80' title='bbox 1057 1359 1215 1410; x_wconf 76' lang='lat' dir='ltr'><strong>fuisse</strong></span> 
     </span>
     <span class='ocr_line' id='line_1_18' title="bbox 274 1429 1215 1487; baseline -0.001 -9"><span class='ocrx_word' id='word_1_81' title='bbox 274 1437 390 1479; x_wconf 84' lang='lat' dir='ltr'><strong>ante</strong></span> <span class='ocrx_word' id='word_1_82' title='bbox 412 1431 589 1479; x_wconf 87' lang='lat' dir='ltr'><strong>urbem</strong></span> <span class='ocrx_word' id='word_1_83' title='bbox 607 1429 861 1480; x_wconf 85' lang='lat' dir='ltr'><strong>conditam</strong></span> <span class='ocrx_word' id='word_1_84' title='bbox 880 1429 1114 1487; x_wconf 80' lang='lat' dir='ltr'><strong>traditur,</strong></span> <span class='ocrx_word' id='word_1_85' title='bbox 1136 1443 1215 1477; x_wconf 85' lang='lat' dir='ltr'><strong>sa·</strong></span> 
     </span>
     <span class='ocr_line' id='line_1_19' title="bbox 270 1497 1214 1565; baseline -0.002 -17"><span class='ocrx_word' id='word_1_86' title='bbox 270 1501 421 1565; x_wconf 87' lang='lat' dir='ltr'><strong>piens</strong></span> <span class='ocrx_word' id='word_1_87' title='bbox 452 1507 503 1548; x_wconf 84' lang='lat' dir='ltr'><strong>et</strong></span> <span class='ocrx_word' id='word_1_88' title='bbox 530 1498 810 1548; x_wconf 82' lang='lat' dir='ltr'><strong>habebatur</strong></span> <span class='ocrx_word' id='word_1_89' title='bbox 843 1506 890 1547; x_wconf 89' lang='lat' dir='ltr'><strong>et</strong></span> <span class='ocrx_word' id='word_1_90' title='bbox 920 1497 1214 1548; x_wconf 87' lang='lat' dir='ltr'><strong>nominaba-</strong></span> 
     </span>
     <span class='ocr_line' id='line_1_20' title="bbox 269 1565 1215 1633; baseline -0.002 -15"><span class='ocrx_word' id='word_1_91' title='bbox 269 1577 380 1633; x_wconf 86' lang='lat' dir='ltr'><strong>tur,</strong></span> <span class='ocrx_word' id='word_1_92' title='bbox 401 1568 605 1618; x_wconf 85' lang='lat' dir='ltr'><strong>Tuscul.</strong></span> <span class='ocrx_word' id='word_1_93' title='bbox 630 1570 662 1617; x_wconf 85' lang='lat'>5</span> <span class='ocrx_word' id='word_1_94' title='bbox 676 1604 689 1627; x_wconf 93' lang='lat'><strong>,</strong></span> <span class='ocrx_word' id='word_1_95' title='bbox 711 1567 769 1627; x_wconf 84' lang='lat'><strong>3,</strong></span> <span class='ocrx_word' id='word_1_96' title='bbox 792 1569 841 1617; x_wconf 86' lang='lat'><strong>7.</strong></span> <span class='ocrx_word' id='word_1_97' title='bbox 863 1594 932 1604; x_wconf 89' lang='lat'>-</span> <span class='ocrx_word' id='word_1_98' title='bbox 952 1565 1215 1633; x_wconf 75' lang='lat' dir='ltr'><strong>Lycurgus</strong></span> 
     </span>
     <span class='ocr_line' id='line_1_21' title="bbox 273 1635 1215 1702; baseline -0.002 -15"><span class='ocrx_word' id='word_1_99' title='bbox 273 1637 416 1702; x_wconf 82' lang='lat' dir='ltr'><strong>leges</strong></span> <span class='ocrx_word' id='word_1_100' title='bbox 452 1651 573 1686; x_wconf 85' lang='lat' dir='ltr'><strong>suas</strong></span> <span class='ocrx_word' id='word_1_101' title='bbox 608 1637 905 1686; x_wconf 85' lang='lat' dir='ltr'><strong>auctoritate</strong></span> <span class='ocrx_word' id='word_1_102' title='bbox 960 1635 1215 1700; x_wconf 81' lang='lat' dir='ltr'><strong>Apollinis</strong></span> 
     </span>
     <span class='ocr_line' id='line_1_22' title="bbox 272 1706 1213 1772; baseline 0 -16"><span class='ocrx_word' id='word_1_103' title='bbox 272 1706 506 1772; x_wconf 85' lang='lat' dir='ltr'><strong>Delphici</strong></span> <span class='ocrx_word' id='word_1_104' title='bbox 528 1706 865 1766; x_wconf 79' lang='lat' dir='ltr'><strong>confirmavit,</strong></span> <span class='ocrx_word' id='word_1_105' title='bbox 889 1706 953 1755; x_wconf 89' lang='lat' dir='ltr'><strong>de</strong></span> <span class='ocrx_word' id='word_1_106' title='bbox 973 1706 1134 1756; x_wconf 87' lang='lat' dir='ltr'><strong>divin.</strong></span> <span class='ocrx_word' id='word_1_107' title='bbox 1165 1706 1213 1768; x_wconf 88' lang='grc'><strong>1,</strong></span> 
     </span>
     <span class='ocr_line' id='line_1_23' title="bbox 272 1773 1213 1840; baseline -0.004 -14"><span class='ocrx_word' id='word_1_108' title='bbox 272 1777 364 1834; x_wconf 86' lang='grc'><strong>43,</strong></span> <span class='ocrx_word' id='word_1_109' title='bbox 398 1773 481 1824; x_wconf 91' lang='grc'><strong>96.</strong></span> <span class='ocrx_word' id='word_1_110' title='bbox 506 1801 573 1810; x_wconf 94' lang='lat'><strong>-——</strong></span> <span class='ocrx_word' id='word_1_111' title='bbox 592 1775 857 1840; x_wconf 68' lang='lat' dir='ltr'><strong>Lycurgus</strong></span> <span class='ocrx_word' id='word_1_112' title='bbox 887 1775 1017 1824; x_wconf 86' lang='lat' dir='ltr'><strong>vidit</strong></span> <span class='ocrx_word' id='word_1_113' title='bbox 1037 1776 1213 1840; x_wconf 80' lang='lat' dir='ltr'><strong>singu-</strong></span> 
     </span>
    </p>

    <p class='ocr_par' dir='ltr' id='par_1_6' title="bbox 224 1844 1215 2879">
     <span class='ocr_line' id='line_1_24' title="bbox 224 1844 1212 1908; baseline 0 -16"><span class='ocrx_word' id='word_1_114' title='bbox 224 1872 231 1881; x_wconf 94' lang='lat'><strong>·</strong></span> <span class='ocrx_word' id='word_1_115' title='bbox 274 1844 369 1894; x_wconf 86' lang='lat' dir='ltr'><strong>lari</strong></span> <span class='ocrx_word' id='word_1_116' title='bbox 416 1845 633 1908; x_wconf 83' lang='lat' dir='ltr'><strong>imp-erio</strong></span> <span class='ocrx_word' id='word_1_117' title='bbox 688 1851 737 1893; x_wconf 91' lang='lat' dir='ltr'><strong>et</strong></span> <span class='ocrx_word' id='word_1_118' title='bbox 781 1851 1032 1908; x_wconf 78' lang='lat' dir='ltr'><strong>potestate</strong></span> <span class='ocrx_word' id='word_1_119' title='bbox 1072 1844 1212 1908; x_wconf 84' lang='lat' dir='ltr'><strong>regis</strong></span> 
     </span>
     <span class='ocr_line' id='line_1_25' title="bbox 270 1913 1212 1979; baseline -0.004 -14"><span class='ocrx_word' id='word_1_120' title='bbox 270 1925 378 1965; x_wconf 88' lang='lat' dir='ltr'><strong>tum</strong></span> <span class='ocrx_word' id='word_1_121' title='bbox 399 1915 585 1963; x_wconf 83' lang='lat' dir='ltr'><strong>metius</strong></span> <span class='ocrx_word' id='word_1_122' title='bbox 602 1914 877 1979; x_wconf 79' lang='lat' dir='ltr'><strong>gubernari</strong></span> <span class='ocrx_word' id='word_1_123' title='bbox 895 1920 941 1963; x_wconf 91' lang='lat' dir='ltr'><strong>et</strong></span> <span class='ocrx_word' id='word_1_124' title='bbox 960 1913 1067 1979; x_wconf 85' lang='lat' dir='ltr'><strong>regi</strong></span> <span class='ocrx_word' id='word_1_125' title='bbox 1088 1913 1212 1963; x_wconf 87' lang='lat' dir='ltr'><strong>civi-</strong></span> 
     </span>
     <span class='ocr_line' id='line_1_26' title="bbox 271 1983 1214 2049; baseline -0.001 -16"><span class='ocrx_word' id='word_1_126' title='bbox 271 1990 401 2033; x_wconf 82' lang='lat' dir='ltr'><strong>tates</strong></span> <span class='ocrx_word' id='word_1_127' title='bbox 416 2021 430 2044; x_wconf 92' lang='lat'><strong>,</strong></span> <span class='ocrx_word' id='word_1_128' title='bbox 454 1986 499 2033; x_wconf 89' lang='lat' dir='ltr'><strong>si</strong></span> <span class='ocrx_word' id='word_1_129' title='bbox 518 1991 653 2033; x_wconf 87' lang='lat' dir='ltr'><strong>esset</strong></span> <span class='ocrx_word' id='word_1_130' title='bbox 673 1984 852 2049; x_wconf 85' lang='lat' dir='ltr'><strong>optimi</strong></span> <span class='ocrx_word' id='word_1_131' title='bbox 875 1985 1121 2045; x_wconf 89' lang='lat' dir='ltr'><strong>cuiusque</strong></span> <span class='ocrx_word' id='word_1_132' title='bbox 1147 1983 1214 2032; x_wconf 88' lang='lat' dir='ltr'><strong>ad</strong></span> 
     </span>
     <span class='ocr_line' id='line_1_27' title="bbox 272 2053 1213 2103; baseline -0.003 0"><span class='ocrx_word' id='word_1_133' title='bbox 272 2054 410 2103; x_wconf 77' lang='lat' dir='ltr'><strong>illam</strong></span> <span class='ocrx_word' id='word_1_134' title='bbox 444 2054 547 2101; x_wconf 85' lang='lat' dir='ltr'><strong>vim</strong></span> <span class='ocrx_word' id='word_1_135' title='bbox 575 2053 941 2103; x_wconf 83' lang='lat' dir='ltr'><strong>dominationis</strong></span> <span class='ocrx_word' id='word_1_136' title='bbox 976 2053 1213 2102; x_wconf 84' lang='lat' dir='ltr'><strong>adiuncta</strong></span> 
     </span>
     <span class='ocr_line' id='line_1_28' title="bbox 272 2121 1214 2187; baseline -0.002 -15"><span class='ocrx_word' id='word_1_137' title='bbox 272 2123 547 2172; x_wconf 86' lang='lat' dir='ltr'><strong>auctoritas</strong></span> <span class='ocrx_word' id='word_1_138' title='bbox 559 2159 573 2183; x_wconf 93' lang='lat'><strong>,</strong></span> <span class='ocrx_word' id='word_1_139' title='bbox 609 2122 671 2171; x_wconf 86' lang='lat' dir='ltr'><strong>de</strong></span> <span class='ocrx_word' id='word_1_140' title='bbox 696 2138 738 2171; x_wconf 90' lang='lat' dir='ltr'><strong>r.</strong></span> <span class='ocrx_word' id='word_1_141' title='bbox 770 2138 821 2187; x_wconf 88' lang='lat' dir='ltr'><strong>p.</strong></span> <span class='ocrx_word' id='word_1_142' title='bbox 845 2123 876 2171; x_wconf 90' lang='grc'><strong>2</strong></span> <span class='ocrx_word' id='word_1_143' title='bbox 894 2159 907 2181; x_wconf 93' lang='grc'><strong>,</strong></span> <span class='ocrx_word' id='word_1_144' title='bbox 939 2122 1002 2180; x_wconf 89' lang='grc'><strong>9,</strong></span> <span class='ocrx_word' id='word_1_145' title='bbox 1036 2121 1119 2171; x_wconf 82' lang='lat'><strong>15.</strong></span> <span class='ocrx_word' id='word_1_146' title='bbox 1142 2147 1214 2157; x_wconf 88' lang='lat'>—</span> 
     </span>
     <span class='ocr_line' id='line_1_29' title="bbox 274 2192 1213 2255; baseline -0.004 -12"><span class='ocrx_word' id='word_1_147' title='bbox 274 2192 485 2243; x_wconf 84' lang='lat' dir='ltr'><strong>Centum</strong></span> <span class='ocrx_word' id='word_1_148' title='bbox 517 2200 565 2240; x_wconf 87' lang='lat' dir='ltr'><strong>et</strong></span> <span class='ocrx_word' id='word_1_149' title='bbox 592 2200 704 2241; x_wconf 91' lang='lat' dir='ltr'><strong>octo</strong></span> <span class='ocrx_word' id='word_1_150' title='bbox 740 2193 912 2255; x_wconf 56' lang='lat' dir='ltr'><strong>annm,</strong></span> <span class='ocrx_word' id='word_1_151' title='bbox 944 2198 1213 2254; x_wconf 82' lang='lat' dir='ltr'><strong>postquam</strong></span> 
     </span>
     <span class='ocr_line' id='line_1_30' title="bbox 270 2260 1210 2325; baseline -0.002 -16"><span class='ocrx_word' id='word_1_152' title='bbox 270 2260 539 2325; x_wconf 71' lang='lat' dir='ltr'><strong>Lycurgus</strong></span> <span class='ocrx_word' id='word_1_153' title='bbox 568 2260 710 2325; x_wconf 74' lang='lat' dir='ltr'><strong>leges</strong></span> <span class='ocrx_word' id='word_1_154' title='bbox 730 2260 953 2310; x_wconf 86' lang='lat' dir='ltr'><strong>scribere</strong></span> <span class='ocrx_word' id='word_1_155' title='bbox 975 2260 1210 2318; x_wconf 88' lang='lat' dir='ltr'><strong>instituit,</strong></span> 
     </span>
     <span class='ocr_line' id='line_1_31' title="bbox 272 2328 1211 2395; baseline -0.001 -17"><span class='ocrx_word' id='word_1_156' title='bbox 272 2330 437 2393; x_wconf 86' lang='lat' dir='ltr'><strong>prima</strong></span> <span class='ocrx_word' id='word_1_157' title='bbox 464 2329 629 2395; x_wconf 88' lang='lat' dir='ltr'><strong>posita</strong></span> <span class='ocrx_word' id='word_1_158' title='bbox 648 2336 723 2378; x_wconf 88' lang='lat' dir='ltr'><strong>est</strong></span> <span class='ocrx_word' id='word_1_159' title='bbox 741 2328 998 2395; x_wconf 75' lang='lat' dir='ltr'><strong>Olympias</strong></span> <span class='ocrx_word' id='word_1_160' title='bbox 1014 2364 1027 2387; x_wconf 94' lang='lat'><strong>,</strong></span> <span class='ocrx_word' id='word_1_161' title='bbox 1062 2328 1135 2377; x_wconf 78' lang='lat' dir='ltr'><strong>lb,</strong></span> <span class='ocrx_word' id='word_1_162' title='bbox 1159 2328 1211 2385; x_wconf 88' lang='grc'><strong>2,</strong></span> 
     </span>
     <span class='ocr_line' id='line_1_32' title="bbox 277 2397 1214 2463; baseline -0.004 -14"><span class='ocrx_word' id='word_1_163' title='bbox 277 2400 369 2459; x_wconf 94' lang='grc'><strong>10,</strong></span> <span class='ocrx_word' id='word_1_164' title='bbox 404 2398 485 2449; x_wconf 85' lang='grc'><strong>18.</strong></span> <span class='ocrx_word' id='word_1_165' title='bbox 523 2426 589 2433; x_wconf 89' lang='grc'>-</span> <span class='ocrx_word' id='word_1_166' title='bbox 619 2397 886 2463; x_wconf 69' lang='lat' dir='ltr'><strong>Lycurgus</strong></span> <span class='ocrx_word' id='word_1_167' title='bbox 916 2411 1087 2462; x_wconf 85' lang='lat' dir='ltr'><strong>regem</strong></span> <span class='ocrx_word' id='word_1_168' title='bbox 1114 2411 1214 2446; x_wconf 88' lang='lat' dir='ltr'><strong>non</strong></span> 
     </span>
     <span class='ocr_line' id='line_1_33' title="bbox 272 2466 1211 2531; baseline -0.003 -14"><span class='ocrx_word' id='word_1_169' title='bbox 272 2468 598 2531; x_wconf 83' lang='lat' dir='ltr'><strong>deligendum</strong></span> <span class='ocrx_word' id='word_1_170' title='bbox 622 2468 781 2531; x_wconf 87' lang='lat' dir='ltr'><strong>duxit,</strong></span> <span class='ocrx_word' id='word_1_171' title='bbox 800 2468 893 2516; x_wconf 84' lang='lat' dir='ltr'><strong>sed</strong></span> <span class='ocrx_word' id='word_1_172' title='bbox 906 2466 1211 2530; x_wconf 86' lang='lat' dir='ltr'><strong>habendum,</strong></span> 
     </span>
     <span class='ocr_line' id='line_1_34' title="bbox 274 2535 1213 2601; baseline -0.002 -16"><span class='ocrx_word' id='word_1_173' title='bbox 274 2536 659 2599; x_wconf 85' lang='lat' dir='ltr'><strong>qualiscumque</strong></span> <span class='ocrx_word' id='word_1_174' title='bbox 687 2538 733 2587; x_wconf 89' lang='lat' dir='ltr'><strong>is</strong></span> <span class='ocrx_word' id='word_1_175' title='bbox 756 2536 913 2601; x_wconf 78' lang='lat' dir='ltr'><strong>foret,</strong></span> <span class='ocrx_word' id='word_1_176' title='bbox 947 2536 1033 2597; x_wconf 91' lang='lat' dir='ltr'><strong>qni</strong></span> <span class='ocrx_word' id='word_1_177' title='bbox 1063 2535 1213 2584; x_wconf 88' lang='lat' dir='ltr'><strong>modo</strong></span> 
     </span>
     <span class='ocr_line' id='line_1_35' title="bbox 270 2605 1211 2669; baseline -0.004 -14"><span class='ocrx_word' id='word_1_178' title='bbox 270 2612 409 2656; x_wconf 84' lang='lat' dir='ltr'><strong>esset</strong></span> <span class='ocrx_word' id='word_1_179' title='bbox 444 2605 699 2656; x_wconf 56' lang='lat' dir='ltr'><strong>Herculis*</strong></span> <span class='ocrx_word' id='word_1_180' title='bbox 722 2607 881 2669; x_wconf 82' lang='lat' dir='ltr'><strong>stirpe</strong></span> <span class='ocrx_word' id='word_1_181' title='bbox 923 2613 1211 2668; x_wconf 82' lang='lat' dir='ltr'><strong>generatus,</strong></span> 
     </span>
     <span class='ocr_line' id='line_1_36' title="bbox 272 2671 1214 2736; baseline -0.004 -11"><span class='ocrx_word' id='word_1_182' title='bbox 272 2676 349 2725; x_wconf 92' lang='lat' dir='ltr'><strong>Ib.</strong></span> <span class='ocrx_word' id='word_1_183' title='bbox 374 2677 426 2736; x_wconf 86' lang='lat'><strong>2,</strong></span> <span class='ocrx_word' id='word_1_184' title='bbox 450 2675 532 2734; x_wconf 80' lang='lat'><strong>12,</strong></span> <span class='ocrx_word' id='word_1_185' title='bbox 555 2677 641 2728; x_wconf 89' lang='grc'><strong>24.</strong></span> <span class='ocrx_word' id='word_1_186' title='bbox 682 2674 745 2725; x_wconf 93' lang='lat' dir='ltr'><strong>cl.</strong></span> <span class='ocrx_word' id='word_1_187' title='bbox 772 2676 839 2723; x_wconf 91' lang='lat' dir='ltr'><strong>ib.</strong></span> <span class='ocrx_word' id='word_1_188' title='bbox 862 2675 912 2732; x_wconf 83' lang='lat'><strong>2,</strong></span> <span class='ocrx_word' id='word_1_189' title='bbox 934 2671 1019 2733; x_wconf 84' lang='lat'><strong>23,</strong></span> <span class='ocrx_word' id='word_1_190' title='bbox 1040 2674 1127 2722; x_wconf 83' lang='lat'><strong>42.</strong></span> <span class='ocrx_word' id='word_1_191' title='bbox 1146 2699 1214 2707; x_wconf 90' lang='lat'>—</span> 
     </span>
     <span class='ocr_line' id='line_1_37' title="bbox 272 2741 1215 2809; baseline -0.004 -16"><span class='ocrx_word' id='word_1_192' title='bbox 272 2744 534 2809; x_wconf 73' lang='lat' dir='ltr'><strong>Lycurgus</strong></span> <span class='ocrx_word' id='word_1_193' title='bbox 550 2741 819 2807; x_wconf 73' lang='grc' dir='ltr'><strong><em>γέροντας</em></strong></span> <span class='ocrx_word' id='word_1_194' title='bbox 831 2742 1215 2793; x_wconf 79' lang='lat' dir='ltr'><strong>Lacedaemone</strong></span> 
     </span>
     <span class='ocr_line' id='line_1_38' title="bbox 272 2812 1213 2879; baseline -0.003 -17"><span class='ocrx_word' id='word_1_195' title='bbox 272 2812 577 2879; x_wconf 85' lang='lat' dir='ltr'><strong>appellavit,</strong></span> <span class='ocrx_word' id='word_1_196' title='bbox 612 2827 739 2875; x_wconf 86' lang='lat' dir='ltr'><strong>quos</strong></span> <span class='ocrx_word' id='word_1_197' title='bbox 769 2826 929 2877; x_wconf 84' lang='lat' dir='ltr'><strong>penes</strong></span> <span class='ocrx_word' id='word_1_198' title='bbox 962 2825 1213 2860; x_wconf 86' lang='lat' dir='ltr'><strong>summam</strong></span> 
     </span>
    </p>

    <p class='ocr_par' dir='ltr' id='par_1_7' title="bbox 224 2880 1215 3293">
     <span class='ocr_line' id='line_1_39' title="bbox 224 2880 1215 2945; baseline -0.004 -14"><span class='ocrx_word' id='word_1_199' title='bbox 224 2908 231 2915; x_wconf 90' lang='lat'><strong>·</strong></span> <span class='ocrx_word' id='word_1_200' title='bbox 270 2880 474 2932; x_wconf 88' lang='lat' dir='ltr'><strong>consilii</strong></span> <span class='ocrx_word' id='word_1_201' title='bbox 492 2880 653 2931; x_wconf 86' lang='lat' dir='ltr'><strong>voluit</strong></span> <span class='ocrx_word' id='word_1_202' title='bbox 672 2896 784 2931; x_wconf 83' lang='lat' dir='ltr'><strong>esse</strong></span> <span class='ocrx_word' id='word_1_203' title='bbox 799 2917 812 2940; x_wconf 95' lang='lat'><strong><em>‚</em></strong></span> <span class='ocrx_word' id='word_1_204' title='bbox 835 2895 991 2943; x_wconf 89' lang='lat' dir='ltr'><strong>quum</strong></span> <span class='ocrx_word' id='word_1_205' title='bbox 1012 2880 1215 2945; x_wconf 87' lang='lat' dir='ltr'><strong>imperii</strong></span> 
     </span>
     <span class='ocr_line' id='line_1_40' title="bbox 272 2947 1209 3011; baseline -0.002 -12"><span class='ocrx_word' id='word_1_206' title='bbox 272 2965 523 2999; x_wconf 86' lang='lat' dir='ltr'><strong>summam</strong></span> <span class='ocrx_word' id='word_1_207' title='bbox 553 2964 645 2999; x_wconf 81' lang='lat' dir='ltr'><strong>rex</strong></span> <span class='ocrx_word' id='word_1_208' title='bbox 673 2957 892 3009; x_wconf 86' lang='lat' dir='ltr'><strong>teneret,</strong></span> <span class='ocrx_word' id='word_1_209' title='bbox 930 2950 1003 3001; x_wconf 89' lang='lat' dir='ltr'><strong>1b.</strong></span> <span class='ocrx_word' id='word_1_210' title='bbox 1028 2951 1091 3011; x_wconf 84' lang='lat'><strong>2,</strong></span> <span class='ocrx_word' id='word_1_211' title='bbox 1124 2947 1209 3010; x_wconf 88' lang='lat'><strong>28,</strong></span> 
     </span>
     <span class='ocr_line' id='line_1_41' title="bbox 266 3018 1211 3086; baseline -0.004 -16"><span class='ocrx_word' id='word_1_212' title='bbox 266 3018 355 3070; x_wconf 81' lang='lat'><strong>50.</strong></span> <span class='ocrx_word' id='word_1_213' title='bbox 388 3046 460 3057; x_wconf 89' lang='lat'><strong>—-·</strong></span> <span class='ocrx_word' id='word_1_214' title='bbox 491 3019 755 3086; x_wconf 72' lang='lat' dir='ltr'><strong>Lycurgus</strong></span> <span class='ocrx_word' id='word_1_215' title='bbox 794 3033 945 3085; x_wconf 85' lang='lat' dir='ltr'><strong>agros</strong></span> <span class='ocrx_word' id='word_1_216' title='bbox 984 3018 1211 3083; x_wconf 87' lang='lat' dir='ltr'><strong>loeuple-</strong></span> 
     </span>
     <span class='ocr_line' id='line_1_42' title="bbox 270 3085 1212 3153; baseline 0.001 -17"><span class='ocrx_word' id='word_1_217' title='bbox 270 3090 396 3137; x_wconf 90' lang='lat' dir='ltr'><strong>tium</strong></span> <span class='ocrx_word' id='word_1_218' title='bbox 418 3085 583 3153; x_wconf 86' lang='lat' dir='ltr'><strong>plebi,</strong></span> <span class='ocrx_word' id='word_1_219' title='bbox 616 3098 671 3137; x_wconf 87' lang='lat' dir='ltr'><strong>ut</strong></span> <span class='ocrx_word' id='word_1_220' title='bbox 700 3090 935 3150; x_wconf 87' lang='lat' dir='ltr'><strong>servitio,</strong></span> <span class='ocrx_word' id='word_1_221' title='bbox 970 3088 1212 3138; x_wconf 89' lang='lat' dir='ltr'><strong>colendos</strong></span> 
     </span>
     <span class='ocr_line' id='line_1_43' title="bbox 270 3156 1210 3223; baseline -0.002 -16"><span class='ocrx_word' id='word_1_222' title='bbox 270 3157 438 3221; x_wconf 84' lang='lat' dir='ltr'><strong>dedit,</strong></span> <span class='ocrx_word' id='word_1_223' title='bbox 461 3158 533 3209; x_wconf 87' lang='lat' dir='ltr'><strong>Ib.</strong></span> <span class='ocrx_word' id='word_1_224' title='bbox 556 3156 608 3219; x_wconf 88' lang='grc'><strong>3,</strong></span> <span class='ocrx_word' id='word_1_225' title='bbox 629 3157 679 3223; x_wconf 88' lang='grc'><strong>9,</strong></span> <span class='ocrx_word' id='word_1_226' title='bbox 702 3157 787 3209; x_wconf 89' lang='grc'><strong>16.</strong></span> <span class='ocrx_word' id='word_1_227' title='bbox 827 3157 892 3207; x_wconf 92' lang='lat' dir='ltr'><strong>cl.</strong></span> <span class='ocrx_word' id='word_1_228' title='bbox 917 3156 985 3206; x_wconf 87' lang='lat' dir='ltr'><strong>ib.</strong></span> <span class='ocrx_word' id='word_1_229' title='bbox 1008 3159 1060 3222; x_wconf 82' lang='lat'><strong>4,</strong></span> <span class='ocrx_word' id='word_1_230' title='bbox 1082 3158 1134 3220; x_wconf 76' lang='lat'><strong>5,</strong></span> <span class='ocrx_word' id='word_1_231' title='bbox 1158 3157 1210 3207; x_wconf 85' lang='lat'><strong>5.</strong></span> 
     </span>
     <span class='ocr_line' id='line_1_44' title="bbox 266 3227 1213 3293; baseline -0.002 -17"><span class='ocrx_word' id='word_1_232' title='bbox 266 3250 337 3263; x_wconf 88' lang='lat'><strong>--</strong></span> <span class='ocrx_word' id='word_1_233' title='bbox 357 3227 625 3293; x_wconf 76' lang='lat' dir='ltr'><strong>Lycurgus</strong></span> <span class='ocrx_word' id='word_1_234' title='bbox 646 3228 880 3293; x_wconf 80' lang='lat' dir='ltr'><strong>superior</strong></span> <span class='ocrx_word' id='word_1_235' title='bbox 896 3259 915 3289; x_wconf 89' lang='lat'>‚</span> <span class='ocrx_word' id='word_1_236' title='bbox 945 3240 976 3275; x_wconf 82' lang='lat' dir='ltr'><strong>a</strong></span> <span class='ocrx_word' id='word_1_237' title='bbox 1004 3241 1104 3289; x_wconf 90' lang='lat' dir='ltr'><strong>quo</strong></span> <span class='ocrx_word' id='word_1_238' title='bbox 1134 3232 1213 3275; x_wconf 84' lang='lat' dir='ltr'><strong>est</strong></span> 
     </span>
    </p>

    <p class='ocr_par' dir='ltr' id='par_1_8' title="bbox 220 3295 1213 3500">
     <span class='ocr_line' id='line_1_45' title="bbox 220 3295 1213 3361; baseline -0.001 -17"><span class='ocrx_word' id='word_1_239' title='bbox 220 3350 227 3353; x_wconf 59' lang='grc'><strong>,</strong></span> <span class='ocrx_word' id='word_1_240' title='bbox 270 3295 543 3361; x_wconf 76' lang='lat' dir='ltr'><strong>disciplina</strong></span> <span class='ocrx_word' id='word_1_241' title='bbox 572 3295 1092 3347; x_wconf 81' lang='lat' dir='ltr'><strong>Lacedaemoniorum</strong></span> <span class='ocrx_word' id='word_1_242' title='bbox 1122 3295 1213 3344; x_wconf 87' lang='lat' dir='ltr'><strong>ad·</strong></span> 
     </span>
     <span class='ocr_line' id='line_1_46' title="bbox 268 3362 1213 3431; baseline 0.001 -20"><span class='ocrx_word' id='word_1_243' title='bbox 268 3366 445 3414; x_wconf 84' lang='lat' dir='ltr'><strong>stricta</strong></span> <span class='ocrx_word' id='word_1_244' title='bbox 463 3363 665 3431; x_wconf 80' lang='lat' dir='ltr'><strong>legibus</strong></span> <span class='ocrx_word' id='word_1_245' title='bbox 678 3403 693 3427; x_wconf 89' lang='lat'><strong>,</strong></span> <span class='ocrx_word' id='word_1_246' title='bbox 714 3366 854 3415; x_wconf 87' lang='lat' dir='ltr'><strong>Brut.</strong></span> <span class='ocrx_word' id='word_1_247' title='bbox 878 3364 963 3424; x_wconf 89' lang='lat'><strong>10,</strong></span> <span class='ocrx_word' id='word_1_248' title='bbox 984 3363 1068 3416; x_wconf 84' lang='lat'><strong>40.</strong></span> <span class='ocrx_word' id='word_1_249' title='bbox 1088 3362 1213 3429; x_wconf 80' lang='lat' dir='ltr'><strong>(Su-</strong></span> 
     </span>
     <span class='ocr_line' id='line_1_47' title="bbox 263 3434 1212 3500; baseline -0.002 -18"><span class='ocrx_word' id='word_1_250' title='bbox 263 3438 441 3495; x_wconf 79' lang='lat' dir='ltr'><strong>perior</strong></span> <span class='ocrx_word' id='word_1_251' title='bbox 470 3434 683 3500; x_wconf 85' lang='lat' dir='ltr'><strong>dicitur,</strong></span> <span class='ocrx_word' id='word_1_252' title='bbox 716 3442 771 3484; x_wconf 89' lang='lat' dir='ltr'><strong>ut</strong></span> <span class='ocrx_word' id='word_1_253' title='bbox 807 3434 1151 3499; x_wconf 84' lang='lat' dir='ltr'><strong>distinguatur</strong></span> <span class='ocrx_word' id='word_1_254' title='bbox 1182 3447 1212 3480; x_wconf 84' lang='lat' dir='ltr'><strong>a</strong></span> 
     </span>
    </p>
   </div>
   <div class='ocr_carea' id='block_1_3' title="bbox 2175 159 2296 226">
    <p class='ocr_par' dir='ltr' id='par_1_9' title="bbox 2175 159 2296 226">
     <span class='ocr_line' id='line_1_48' title="bbox 2175 159 2296 226; baseline 0.033 -3"><span class='ocrx_word' id='word_1_255' title='bbox 2175 159 2296 226; x_wconf 79' lang='lat'><strong>231</strong></span> 
     </span>
    </p>
   </div>
   <div class='ocr_carea' id='block_1_4' title="bbox 1283 324 2306 3499">
    <p class='ocr_par' dir='ltr' id='par_1_10' title="bbox 1283 324 2306 3499">
     <span class='ocr_line' id='line_1_49' title="bbox 1365 324 2306 394; baseline 0.005 -20"><span class='ocrx_word' id='word_1_256' title='bbox 1365 327 1664 390; x_wconf 82' lang='lat' dir='ltr'><strong>cognomine</strong></span> <span class='ocrx_word' id='word_1_257' title='bbox 1722 334 1919 377; x_wconf 87' lang='lat' dir='ltr'><strong>oratore</strong></span> <span class='ocrx_word' id='word_1_258' title='bbox 1959 324 2182 394; x_wconf 65' lang='lat' dir='ltr'><strong>Attitxo.)</strong></span> <span class='ocrx_word' id='word_1_259' title='bbox 2230 354 2306 374; x_wconf 69' lang='grc' dir='ltr'><strong>-ο</strong></span> 
     </span>
     <span class='ocr_line' id='line_1_50' title="bbox 1362 395 2305 462; baseline 0.01 -19"><span class='ocrx_word' id='word_1_260' title='bbox 1362 395 1528 460; x_wconf 79' lang='lat' dir='ltr'><strong>Leges</strong></span> <span class='ocrx_word' id='word_1_261' title='bbox 1547 395 1767 462; x_wconf 66' lang='lat' dir='ltr'><strong>Lycurgi</strong></span> <span class='ocrx_word' id='word_1_262' title='bbox 1787 397 2043 448; x_wconf 82' lang='lat' dir='ltr'><strong>laboribus</strong></span> <span class='ocrx_word' id='word_1_263' title='bbox 2065 399 2305 452; x_wconf 77' lang='lat' dir='ltr'><strong>erudiunt</strong></span> 
     </span>
     <span class='ocr_line' id='line_1_51' title="bbox 1364 465 2300 531; baseline 0.009 -18"><span class='ocrx_word' id='word_1_264' title='bbox 1364 465 1672 514; x_wconf 87' lang='lat' dir='ltr'><strong>iuventutem</strong></span> <span class='ocrx_word' id='word_1_265' title='bbox 1719 469 1978 531; x_wconf 87' lang='lat' dir='ltr'><strong>venand0,</strong></span> <span class='ocrx_word' id='word_1_266' title='bbox 2031 469 2300 528; x_wconf 66' lang='lat' dir='ltr'><strong>currenda,</strong></span> 
     </span>
     <span class='ocr_line' id='line_1_52' title="bbox 1365 535 2305 602; baseline 0.009 -20"><span class='ocrx_word' id='word_1_267' title='bbox 1365 535 1634 584; x_wconf 88' lang='lat' dir='ltr'><strong>esuriendo</strong></span> <span class='ocrx_word' id='word_1_268' title='bbox 1649 571 1662 594; x_wconf 95' lang='lat'><strong>,</strong></span> <span class='ocrx_word' id='word_1_269' title='bbox 1685 536 1925 600; x_wconf 88' lang='lat' dir='ltr'><strong>sitiend0,</strong></span> <span class='ocrx_word' id='word_1_270' title='bbox 1949 535 2165 601; x_wconf 84' lang='lat' dir='ltr'><strong>algendo</strong></span> <span class='ocrx_word' id='word_1_271' title='bbox 2180 575 2194 602; x_wconf 93' lang='lat'><strong>,</strong></span> <span class='ocrx_word' id='word_1_272' title='bbox 2217 551 2305 590; x_wconf 83' lang='lat' dir='ltr'><strong>ae·-</strong></span> 
     </span>
     <span class='ocr_line' id='line_1_53' title="bbox 1362 603 2306 668; baseline 0.01 -18"><span class='ocrx_word' id='word_1_273' title='bbox 1362 603 1605 663; x_wconf 75' lang='lat' dir='ltr'><strong>stuando,</strong></span> <span class='ocrx_word' id='word_1_274' title='bbox 1628 604 1829 653; x_wconf 88' lang='lat' dir='ltr'><strong>Tuscul.</strong></span> <span class='ocrx_word' id='word_1_275' title='bbox 1855 605 1903 663; x_wconf 89' lang='grc'><strong>2,</strong></span> <span class='ocrx_word' id='word_1_276' title='bbox 1928 606 2011 668; x_wconf 87' lang='grc'><strong>14,</strong></span> <span class='ocrx_word' id='word_1_277' title='bbox 2035 605 2120 656; x_wconf 86' lang='grc'><strong>34.</strong></span> <span class='ocrx_word' id='word_1_278' title='bbox 2141 633 2210 642; x_wconf 91' lang='grc'><strong>-</strong></span> <span class='ocrx_word' id='word_1_279' title='bbox 2229 604 2306 660; x_wconf 77' lang='lat' dir='ltr'><strong>Ne</strong></span> 
     </span>
     <span class='ocr_line' id='line_1_54' title="bbox 1361 667 2306 739; baseline 0.01 -20"><span class='ocrx_word' id='word_1_280' title='bbox 1361 671 1582 739; x_wconf 73' lang='lat' dir='ltr'><strong>Lycurgi</strong></span> <span class='ocrx_word' id='word_1_281' title='bbox 1612 673 1816 734; x_wconf 89' lang='lat' dir='ltr'><strong>quidem</strong></span> <span class='ocrx_word' id='word_1_282' title='bbox 1844 667 2116 738; x_wconf 82' lang='lat' dir='ltr'><strong>disciplina</strong></span> <span class='ocrx_word' id='word_1_283' title='bbox 2143 677 2306 728; x_wconf 67' lang='lat' dir='ltr'><strong>tenuit</strong></span> 
     </span>
     <span class='ocr_line' id='line_1_55' title="bbox 1361 739 2301 794; baseline 0.006 -6"><span class='ocrx_word' id='word_1_284' title='bbox 1361 739 1474 790; x_wconf 90' lang='lat' dir='ltr'><strong>illos</strong></span> <span class='ocrx_word' id='word_1_285' title='bbox 1496 743 1545 790; x_wconf 87' lang='lat' dir='ltr'><strong>in</strong></span> <span class='ocrx_word' id='word_1_286' title='bbox 1566 741 1855 791; x_wconf 88' lang='lat' dir='ltr'><strong>hominibus</strong></span> <span class='ocrx_word' id='word_1_287' title='bbox 1879 742 2085 794; x_wconf 81' lang='lat' dir='ltr'><strong>Graecis</strong></span> <span class='ocrx_word' id='word_1_288' title='bbox 2109 743 2301 794; x_wconf 76' lang='lat' dir='ltr'><strong>frenos,</strong></span> 
     </span>
     <span class='ocr_line' id='line_1_56' title="bbox 1358 809 2306 880; baseline 0.006 -22"><span class='ocrx_word' id='word_1_289' title='bbox 1358 809 1487 858; x_wconf 87' lang='lat' dir='ltr'><strong>Nam</strong></span> <span class='ocrx_word' id='word_1_290' title='bbox 1555 812 1708 859; x_wconf 88' lang='lat' dir='ltr'><strong>etiam</strong></span> <span class='ocrx_word' id='word_1_291' title='bbox 1777 809 1990 875; x_wconf 83' lang='lat' dir='ltr'><strong>Spartae</strong></span> <span class='ocrx_word' id='word_1_292' title='bbox 2058 819 2306 880; x_wconf 79' lang='lat' dir='ltr'><strong>regnante</strong></span> 
     </span>
     <span class='ocr_line' id='line_1_57' title="bbox 1357 878 2305 944; baseline 0.007 -17"><span class='ocrx_word' id='word_1_293' title='bbox 1357 878 1690 944; x_wconf 85' lang='lat' dir='ltr'><strong>Theopompo</strong></span> <span class='ocrx_word' id='word_1_294' title='bbox 1725 889 1844 929; x_wconf 84' lang='lat' dir='ltr'><strong>sunt</strong></span> <span class='ocrx_word' id='word_1_295' title='bbox 1877 882 2129 944; x_wconf 88' lang='lat' dir='ltr'><strong>quinque,</strong></span> <span class='ocrx_word' id='word_1_296' title='bbox 2173 897 2305 944; x_wconf 79' lang='lat' dir='ltr'><strong>quos</strong></span> 
     </span>
     <span class='ocr_line' id='line_1_58' title="bbox 1360 947 2303 1014; baseline 0.007 -19"><span class='ocrx_word' id='word_1_297' title='bbox 1360 947 1434 996; x_wconf 91' lang='lat' dir='ltr'><strong>illi</strong></span> <span class='ocrx_word' id='word_1_298' title='bbox 1453 948 1672 1013; x_wconf 88' lang='lat' dir='ltr'><strong>ephoros</strong></span> <span class='ocrx_word' id='word_1_299' title='bbox 1691 948 1979 1014; x_wconf 84' lang='lat' dir='ltr'><strong>appellant,</strong></span> <span class='ocrx_word' id='word_1_300' title='bbox 2002 958 2174 1003; x_wconf 87' lang='lat' dir='ltr'><strong>contra</strong></span> <span class='ocrx_word' id='word_1_301' title='bbox 2196 952 2303 1002; x_wconf 87' lang='lat' dir='ltr'><strong>vim</strong></span> 
     </span>
     <span class='ocr_line' id='line_1_59' title="bbox 1357 1019 2300 1086; baseline 0.004 -20"><span class='ocrx_word' id='word_1_302' title='bbox 1357 1019 1552 1082; x_wconf 85' lang='lat' dir='ltr'><strong>regiam</strong></span> <span class='ocrx_word' id='word_1_303' title='bbox 1584 1020 1867 1083; x_wconf 85' lang='lat' dir='ltr'><strong>constituti,</strong></span> <span class='ocrx_word' id='word_1_304' title='bbox 1899 1021 1962 1070; x_wconf 90' lang='lat' dir='ltr'><strong>de</strong></span> <span class='ocrx_word' id='word_1_305' title='bbox 1983 1035 2021 1068; x_wconf 88' lang='lat' dir='ltr'><strong>r.</strong></span> <span class='ocrx_word' id='word_1_306' title='bbox 2044 1035 2097 1086; x_wconf 87' lang='lat' dir='ltr'><strong>p.</strong></span> <span class='ocrx_word' id='word_1_307' title='bbox 2122 1020 2181 1078; x_wconf 91' lang='grc'><strong>2,</strong></span> <span class='ocrx_word' id='word_1_308' title='bbox 2213 1019 2300 1082; x_wconf 86' lang='grc'><strong>33,</strong></span> 
     </span>
     <span class='ocr_line' id='line_1_60' title="bbox 1355 1085 2297 1154; baseline 0.005 -19"><span class='ocrx_word' id='word_1_309' title='bbox 1355 1085 1442 1136; x_wconf 85' lang='grc'><strong>58.</strong></span> <span class='ocrx_word' id='word_1_310' title='bbox 1470 1115 1531 1122; x_wconf 89' lang='grc'>-</span> <span class='ocrx_word' id='word_1_311' title='bbox 1554 1087 1774 1152; x_wconf 78' lang='lat' dir='ltr'><strong>Lycurgi</strong></span> <span class='ocrx_word' id='word_1_312' title='bbox 1799 1087 1968 1154; x_wconf 81' lang='lat' dir='ltr'><strong>leges,</strong></span> <span class='ocrx_word' id='word_1_313' title='bbox 2006 1088 2210 1138; x_wconf 88' lang='lat' dir='ltr'><strong>Tuscul.</strong></span> <span class='ocrx_word' id='word_1_314' title='bbox 2249 1089 2297 1151; x_wconf 88' lang='lat'><strong>1,</strong></span> 
     </span>
     <span class='ocr_line' id='line_1_61' title="bbox 1356 1155 2299 1224; baseline 0.003 -20"><span class='ocrx_word' id='word_1_315' title='bbox 1356 1155 1422 1204; x_wconf 90' lang='grc'><strong>42</strong></span> <span class='ocrx_word' id='word_1_316' title='bbox 1439 1193 1452 1218; x_wconf 91' lang='grc'><strong>,</strong></span> <span class='ocrx_word' id='word_1_317' title='bbox 1481 1155 1582 1207; x_wconf 91' lang='grc'><strong>100</strong></span> <span class='ocrx_word' id='word_1_318' title='bbox 1612 1163 1659 1204; x_wconf 85' lang='lat' dir='ltr'><strong>et</strong></span> <span class='ocrx_word' id='word_1_319' title='bbox 1679 1155 1794 1206; x_wconf 90' lang='lat'><strong>101.</strong></span> <span class='ocrx_word' id='word_1_320' title='bbox 1820 1185 1883 1194; x_wconf 90' lang='lat'><strong>—--</strong></span> <span class='ocrx_word' id='word_1_321' title='bbox 1905 1159 1964 1208; x_wconf 87' lang='lat' dir='ltr'><strong>Ei</strong></span> <span class='ocrx_word' id='word_1_322' title='bbox 1984 1165 2299 1224; x_wconf 85' lang='lat' dir='ltr'><strong>postponun-</strong></span> 
     </span>
     <span class='ocr_line' id='line_1_62' title="bbox 1355 1224 2298 1292; baseline 0.007 -21"><span class='ocrx_word' id='word_1_323' title='bbox 1355 1231 1434 1271; x_wconf 84' lang='lat' dir='ltr'><strong>tur</strong></span> <span class='ocrx_word' id='word_1_324' title='bbox 1481 1224 1759 1274; x_wconf 79' lang='lat' dir='ltr'><strong>Pausanias</strong></span> <span class='ocrx_word' id='word_1_325' title='bbox 1808 1235 1856 1275; x_wconf 87' lang='lat' dir='ltr'><strong>et</strong></span> <span class='ocrx_word' id='word_1_326' title='bbox 1891 1229 2186 1292; x_wconf 70' lang='lat' dir='ltr'><strong>Lysander,</strong></span> <span class='ocrx_word' id='word_1_327' title='bbox 2235 1228 2298 1278; x_wconf 89' lang='lat' dir='ltr'><strong>de</strong></span> 
     </span>
     <span class='ocr_line' id='line_1_63' title="bbox 1355 1292 2300 1361; baseline 0.006 -19"><span class='ocrx_word' id='word_1_328' title='bbox 1355 1292 1440 1342; x_wconf 86' lang='lat' dir='ltr'><strong>off.</strong></span> <span class='ocrx_word' id='word_1_329' title='bbox 1471 1295 1496 1343; x_wconf 89' lang='lat'>1</span> <span class='ocrx_word' id='word_1_330' title='bbox 1514 1332 1528 1355; x_wconf 92' lang='lat'><strong>,</strong></span> <span class='ocrx_word' id='word_1_331' title='bbox 1551 1295 1618 1344; x_wconf 90' lang='grc'><strong>22</strong></span> <span class='ocrx_word' id='word_1_332' title='bbox 1632 1331 1645 1357; x_wconf 88' lang='grc'><strong>,</strong></span> <span class='ocrx_word' id='word_1_333' title='bbox 1678 1295 1761 1346; x_wconf 86' lang='grc'><strong>76.</strong></span> <span class='ocrx_word' id='word_1_334' title='bbox 1782 1321 1848 1331; x_wconf 84' lang='lat'><em>-</em></span> <span class='ocrx_word' id='word_1_335' title='bbox 1868 1296 2088 1360; x_wconf 75' lang='lat' dir='ltr'><strong>Lycurgi</strong></span> <span class='ocrx_word' id='word_1_336' title='bbox 2108 1297 2300 1361; x_wconf 82' lang='lat' dir='ltr'><strong>scripta</strong></span> 
     </span>
     <span class='ocr_line' id='line_1_64' title="bbox 1356 1362 2301 1415; baseline 0.006 -6"><span class='ocrx_word' id='word_1_337' title='bbox 1356 1377 1421 1410; x_wconf 87' lang='lat' dir='ltr'><strong>ex</strong></span> <span class='ocrx_word' id='word_1_338' title='bbox 1441 1362 1729 1412; x_wconf 84' lang='lat' dir='ltr'><strong>Stoicorum</strong></span> <span class='ocrx_word' id='word_1_339' title='bbox 1761 1367 2007 1412; x_wconf 86' lang='lat' dir='ltr'><strong>sententia</strong></span> <span class='ocrx_word' id='word_1_340' title='bbox 2035 1380 2136 1414; x_wconf 90' lang='lat' dir='ltr'><strong>non</strong></span> <span class='ocrx_word' id='word_1_341' title='bbox 2159 1371 2301 1415; x_wconf 83' lang='lat' dir='ltr'><strong>erant</strong></span> 
     </span>
     <span class='ocr_line' id='line_1_65' title="bbox 1358 1431 2300 1496; baseline 0.003 -18"><span class='ocrx_word' id='word_1_342' title='bbox 1358 1431 1498 1496; x_wconf 82' lang='lat' dir='ltr'><strong>leges</strong></span> <span class='ocrx_word' id='word_1_343' title='bbox 1519 1467 1531 1490; x_wconf 94' lang='lat'><strong>,</strong></span> <span class='ocrx_word' id='word_1_344' title='bbox 1569 1431 1727 1480; x_wconf 88' lang='lat' dir='ltr'><strong>Acad.</strong></span> <span class='ocrx_word' id='word_1_345' title='bbox 1757 1446 1831 1495; x_wconf 87' lang='lat' dir='ltr'><strong>pr.</strong></span> <span class='ocrx_word' id='word_1_346' title='bbox 1865 1434 1931 1492; x_wconf 91' lang='grc'><strong>2,</strong></span> <span class='ocrx_word' id='word_1_347' title='bbox 1961 1435 2056 1492; x_wconf 90' lang='grc'><strong>44,</strong></span> <span class='ocrx_word' id='word_1_348' title='bbox 2095 1431 2211 1484; x_wconf 88' lang='grc'><strong>136.</strong></span> <span class='ocrx_word' id='word_1_349' title='bbox 2234 1461 2300 1472; x_wconf 85' lang='lat'><strong>-—</strong></span> 
     </span>
     <span class='ocr_line' id='line_1_66' title="bbox 1357 1499 2299 1566; baseline 0.002 -18"><span class='ocrx_word' id='word_1_350' title='bbox 1357 1500 1575 1565; x_wconf 78' lang='lat' dir='ltr'><strong>Lycurgi</strong></span> <span class='ocrx_word' id='word_1_351' title='bbox 1590 1536 1604 1562; x_wconf 92' lang='lat'><em>‚</em></span> <span class='ocrx_word' id='word_1_352' title='bbox 1640 1499 1884 1550; x_wconf 88' lang='lat' dir='ltr'><strong>Draconis</strong></span> <span class='ocrx_word' id='word_1_353' title='bbox 1899 1537 1911 1558; x_wconf 94' lang='lat'><strong><em>‚</em></strong></span> <span class='ocrx_word' id='word_1_354' title='bbox 1945 1500 2148 1550; x_wconf 89' lang='lat' dir='ltr'><strong>Solonis</strong></span> <span class='ocrx_word' id='word_1_355' title='bbox 2167 1499 2299 1566; x_wconf 84' lang='lat' dir='ltr'><strong>legi-</strong></span> 
     </span>
     <span class='ocr_line' id='line_1_67' title="bbox 1356 1567 2297 1633; baseline 0.001 -16"><span class='ocrx_word' id='word_1_356' title='bbox 1356 1570 1452 1617; x_wconf 86' lang='lat' dir='ltr'><strong>bus</strong></span> <span class='ocrx_word' id='word_1_357' title='bbox 1469 1569 1723 1618; x_wconf 81' lang='lat' dir='ltr'><strong>Romanas</strong></span> <span class='ocrx_word' id='word_1_358' title='bbox 1744 1568 1961 1633; x_wconf 83' lang='lat' dir='ltr'><strong>praefert</strong></span> <span class='ocrx_word' id='word_1_359' title='bbox 1984 1569 2044 1622; x_wconf 93' lang='lat' dir='ltr'><strong>L.</strong></span> <span class='ocrx_word' id='word_1_360' title='bbox 2067 1567 2297 1627; x_wconf 85' lang='lat' dir='ltr'><strong>Crassus,</strong></span> 
     </span>
     <span class='ocr_line' id='line_1_68' title="bbox 1359 1637 2296 1704; baseline 0.001 -18"><span class='ocrx_word' id='word_1_361' title='bbox 1359 1638 1422 1686; x_wconf 87' lang='lat' dir='ltr'><strong>de</strong></span> <span class='ocrx_word' id='word_1_362' title='bbox 1447 1645 1573 1688; x_wconf 86' lang='lat' dir='ltr'><strong>orat.</strong></span> <span class='ocrx_word' id='word_1_363' title='bbox 1602 1638 1625 1687; x_wconf 97' lang='lat' dir='ltr'><strong>l</strong></span> <span class='ocrx_word' id='word_1_364' title='bbox 1646 1675 1658 1697; x_wconf 95' lang='lat'><strong>,</strong></span> <span class='ocrx_word' id='word_1_365' title='bbox 1679 1639 1776 1698; x_wconf 86' lang='lat'><strong>44,</strong></span> <span class='ocrx_word' id='word_1_366' title='bbox 1803 1637 1917 1688; x_wconf 84' lang='lat'><strong>197.</strong></span> <span class='ocrx_word' id='word_1_367' title='bbox 1939 1666 2004 1676; x_wconf 80' lang='lat'><strong>——</strong></span> <span class='ocrx_word' id='word_1_368' title='bbox 2028 1639 2296 1704; x_wconf 74' lang='lat' dir='ltr'><strong>Lycurgus</strong></span> 
     </span>
     <span class='ocr_line' id='line_1_69' title="bbox 1359 1706 2299 1772; baseline 0.003 -18"><span class='ocrx_word' id='word_1_369' title='bbox 1359 1707 1618 1772; x_wconf 88' lang='lat' dir='ltr'><strong>eloquens,</strong></span> <span class='ocrx_word' id='word_1_370' title='bbox 1641 1707 1713 1756; x_wconf 82' lang='lat' dir='ltr'><strong>lb.</strong></span> <span class='ocrx_word' id='word_1_371' title='bbox 1742 1709 1785 1768; x_wconf 91' lang='lat' dir='ltr'><strong>l,</strong></span> <span class='ocrx_word' id='word_1_372' title='bbox 1811 1706 1893 1766; x_wconf 85' lang='lat'><strong>13,</strong></span> <span class='ocrx_word' id='word_1_373' title='bbox 1915 1707 2000 1760; x_wconf 83' lang='lat'><strong>58.</strong></span> <span class='ocrx_word' id='word_1_374' title='bbox 2020 1735 2091 1745; x_wconf 90' lang='lat'>—</span> <span class='ocrx_word' id='word_1_375' title='bbox 2109 1707 2299 1758; x_wconf 89' lang='lat' dir='ltr'><strong>Memo-</strong></span> 
     </span>
     <span class='ocr_line' id='line_1_70' title="bbox 1358 1775 2298 1841; baseline 0.002 -18"><span class='ocrx_word' id='word_1_376' title='bbox 1358 1783 1496 1824; x_wconf 87' lang='lat' dir='ltr'><strong>ratur</strong></span> <span class='ocrx_word' id='word_1_377' title='bbox 1517 1784 1774 1838; x_wconf 86' lang='lat' dir='ltr'><strong>praeterea</strong></span> <span class='ocrx_word' id='word_1_378' title='bbox 1796 1776 1870 1826; x_wconf 83' lang='lat' dir='ltr'><strong>lb.</strong></span> <span class='ocrx_word' id='word_1_379' title='bbox 1893 1775 1952 1836; x_wconf 89' lang='lat'><strong>3,</strong></span> <span class='ocrx_word' id='word_1_380' title='bbox 1990 1778 2083 1837; x_wconf 86' lang='lat'><strong>15,</strong></span> <span class='ocrx_word' id='word_1_381' title='bbox 2115 1777 2200 1841; x_wconf 84' lang='grc'><strong>56.</strong></span> <span class='ocrx_word' id='word_1_382' title='bbox 2235 1779 2298 1827; x_wconf 82' lang='lat' dir='ltr'><strong>de</strong></span> 
     </span>
     <span class='ocr_line' id='line_1_71' title="bbox 1355 1845 2296 1912; baseline 0.003 -19"><span class='ocrx_word' id='word_1_383' title='bbox 1355 1845 1456 1910; x_wconf 80' lang='lat' dir='ltr'><strong>leg.</strong></span> <span class='ocrx_word' id='word_1_384' title='bbox 1493 1845 1549 1904; x_wconf 91' lang='lat'><strong>1,</strong></span> <span class='ocrx_word' id='word_1_385' title='bbox 1582 1846 1676 1907; x_wconf 84' lang='lat'><strong>22,</strong></span> <span class='ocrx_word' id='word_1_386' title='bbox 1706 1845 1791 1895; x_wconf 85' lang='lat'><strong>57.</strong></span> <span class='ocrx_word' id='word_1_387' title='bbox 1829 1846 2028 1912; x_wconf 84' lang='lat' dir='ltr'><strong>der,p.</strong></span> <span class='ocrx_word' id='word_1_388' title='bbox 2053 1847 2117 1912; x_wconf 85' lang='lat'><strong>2,</strong></span> <span class='ocrx_word' id='word_1_389' title='bbox 2155 1847 2214 1904; x_wconf 90' lang='lat'><strong>1,</strong></span> <span class='ocrx_word' id='word_1_390' title='bbox 2247 1848 2296 1896; x_wconf 88' lang='grc'><strong>2.</strong></span> 
     </span>
     <span class='ocr_line' id='line_1_72' title="bbox 1351 1912 2294 2033; baseline 0.004 -70"><span class='ocrx_word' id='word_1_391' title='bbox 1351 1912 1558 2033; x_wconf 59' lang='lat' dir='ltr'><strong>guseul.</strong></span> <span class='ocrx_word' id='word_1_392' title='bbox 1584 1914 1628 1973; x_wconf 83' lang='lat'><strong>1,</strong></span> <span class='ocrx_word' id='word_1_393' title='bbox 1649 1913 1734 1978; x_wconf 84' lang='lat'><strong>46,</strong></span> <span class='ocrx_word' id='word_1_394' title='bbox 1758 1913 1875 1966; x_wconf 91' lang='grc'><strong>110.</strong></span> <span class='ocrx_word' id='word_1_395' title='bbox 1907 1916 1970 1967; x_wconf 89' lang='lat' dir='ltr'><strong>de</strong></span> <span class='ocrx_word' id='word_1_396' title='bbox 1990 1931 2039 1963; x_wconf 90' lang='lat' dir='ltr'><strong>n.</strong></span> <span class='ocrx_word' id='word_1_397' title='bbox 2063 1915 2112 1965; x_wconf 88' lang='lat' dir='ltr'><strong>d.</strong></span> <span class='ocrx_word' id='word_1_398' title='bbox 2135 1917 2183 1976; x_wconf 83' lang='lat'><strong>3,</strong></span> <span class='ocrx_word' id='word_1_399' title='bbox 2208 1915 2294 1977; x_wconf 85' lang='lat'><strong>38,</strong></span> 
     </span>
     <span class='ocr_line' id='line_1_73' title="bbox 1285 2048 2294 2119; baseline 0 -18"><span class='ocrx_word' id='word_1_400' title='bbox 1285 2048 1586 2119; x_wconf 75' lang='lat' dir='ltr'><strong>Lycurgus</strong></span> <span class='ocrx_word' id='word_1_401' title='bbox 1602 2088 1616 2115; x_wconf 91' lang='lat'>‚</span> <span class='ocrx_word' id='word_1_402' title='bbox 1639 2060 1808 2101; x_wconf 84' lang='lat' dir='ltr'><strong>orator</strong></span> <span class='ocrx_word' id='word_1_403' title='bbox 1828 2052 2027 2101; x_wconf 87' lang='lat' dir='ltr'><strong>Atticus</strong></span> <span class='ocrx_word' id='word_1_404' title='bbox 2043 2086 2058 2113; x_wconf 88' lang='lat'><strong>,</strong></span> <span class='ocrx_word' id='word_1_405' title='bbox 2092 2067 2294 2116; x_wconf 90' lang='lat' dir='ltr'><strong>compo-</strong></span> 
     </span>
     <span class='ocr_line' id='line_1_74' title="bbox 1356 2121 2291 2188; baseline 0.001 -19"><span class='ocrx_word' id='word_1_406' title='bbox 1356 2123 1490 2171; x_wconf 86' lang='lat' dir='ltr'><strong>nitur</strong></span> <span class='ocrx_word' id='word_1_407' title='bbox 1509 2136 1624 2170; x_wconf 85' lang='lat' dir='ltr'><strong>cum</strong></span> <span class='ocrx_word' id='word_1_408' title='bbox 1643 2121 1998 2181; x_wconf 81' lang='lat' dir='ltr'><strong>Demosthene,</strong></span> <span class='ocrx_word' id='word_1_409' title='bbox 2018 2121 2291 2188; x_wconf 77' lang='lat' dir='ltr'><strong>Hyperide,</strong></span> 
     </span>
     <span class='ocr_line' id='line_1_75' title="bbox 1353 2189 2299 2255; baseline 0.001 -16"><span class='ocrx_word' id='word_1_410' title='bbox 1353 2189 1631 2249; x_wconf 90' lang='lat' dir='ltr'><strong>Dinarcho,</strong></span> <span class='ocrx_word' id='word_1_411' title='bbox 1666 2191 1729 2240; x_wconf 92' lang='lat' dir='ltr'><strong>de</strong></span> <span class='ocrx_word' id='word_1_412' title='bbox 1749 2199 1875 2244; x_wconf 83' lang='lat' dir='ltr'><strong>orat.</strong></span> <span class='ocrx_word' id='word_1_413' title='bbox 1896 2194 1957 2253; x_wconf 89' lang='grc'><strong>2,</strong></span> <span class='ocrx_word' id='word_1_414' title='bbox 1989 2189 2082 2255; x_wconf 85' lang='grc'><strong>23,</strong></span> <span class='ocrx_word' id='word_1_415' title='bbox 2113 2190 2200 2241; x_wconf 90' lang='grc'><strong>94.</strong></span> <span class='ocrx_word' id='word_1_416' title='bbox 2232 2216 2299 2227; x_wconf 92' lang='lat'><strong>—-</strong></span> 
     </span>
     <span class='ocr_line' id='line_1_76' title="bbox 1353 2260 2298 2326; baseline -0.002 -17"><span class='ocrx_word' id='word_1_417' title='bbox 1353 2260 1618 2326; x_wconf 80' lang='lat' dir='ltr'><strong>Lycurgus</strong></span> <span class='ocrx_word' id='word_1_418' title='bbox 1653 2268 1822 2311; x_wconf 87' lang='lat' dir='ltr'><strong>orator</strong></span> <span class='ocrx_word' id='word_1_419' title='bbox 1844 2260 2057 2309; x_wconf 86' lang='lat' dir='ltr'><strong>Athenis</strong></span> <span class='ocrx_word' id='word_1_420' title='bbox 2089 2274 2298 2309; x_wconf 82' lang='lat' dir='ltr'><strong>accusa-</strong></span> 
     </span>
     <span class='ocr_line' id='line_1_77' title="bbox 1354 2327 2294 2390; baseline 0.003 -13"><span class='ocrx_word' id='word_1_421' title='bbox 1354 2330 1542 2380; x_wconf 88' lang='lat' dir='ltr'><strong>tionem</strong></span> <span class='ocrx_word' id='word_1_422' title='bbox 1580 2328 1854 2390; x_wconf 81' lang='lat' dir='ltr'><strong>factitavit,</strong></span> <span class='ocrx_word' id='word_1_423' title='bbox 1907 2337 1965 2378; x_wconf 91' lang='lat' dir='ltr'><strong>ut</strong></span> <span class='ocrx_word' id='word_1_424' title='bbox 1998 2330 2189 2378; x_wconf 90' lang='lat' dir='ltr'><strong>Romae</strong></span> <span class='ocrx_word' id='word_1_425' title='bbox 2226 2327 2294 2380; x_wconf 83' lang='lat' dir='ltr'><strong>M.</strong></span> 
     </span>
     <span class='ocr_line' id='line_1_78' title="bbox 1353 2396 2297 2456; baseline -0.003 -10"><span class='ocrx_word' id='word_1_426' title='bbox 1353 2398 1565 2456; x_wconf 88' lang='lat' dir='ltr'><strong>Brutus,</strong></span> <span class='ocrx_word' id='word_1_427' title='bbox 1589 2396 1725 2447; x_wconf 88' lang='lat' dir='ltr'><strong>Brut.</strong></span> <span class='ocrx_word' id='word_1_428' title='bbox 1751 2396 1836 2455; x_wconf 85' lang='lat'><strong>34,</strong></span> <span class='ocrx_word' id='word_1_429' title='bbox 1859 2396 1978 2448; x_wconf 89' lang='grc'><strong>130.</strong></span> <span class='ocrx_word' id='word_1_430' title='bbox 2018 2396 2082 2448; x_wconf 92' lang='lat' dir='ltr'><strong>cl.</strong></span> <span class='ocrx_word' id='word_1_431' title='bbox 2107 2396 2172 2445; x_wconf 86' lang='lat' dir='ltr'><strong>ad</strong></span> <span class='ocrx_word' id='word_1_432' title='bbox 2189 2397 2297 2444; x_wconf 88' lang='lat' dir='ltr'><strong>Att.</strong></span> 
     </span>
     <span class='ocr_line' id='line_1_79' title="bbox 1358 2464 2294 2530; baseline -0.002 -16"><span class='ocrx_word' id='word_1_433' title='bbox 1358 2466 1405 2525; x_wconf 93' lang='lat'><strong>1,</strong></span> <span class='ocrx_word' id='word_1_434' title='bbox 1426 2465 1507 2524; x_wconf 87' lang='grc'><strong>13,</strong></span> <span class='ocrx_word' id='word_1_435' title='bbox 1525 2465 1931 2530; x_wconf 74' lang='lat' dir='ltr'><strong>3.—Lycurgus</strong></span> <span class='ocrx_word' id='word_1_436' title='bbox 1953 2471 2137 2527; x_wconf 87' lang='lat' dir='ltr'><strong>orator,</strong></span> <span class='ocrx_word' id='word_1_437' title='bbox 2155 2464 2294 2512; x_wconf 89' lang='lat' dir='ltr'><strong>Brut.</strong></span> 
     </span>
     <span class='ocr_line' id='line_1_80' title="bbox 1285 2599 2295 2671; baseline -0.003 -18"><span class='ocrx_word' id='word_1_438' title='bbox 1285 2599 1431 2671; x_wconf 77' lang='lat' dir='ltr'><strong>Lydi</strong></span> <span class='ocrx_word' id='word_1_439' title='bbox 1463 2606 1787 2667; x_wconf 83' lang='lat' dir='ltr'><strong>contemptim</strong></span> <span class='ocrx_word' id='word_1_440' title='bbox 1820 2608 2162 2651; x_wconf 86' lang='lat' dir='ltr'><strong>memorantur</strong></span> <span class='ocrx_word' id='word_1_441' title='bbox 2198 2616 2295 2651; x_wconf 87' lang='lat' dir='ltr'><strong>uua</strong></span> 
     </span>
     <span class='ocr_line' id='line_1_81' title="bbox 1355 2671 2299 2737; baseline 0.001 -16"><span class='ocrx_word' id='word_1_442' title='bbox 1355 2687 1468 2721; x_wconf 87' lang='lat' dir='ltr'><strong>cum</strong></span> <span class='ocrx_word' id='word_1_443' title='bbox 1507 2672 1682 2737; x_wconf 27' lang='lat' dir='ltr'><strong>&#39;Mysis</strong></span> <span class='ocrx_word' id='word_1_444' title='bbox 1740 2681 1788 2721; x_wconf 86' lang='lat' dir='ltr'><strong>et</strong></span> <span class='ocrx_word' id='word_1_445' title='bbox 1836 2671 2150 2737; x_wconf 72' lang='lat' dir='ltr'><strong>Phrygibus,</strong></span> <span class='ocrx_word' id='word_1_446' title='bbox 2206 2686 2299 2737; x_wconf 89' lang='lat' dir='ltr'><strong>pro</strong></span> 
     </span>
     <span class='ocr_line' id='line_1_82' title="bbox 1356 2740 2298 2806; baseline 0.002 -17"><span class='ocrx_word' id='word_1_447' title='bbox 1356 2742 1536 2791; x_wconf 88' lang='lat' dir='ltr'><strong>Flacco</strong></span> <span class='ocrx_word' id='word_1_448' title='bbox 1556 2743 1606 2800; x_wconf 91' lang='grc'><strong>2,</strong></span> <span class='ocrx_word' id='word_1_449' title='bbox 1632 2740 1683 2794; x_wconf 89' lang='grc'><strong>3.</strong></span> <span class='ocrx_word' id='word_1_450' title='bbox 1720 2743 1791 2791; x_wconf 88' lang='lat' dir='ltr'><strong>lb.</strong></span> <span class='ocrx_word' id='word_1_451' title='bbox 1813 2740 1907 2805; x_wconf 88' lang='grc'><strong>40,</strong></span> <span class='ocrx_word' id='word_1_452' title='bbox 1947 2740 2070 2793; x_wconf 91' lang='grc'><strong>100.</strong></span> <span class='ocrx_word' id='word_1_453' title='bbox 2101 2768 2172 2777; x_wconf 92' lang='grc'><strong>--</strong></span> <span class='ocrx_word' id='word_1_454' title='bbox 2201 2742 2298 2806; x_wconf 72' lang='lat' dir='ltr'><strong>Ly·</strong></span> 
     </span>
     <span class='ocr_line' id='line_1_83' title="bbox 1355 2810 2296 2877; baseline 0 -18"><span class='ocrx_word' id='word_1_455' title='bbox 1355 2810 1488 2871; x_wconf 84' lang='lat' dir='ltr'><strong>dius,</strong></span> <span class='ocrx_word' id='word_1_456' title='bbox 1501 2810 1790 2876; x_wconf 78' lang='lat' dir='ltr'><strong>Tyrrhenae</strong></span> <span class='ocrx_word' id='word_1_457' title='bbox 1826 2812 1994 2877; x_wconf 85' lang='lat' dir='ltr'><strong>gentis</strong></span> <span class='ocrx_word' id='word_1_458' title='bbox 2020 2810 2296 2875; x_wconf 81' lang='lat' dir='ltr'><strong>haruspex,</strong></span> 
     </span>
     <span class='ocr_line' id='line_1_84' title="bbox 1353 2867 2299 2947; baseline -0.003 -17"><span class='ocrx_word' id='word_1_459' title='bbox 1353 2881 1537 2943; x_wconf 88' lang='lat' dir='ltr'><strong>quode</strong></span> <span class='ocrx_word' id='word_1_460' title='bbox 1557 2867 1722 2947; x_wconf 72' lang='lat' dir='ltr'><strong>Lydia</strong></span> <span class='ocrx_word' id='word_1_461' title='bbox 1754 2882 1953 2931; x_wconf 88' lang='lat' dir='ltr'><strong>Etrusci</strong></span> <span class='ocrx_word' id='word_1_462' title='bbox 1987 2883 2190 2931; x_wconf 87' lang='lat' dir='ltr'><strong>venisse</strong></span> <span class='ocrx_word' id='word_1_463' title='bbox 2222 2880 2299 2929; x_wconf 86' lang='lat' dir='ltr'><strong>di-</strong></span> 
     </span>
     <span class='ocr_line' id='line_1_85' title="bbox 1355 2949 2184 3013; baseline 0 -16"><span class='ocrx_word' id='word_1_464' title='bbox 1355 2951 1622 3009; x_wconf 88' lang='lat' dir='ltr'><strong>cebantur,</strong></span> <span class='ocrx_word' id='word_1_465' title='bbox 1647 2951 1708 3000; x_wconf 90' lang='lat' dir='ltr'><strong>de</strong></span> <span class='ocrx_word' id='word_1_466' title='bbox 1731 2952 1888 3000; x_wconf 88' lang='lat' dir='ltr'><strong>divin.</strong></span> <span class='ocrx_word' id='word_1_467' title='bbox 1915 2951 1962 3010; x_wconf 87' lang='lat'><strong>1,</strong></span> <span class='ocrx_word' id='word_1_468' title='bbox 1991 2951 2071 3013; x_wconf 87' lang='grc'><strong>12,</strong></span> <span class='ocrx_word' id='word_1_469' title='bbox 2102 2949 2184 3001; x_wconf 91' lang='grc'><strong>19.</strong></span> 
     </span>
     <span class='ocr_line' id='line_1_86' title="bbox 1285 3014 2295 3085; baseline -0.005 -16"><span class='ocrx_word' id='word_1_470' title='bbox 1285 3014 1496 3085; x_wconf 78' lang='lat' dir='ltr'><strong>Lydia,</strong></span> <span class='ocrx_word' id='word_1_471' title='bbox 1523 3020 1667 3085; x_wconf 80' lang='lat' dir='ltr'><strong>regio</strong></span> <span class='ocrx_word' id='word_1_472' title='bbox 1695 3019 1852 3070; x_wconf 86' lang='lat' dir='ltr'><strong>Asiae</strong></span> <span class='ocrx_word' id='word_1_473' title='bbox 1877 3020 2086 3068; x_wconf 85' lang='lat' dir='ltr'><strong>minoris</strong></span> <span class='ocrx_word' id='word_1_474' title='bbox 2117 3031 2295 3067; x_wconf 87' lang='lat' dir='ltr'><strong>versus</strong></span> 
     </span>
     <span class='ocr_line' id='line_1_87' title="bbox 1353 3085 2294 3153; baseline -0.003 -16"><span class='ocrx_word' id='word_1_475' title='bbox 1353 3103 1492 3137; x_wconf 88' lang='lat' dir='ltr'><strong>mare</strong></span> <span class='ocrx_word' id='word_1_476' title='bbox 1506 3089 1768 3153; x_wconf 84' lang='lat' dir='ltr'><strong>Aegaeum</strong></span> <span class='ocrx_word' id='word_1_477' title='bbox 1790 3089 1918 3136; x_wconf 87' lang='lat' dir='ltr'><strong>inter</strong></span> <span class='ocrx_word' id='word_1_478' title='bbox 1937 3087 2147 3145; x_wconf 86' lang='lat' dir='ltr'><strong>Ioniam,</strong></span> <span class='ocrx_word' id='word_1_479' title='bbox 2162 3085 2294 3135; x_wconf 81' lang='lat' dir='ltr'><strong>Aeo·</strong></span> 
     </span>
     <span class='ocr_line' id='line_1_88' title="bbox 1351 3156 2293 3220; baseline -0.002 -15"><span class='ocrx_word' id='word_1_480' title='bbox 1351 3157 1498 3216; x_wconf 88' lang='lat' dir='ltr'><strong>liam,</strong></span> <span class='ocrx_word' id='word_1_481' title='bbox 1552 3156 1830 3220; x_wconf 77' lang='lat' dir='ltr'><strong>Phrygiam</strong></span> <span class='ocrx_word' id='word_1_482' title='bbox 1881 3170 2119 3220; x_wconf 79' lang='lat' dir='ltr'><strong>magnam</strong></span> <span class='ocrx_word' id='word_1_483' title='bbox 2135 3192 2149 3213; x_wconf 92' lang='lat'>‚</span> <span class='ocrx_word' id='word_1_484' title='bbox 2203 3166 2293 3217; x_wconf 85' lang='lat' dir='ltr'><strong>pro</strong></span> 
     </span>
     <span class='ocr_line' id='line_1_89' title="bbox 1351 3225 1747 3284; baseline -0.008 -9"><span class='ocrx_word' id='word_1_485' title='bbox 1351 3226 1530 3275; x_wconf 84' lang='lat' dir='ltr'><strong>Flacco</strong></span> <span class='ocrx_word' id='word_1_486' title='bbox 1557 3226 1639 3284; x_wconf 86' lang='grc'><strong>27,</strong></span> <span class='ocrx_word' id='word_1_487' title='bbox 1661 3225 1747 3275; x_wconf 79' lang='lat'><strong>65.</strong></span> 
     </span>
     <span class='ocr_line' id='line_1_90' title="bbox 1283 3291 2288 3362; baseline -0.004 -19"><span class='ocrx_word' id='word_1_488' title='bbox 1283 3292 1502 3362; x_wconf 77' lang='lat' dir='ltr'><strong>Lydus,</strong></span> <span class='ocrx_word' id='word_1_489' title='bbox 1558 3308 1588 3340; x_wconf 90' lang='lat' dir='ltr'><strong>a</strong></span> <span class='ocrx_word' id='word_1_490' title='bbox 1637 3308 1735 3356; x_wconf 90' lang='lat' dir='ltr'><strong>quo</strong></span> <span class='ocrx_word' id='word_1_491' title='bbox 1779 3291 2038 3356; x_wconf 72' lang='lat' dir='ltr'><strong>Lydorum</strong></span> <span class='ocrx_word' id='word_1_492' title='bbox 2088 3306 2288 3353; x_wconf 87' lang='lat' dir='ltr'><strong>nomen,</strong></span> 
     </span>
     <span class='ocr_line' id='line_1_91' title="bbox 1356 3360 2136 3426; baseline -0.01 -14"><span class='ocrx_word' id='word_1_493' title='bbox 1356 3362 1541 3426; x_wconf 76' lang='lat' dir='ltr'><strong>fragm.</strong></span> <span class='ocrx_word' id='word_1_494' title='bbox 1565 3376 1618 3425; x_wconf 87' lang='lat' dir='ltr'><strong>p.</strong></span> <span class='ocrx_word' id='word_1_495' title='bbox 1640 3360 1760 3411; x_wconf 88' lang='grc'><strong>290.</strong></span> <span class='ocrx_word' id='word_1_496' title='bbox 2130 3361 2136 3367; x_wconf 87' lang='grc'><em>“</em></span> 
     </span>
     <span class='ocr_line' id='line_1_92' title="bbox 1283 3426 2290 3499; baseline -0.006 -18"><span class='ocrx_word' id='word_1_497' title='bbox 1283 3428 1557 3499; x_wconf 75' lang='lat' dir='ltr'><strong>Lynceus,</strong></span> <span class='ocrx_word' id='word_1_498' title='bbox 1575 3429 1800 3495; x_wconf 88' lang='lat' dir='ltr'><strong>Apharei</strong></span> <span class='ocrx_word' id='word_1_499' title='bbox 1812 3428 1962 3492; x_wconf 78' lang='lat' dir='ltr'><strong>filius,</strong></span> <span class='ocrx_word' id='word_1_500' title='bbox 1976 3442 2108 3478; x_wconf 89' lang='lat' dir='ltr'><strong>unus</strong></span> <span class='ocrx_word' id='word_1_501' title='bbox 2122 3442 2186 3478; x_wconf 88' lang='lat' dir='ltr'><strong>ex</strong></span> <span class='ocrx_word' id='word_1_502' title='bbox 2200 3426 2290 3477; x_wconf 82' lang='lat' dir='ltr'><strong>Ar·</strong></span> 
     </span>
    </p>
   </div>
  </div>
 </body>
</html>
