2500 3850
395 164 600 213 comt.
631 162 922 212 GALLUS.
947 183 1033 197 --
1056 162 1166 211 cn.
1194 162 1400 211 conn.
1424 163 1721 211 unsrun.
1750 163 2099 212 MARCELL.
2204 152 2287 214 99

263 333 442 368 ronem
463 318 561 367 sibi
584 317 774 383 legavit
795 331 843 366 a.
860 316 910 368 d.
925 316 1014 368 IV.
1040 317 1210 366 Nonas

259 387 476 453 Apriles
488 401 535 435 a.
549 402 601 438 u.
619 403 664 434 c.
679 385 1007 443 710.,adAtt.
1028 385 1110 450 15,
1124 385 1212 446 11,

1351 332 1465 367 cum
1484 317 1542 367 L.
1566 317 1807 368 Mummio
1829 333 1876 367 a.
1901 333 1956 370 u.
1978 334 2021 367 c.
2042 317 2162 369 608.
2180 354 2195 380 ,
2222 319 2289 370 ad

1350 387 1456 436 Att.
1482 385 1563 446 13,
1586 385 1670 448 33,
1692 385 1741 436 3.

259 459 317 509 4.
339 483 408 491 -
427 456 544 504 ‘Vir
559 456 820 519 optimus’,
843 455 918 505 Ib.
940 454 1023 518 15,
1047 453 1132 514 13,
1155 453 1204 504 5.
1285 452 1383 506 Cn.
1421 451 1714 504 Cornelius
1746 452 2019 506 Lentulus
2057 452 2289 506 Clodia-

261 551 332 562 —-
354 523 614 574 Ciceronis
643 522 857 587 epistola
885 522 953 572 ad
970 522 1209 573 Dolabel-

258 593 366 643 lam
381 628 394 650 ‚
414 593 488 642 Ib.
515 591 610 654 15,
636 591 729 651 14,
749 592 801 643 2.
845 591 984 650 Quae
1002 606 1033 640 a
1051 591 1208 640 Dola·-

258 661 404 712 bella
425 660 666 710 mandata
692 659 877 708 habeat
897 658 1098 723 Cicer0,
1125 659 1201 711 11).

259 731 350 790 15,
374 727 456 790 19,
477 730 527 779 2.
569 729 630 778 cl.
653 728 722 778 ib.
754 728 838 788 15,
855 725 940 789 20,
974 729 1023 779 1.
1045 755 1115 764 -
1132 727 1207 778 De

256 799 502 850 laudibus
531 795 855 859 Dolabellae,
887 797 962 846 Ib.
994 796 1088 858 16,
1121 797 1204 858 11,

256 871 310 920 2.
326 895 394 904 —
407 866 486 916 Ab
507 881 568 916 eo
586 865 902 916 abalienatus
923 873 999 916 est
1013 864 1208 931 Cicero,

257 938 335 986 Ib.
374 934 470 998 15,
504 934 598 994 15,
631 934 680 987 1.
714 935 996 984 —Rursus
1027 933 1207 984 lauda-

255 1013 369 1070 tur,
416 1001 642 1068 Philipp.
693 1005 722 1054 1
748 1039 763 1066 ,
807 1004 840 1053 2
861 1038 880 1063 ,
927 1005 977 1054 5.
1032 1003 1106 1052 11).
1154 1002 1202 1065 1,

257 1075 345 1138 11,
367 1071 454 1124 27.
488 1073 562 1122 11).
587 1072 635 1135 1,
656 1072 738 1130 12,
758 1069 825 1122 29
844 1087 958 1134 sqq.
991 1071 1059 1122 ad
1077 1071 1201 1124 farn.

257 1144 343 1205 12,
373 1141 422 1206 1,
450 1141 500 1193 1.
531 1167 598 1176 --
617 1140 781 1190 Valde
808 1141 1204 1206 vituperabatur,

258 1211 400 1274 quod
420 1208 478 1260 C.
499 1208 674 1259 Cassio
703 1215 809 1259 tam
843 1210 942 1258 oito
964 1209 1206 1260 succede·

254 1287 364 1340 ret,
404 1278 482 1328 Ib.
523 1277 620 1340 12,
649 1279 711 1338 4,
739 1281 791 1330 2.
822 1305 894 1315 -
914 1277 1014 1327 Ter
1042 1278 1203 1343 depu-

255 1349 437 1415 gnavit
479 1346 665 1397 Caesar
717 1361 831 1396 cum
877 1346 1094 1404 civibus,
1149 1347 1203 1395 in

257 1415 532 1467 Thessalia
551 1451 567 1475 ,
649 1414 826 1465 Africa
845 1453 861 1481 ‚
934 1415 1198 1480 Hispania.

257 1482 506 1536 Omnibus
535 1482 700 1536 adfuit
728 1483 811 1534 his
844 1485 1033 1549 pugnis
1053 1483 1203 1533 Dola-

253 1554 422 1614 bella,
445 1553 671 1618 Philipp.
693 1554 743 1612 2,
765 1551 852 1615 30,
880 1553 965 1604 75.
992 1579 1058 1588 —
1083 1551 1204 1600 Post

253 1623 452 1674 bellum
484 1622 825 1686 Hispaniense
861 1619 1056 1685 perfide
1095 1620 1203 1670 elu-

258 1709 352 1744 sus
379 1706 412 1740 a
437 1689 652 1740 Caesare
683 1697 733 1740 et
763 1691 1014 1750 Antonio,
1044 1690 1119 1738 Ib.
1147 1690 1201 1749 2,

254 1760 355 1827 32,
392 1759 480 1812 79.
517 1758 856 1809 Vehementer
888 1761 1204 1823 vituperatur

254 1837 469 1896 propter
489 1841 666 1878 necem
697 1827 751 1878 C.
780 1827 1052 1889 Trebonii‚
1081 1826 1202 1876 Phi-

255 1899 390 1966 lipp.
419 1897 513 1962 11,
552 1897 600 1949 1.
639 1897 713 1947 11).
745 1896 830 1958 14,
858 1896 921 1957 3,
952 1896 1005 1951 8.
1041 1895 1104 1945 cl.
1129 1896 1199 1945 ib.

257 1968 442 2026 12,12,
461 1969 591 2017 2.—
604 1967 852 2017 Rumores
872 1966 936 2015 de
957 1979 1200 2031 oppresso

254 2034 529 2087 Dolabella
558 2050 606 2083 a.
640 2050 693 2083 u.
721 2051 768 2086 c.
801 2034 920 2088 711.
939 2072 953 2096 ,
983 2036 1050 2084 ad
1076 2033 1198 2083 fam.

257 2107 344 2167 12,
363 2104 417 2167 8,
441 2105 497 2154 2.
529 2104 605 2154 11).
629 2104 724 2168 12,
749 2103 800 2163 9,
831 2104 880 2155 1.
913 2104 986 2153 11).
1013 2103 1095 2161 12,
1118 2102 1201 2160 10,

257 2175 306 2224 1.
335 2200 402 2211 --
433 2174 494 2221 In
521 2170 750 2223 Ciliciam
783 2173 946 2229 veuit,
976 2173 1043 2222 ad
1073 2170 1197 2220 fam.

255 2242 350 2303 12,
374 2241 470 2301 12,
491 2243 542 2291 4.
564 2268 630 2277 —-
647 2242 774 2291 Eius
797 2241 951 2291 classi
971 2240 1202 2290 Lucilius

254 2317 518 2375 praeerat,
540 2310 615 2359 lb.
640 2311 723 2371 12,
747 2310 830 2373 13,
853 2310 904 2363 3.
931 2336 1000 2346 ·—
1019 2310 1203 2359 Arces-

253 2381 386 2430 situs
407 2393 439 2427 a
457 2379 791 2429 Tarsensibus
811 2387 860 2427 et
878 2377 1200 2439 LaodiceniS,

253 2449 327 2499 Ib.
351 2447 447 2506 12,
472 2446 569 2510 13,
596 2450 648 2499 4.
671 2474 738 2485 --
768 2448 890 2497 Eius
920 2462 1002 2496 res
1030 2454 1202 2512 gestas

256 2524 306 2565 et
329 2515 566 2578 'consilia
603 2517 815 2580 exponit
859 2516 920 2564 P.
957 2515 1202 2565 Lentulus

253 2591 589 2650 propraetor,
625 2586 699 2636 Ib.
735 2584 828 2647 13,
859 2584 925 2635 14
947 2591 997 2633 et
1030 2583 1113 2633 15.
1135 2611 1202 2619 -

251 2655 312 2705 Ρ.
327 2653 592 2704 Dolabella
611 2655 834 2716 quinque
855 2652 1090 2703 cohortes
1107 2653 1204 2701 mi-

255 2723 396 2772 sitin
415 2720 820 2772 cherrhonesum
842 2738 893 2775 a.
917 2737 969 2775 u.
994 2738 1038 2771 c.
1057 2720 1198 2782 711„

255 2806 342 2855 ep.
364 2791 431 2840 ad
456 2790 601 2840 Brut.
621 2792 681 2851 1,
699 2793 750 2841 2.
787 2791 852 2841 cf.
875 2791 946 2842 ib.
971 2791 1030 2849 1,
1059 2793 1111 2841 5.
1134 2816 1200 2825 —

251 2890 324 2899 -
365 2860 416 2909 A
451 2859 603 2909 Tillio
643 2858 845 2910 Cimbro
884 2868 932 2910 et
965 2858 1199 2910 Deiotaro

252 2942 436 2979 caesus
454 2928 764 2993 fugatusque
783 2944 898 2979 esse
918 2929 1199 2987 dicebatur,

253 3012 338 3062 ep.
372 2995 442 3046 ad
473 2995 580 3046 cie.
615 2998 670 3057 l,
701 2999 752 3051 6.
791 2998 852 3049 el.
875 2998 947 3047 ib.
969 2999 1026 3060 2,
1057 2997 1108 3049 3.
1129 3022 1201 3034 ·-

249 3063 519 3117 Dolabella
559 3074 706 3116 vexat
737 3067 942 3125 Asiam,
981 3065 1198 3117 Rhodiis

253 3133 498 3185 exclusus
515 3172 528 3191 ,
551 3149 636 3199 ep.
663 3136 728 3184 ad
753 3136 888 3187 Brut.
912 3136 966 3200 2,
984 3136 1036 3185 4.

185 3198 486 3253 Cornelius
519 3202 749 3267 Gallus,
783 3204 1052 3254 familiaris
1079 3202 1198 3253 Asi-

251 3273 325 3320 nii
370 3271 644 3333 Pollionis,
693 3274 760 3322 ad
797 3273 919 3326 fam.
963 3270 1058 3337 10,
1109 3271 1197 3331 32,

181 3406 288 3459 Cn.
331 3406 632 3460 Cornelius
670 3408 974 3482 Lentulus,
1022 3408 1198 3459 consul

1348 537 1453 572 nus
1476 537 1590 572 cum
1616 523 1814 587 collega
1840 525 1899 573 L.
1926 523 2089 574 Gellio
2109 537 2214 575 cos.
2238 539 2288 576 a.

1348 609 1401 644 u.
1440 607 1486 641 e.
1526 589 1647 641 682.
1685 592 1849 657 legem
1892 593 2034 655 tulit,
2074 608 2173 656 qua
2214 601 2291 642 est

1349 666 1609 724 sanctum,
1648 661 1722 709 uti
1758 662 1897 711 cives
1935 662 2154 711 Romani
2188 662 2292 712 sint

1347 729 1412 793 ii,
1436 742 1563 792 quos
1585 728 1677 781 Cn.
1698 729 1973 795 Pompeius
1998 731 2061 780 de
2088 729 2287 780 consilii

1348 799 1598 848 sententia
1628 798 1931 863 singillatim
1963 800 2164 865 civitate
2202 799 2291 849 do-

1346 865 1504 925 navit,
1521 879 1617 932 pro
1633 865 1791 917 Balbo
1808 867 1862 929 8,
1888 866 1971 918 19.
2001 868 2077 919 lb.
2094 867 2177 930 14,
2198 865 2285 921 33.

1347 961 1415 972 --
1430 932 1517 984 Cn.
1542 934 1783 985 Lentulus
1804 944 1853 987 et
1869 936 1927 986 L.
1943 936 2137 987 Gellius
2152 951 2286 989 coss,

1347 1018 1395 1053 a.
1417 1017 1469 1053 u.
1491 1019 1535 1057 c.
1558 1003 1679 1055 682.
1701 1011 1912 1071 propter
1929 1005 1982 1056 C.
1994 1005 2172 1057 Verris
2190 1005 2289 1054 ini—

1348 1072 1589 1135 quitatem
1608 1073 1661 1121 in
1678 1083 1859 1124 senatu
1873 1075 2029 1124 verba
2041 1073 2287 1132 fecerunt,

1344 1157 1411 1190 ne
1448 1141 1682 1192 absentes
1714 1141 1947 1192 homines
1989 1143 2042 1192 in
2078 1145 2289 1207 provin-

1344 1209 1439 1260 ciis
1470 1212 1547 1260 rei
1566 1208 1743 1260 fierent
1774 1227 1941 1262 rerum
1970 1211 2286 1276 capitalium,

1340 1281 1488 1330 Verr.
1510 1286 1733 1332 accusat.
1756 1281 1807 1341 2,
1828 1280 1915 1340 39,
1937 1277 2023 1330 95.
2050 1306 2115 1316 —-
2142 1280 2287 1330 testis

1341 1349 1398 1397 in
1428 1347 1484 1401 C.
1518 1349 1758 1408 Verrem,
1797 1348 1873 1401 Ib.
1912 1347 1974 1411 5,
2009 1347 2071 1410 7,
2108 1349 2192 1398 15.
2220 1373 2286 1384 -

1343 1414 1563 1476 Censor,
1620 1416 1962 1466 Temnitarum
2020 1423 2286 1482 patronus,

1341 1497 1434 1550 pro
1465 1484 1645 1535 Flacco
1667 1483 1761 1545 19,
1791 1487 1877 1538 45.
1897 1511 1970 1522 -
1990 1483 2082 1538 Cn.
2101 1485 2289 1534 Lentu-

1343 1554 1425 1603 lus
1451 1567 1632 1603 censor
1658 1569 1771 1604 cum
1802 1553 1861 1603 L.
1897 1551 2061 1604 Gellio
2089 1553 2289 1618 collega

1342 1622 1700 1673 animadvertit
1727 1625 1779 1672 in
1813 1623 2011 1673 iudices
2038 1623 2288 1686 quosdam

1343 1689 1544 1740 consilii
1575 1692 1803 1756 Iuniani,
1840 1706 1935 1756 pro
1971 1689 2164 1742 Cluenti
2199 1692 2285 1755 42,

1343 1757 1445 1811 118
1475 1774 1587 1824 sqq.
1626 1787 1695 1798 -
1722 1761 1847 1811 Eius
1886 1763 2020 1812 bona
2052 1762 2285 1811 tribunus

1342 1828 1513 1893 plebis
1544 1831 1718 1880 nescio
1752 1831 1866 1892 quis
1885 1829 2194 1897 publicavit,
2225 1828 2288 1878 de

1342 1899 1495 1949 domo
1532 1913 1628 1949 sua
1666 1900 1767 1962 47,
1809 1898 1928 1951 124.
1959 1928 2030 1939 -
2066 1899 2289 1949 Favebat

1342 1966 1449 2032 legi
1464 1966 1729 2029 Maniliae,
1755 1969 1819 2018 de
1838 1970 1963 2033 imp.
1989 1968 2077 2018 Cn.
2103 1968 2285 2032 Pomp.

1341 2036 1429 2098 23,
1448 2035 1534 2088 68.
1561 2061 1631 2072 -—
1650 2038 1740 2088 Cn.
1762 2036 2031 2096 Lentulus,
2054 2036 2286 2099 aequalis

1340 2103 1399 2163 Q.
1415 2104 1685 2171 Hortensii,
1700 2106 1839 2155 Brut.
1858 2106 1946 2166 64,
1963 2104 2084 2157 230.
2105 2106 2177 2154 11).
2198 2102 2285 2163 90,

1340 2172 1462 2225 308.
1488 2198 1547 2209 -
1571 2172 1645 2223 De
1664 2176 1773 2225 eius
1802 2175 2087 2239 eloquentia
2106 2211 2119 2234 ‚
2140 2175 2282 2223 Brut.

1342 2241 1430 2305 66,
1449 2240 1571 2294 234.

1274 2306 1625 2375 (Cornelius)
1682 2310 1957 2364 Lentulus
1978 2348 1993 2375 ,
2054 2310 2287 2362 Clodiani

1340 2379 1497 2427 filius.
1536 2377 1759 2442 Legatus
1780 2382 1831 2427 in
1855 2379 2069 2429 Galliam
2097 2381 2285 2428 missus

1344 2462 1393 2496 a.
1413 2463 1465 2497 u.
1487 2461 1530 2494 c.
1556 2444 1676 2497 694.
1696 2483 1709 2504 ,
1739 2448 1804 2496 ad
1824 2447 1930 2495 Att.
1955 2448 2003 2509 1,
2029 2446 2112 2509 19,
2134 2448 2187 2495 2.

1277 2513 1380 2565 Cn.
1420 2510 1716 2563 Cornelius
1748 2513 1815 2564 P.
1846 2512 1910 2563 F.
1948 2514 2013 2565 P.
2042 2512 2111 2565 N.
2139 2513 2287 2563 Len-

1342 2581 1496 2633 tulus
1524 2580 1917 2648 Marcellinus,
1954 2591 2100 2648 patre
2134 2582 2285 2633 Clau-

1343 2652 1429 2702 dio
1461 2650 1704 2701 Marcello
1735 2652 1971 2717 plebeiae
2001 2653 2168 2719 gentis
2195 2667 2284 2701 na-

1339 2727 1439 2769 tus.
1480 2719 1603 2771 Eius
1622 2720 1721 2770 fide
1745 2730 1895 2785 atque
1922 2723 2185 2788 praesidio
2206 2720 2285 2771 Si-

1341 2789 1444 2839 culi
1473 2790 1698 2839 maxime
1715 2792 2007 2841 nitebantur
2036 2793 2284 2842 adversus

1342 2858 1398 2908 C.
1422 2860 1635 2908 Verrem
1650 2895 1664 2919 ,
1685 2860 1897 2915 divinat.
1921 2862 1976 2910 in
2004 2861 2063 2921 Q.
2096 2858 2282 2912 Caecil.

1337 2929 1391 2987 4,
1415 2926 1497 2979 13.
1520 2955 1587 2965 —-
1606 2928 1853 2982 Patronus
1882 2930 2111 2989 Siciliae,
2133 2930 2281 2977 Verr.

1340 3004 1563 3047 accusat.
1589 2999 1650 3058 2,
1685 2999 1781 3060 42,
1817 2997 1934 3049 103.
1956 3025 2023 3034 -
2042 2998 2209 3047 Testis
2228 2997 2283 3043 in

1340 3066 1396 3117 C.
1428 3066 1668 3129 Verrem,
1698 3067 1775 3120 lb.
1800 3070 1863 3127 4,
1898 3068 1993 3127 24,
2026 3065 2111 3117 53.
2136 3092 2203 3102 -
2224 3065 2283 3113 In

1340 3141 1517 3183 senatu
1551 3136 1775 3199 graviter
1810 3135 1874 3183 de
1912 3134 2171 3184 Clodianis
2204 3134 2281 3181 in-

1340 3202 1535 3252 cendiis
1548 3238 1563 3261 ,
1592 3202 2012 3251 trucidationibus
2026 3239 2039 3262 ‚
2078 3202 2282 3266 lapida-

1338 3269 1563 3319 tionibus
1589 3278 1797 3331 questus
1826 3278 1927 3331 est,
1960 3272 2024 3321 ad
2053 3269 2111 3329 Q.
2137 3271 2201 3320 fr.
2226 3270 2277 3327 2,

1342 3340 1392 3400 1,
1418 3338 1472 3387 2.
1493 3363 1559 3373 -
1582 3339 1641 3386 In
1670 3340 1778 3387 eius
1807 3340 2107 3389 sententiam
2128 3352 2279 3389 sena-

1338 3413 1421 3456 tus
1440 3404 1724 3457 consultum
1748 3406 1810 3456 de
1828 3408 2092 3509 ³'Ciceronis
2124 3408 2275 3460 domo

1782 3478 1813 3525 7
1940 3506 1957 3519 .
