2500 3850
204 136 331 199 402
776 149 1303 199 'rmTOPATOREs
1331 173 1412 182 —
1436 152 1715 199 runnu.

204 304 596 372 Tritopatores
612 342 627 369 ,
650 306 713 355 de
734 319 784 358 n.
807 305 859 355 d.
879 304 931 369 3,
950 306 1035 366 21,
1053 307 1140 360 53.

201 372 590 442 Triumphalis
606 384 770 440 porta,
785 376 837 423 in
851 375 1109 440 Pison.23,
1123 377 1208 427 55.

1354 311 1403 358 in
1440 323 1563 373 agro
1598 307 1783 356 Piceno
1824 308 1889 356 ad
1930 309 2114 358 ostium
2154 310 2301 359 fluvii

1352 378 1586 439 Truenti,
1610 377 1673 424 ad
1702 379 1803 426 Au.
1824 377 1874 435 8,
1900 377 1979 425 12.
2000 377 2057 428 Β.
2087 379 2135 428 1.

201 441 384 494 Troas
409 445 517 494 sive
549 441 836 508 Troades,
868 443 926 501 Q.
955 443 1212 496 Ciceronis
1284 445 1520 512 Trypho
1579 442 1889 508 Caecilius,
1944 445 2179 510 libertuS,
2236 449 2301 498 ad

275 514 536 579 tragoedia
549 550 565 574 ,
585 513 652 562 ad
671 512 728 571 Q.
754 513 816 562 fr.
839 512 890 570 3,
910 513 943 564 5
962 512 1069 578 (6),
1092 515 1140 562 7.

203 581 494 646 Troezen,
532 583 782 646 oppidum
818 582 1108 648 Argolidis,
1147 584 1210 633 de

268 651 351 701 off.
379 652 429 715 3,
454 653 537 712 11,
560 652 644 700 48.

1355 521 1455 564 Ait.
1478 516 1530 574 3,
1553 513 1605 576 8,
1630 515 1680 566 3.

1282 581 1630 634 Tuberones.
1670 582 1733 632 V.
1758 583 1809 630 in
1827 581 2024 632 Aeliis.

1282 651 1587 704 Tubertus.
1629 651 1691 704 V.
1716 653 1765 699 in
1788 650 2120 700 Postumiis.

198 719 619 790 Troglodytae,
653 720 830 784 populi
860 720 1066 770 Africae
1091 737 1210 786 spe-
1279 721 1341 772 Is.
1364 720 1648 772 Tubulus.
1688 721 1749 771 V.
1772 719 1836 770 L.
1864 717 2150 769 Hostilius
2178 719 2305 770 Tu-

269 790 444 840 luncas
469 789 785 850 habitantes,
827 791 967 855 apud
999 806 1119 851 eos,
1155 799 1210 840 ut

1346 790 1513 841 bulus
1521 827 1532 838 .

264 859 528 924 scribitur,
559 866 673 908 ante
703 858 976 910 solstitium
997 859 1210 910 Canicu-
1277 859 1354 910 Μ.
1378 856 1626 910 Tuccius
1648 857 1701 911 C.
1724 859 2083 924 Sempronium
2104 858 2300 908 Rufum

259 929 367 978 lum
391 929 643 988 exoritur,
667 928 729 978 de
749 929 907 978 divin.
931 931 984 992 2,
1006 930 1092 991 44,
1121 927 1206 978 93.

194 1011 450 1082 Trogmi.
500 1015 836 1078 Trogmomm
872 1015 1142 1064 tetrarchia
1179 1031 1210 1064 a

1349 945 1396 982 a.
1428 944 1478 976 u.
1510 944 1557 977 c.
1592 927 1711 980 703.
1736 943 1877 978 reum
1914 928 2031 994 lege
2048 927 2217 978 Plotia
2239 928 2302 977 de

1348 1001 1397 1049 vi
1422 997 1540 1047 fecit
1557 1035 1570 1060 ,
1593 996 1734 1045 Cael..
1752 997 1817 1046 ad
1839 997 1959 1048 fam.
1989 996 2039 1060 8,
2060 995 2115 1054 8,
2143 997 2193 1048 1.

264 1084 480 1134 Caesare
503 1091 676 1146 erepta
708 1091 757 1131 et
785 1082 1060 1132 Mithridati
1090 1085 1209 1132 Per·
1282 1065 1616 1145 Tadltffmjff·
1656 1067 1720 1118 V·
1746 1067 1797 1114 5¹¹
1818 1061 2187 1130 8(ΒΙῙΙΡΙὌΠῙῘΦ

260 1167 474 1217 gameno
498 1152 616 1201 data
636 1187 648 1208 ‚
673 1153 738 1200 de
757 1151 914 1200 divin,
939 1153 987 1208 2,
1013 1151 1098 1214 37,
1120 1151 1205 1203 79,
1284 1135 1382 1186 Cn.
1406 1134 1701 1197 Tudntms,
1735 1142 1968 1196 senator,
1996 1133 2203 1183 favebat
2232 1137 2297 1188 A.

191 1219 388 1284 Troia,
409 1221 528 1270 urbs
548 1220 758 1269 Troadis
779 1222 829 1268 in
853 1221 976 1272 Asia
994 1222 1206 1282 minore,

263 1292 328 1340 ad
353 1289 467 1339 Her.
489 1291 540 1350 4,
569 1288 654 1344 30,
677 1290 761 1339 41.

191 1357 369 1411 Troia
402 1359 593 1408 Italiae.
631 1359 904 1408 Troianum
943 1359 1207 1422 praedium

257 1430 512 1480 Phameae
558 1429 782 1477 vicinum
823 1441 947 1493 agro
995 1429 1204 1487 Antiati,

259 1499 393 1562 quod
428 1497 600 1547 Cicero
636 1513 802 1546 emere
835 1498 1113 1561 cogitabat,
1141 1498 1204 1547 ad

256 1571 362 1621 Att.
387 1565 440 1625 9,
466 1567 548 1628 13,
575 1566 624 1616 6.

189 1631 447 1686 Troiani.
473 1637 658 1683 Eorum
685 1633 939 1696 ferocitas,
961 1637 1024 1685 de
1044 1635 1200 1684 divin.

206 1697 214 1707 ⁶
255 1707 305 1770 2,
323 1702 409 1767 39,
431 1703 516 1754 82.
531 1729 600 1740 —-
623 1703 857 1753 Troianis
876 1703 1064 1753 Helena
1083 1719 1201 1753 cau-

256 1789 316 1824 sa
343 1772 496 1833 belli,
539 1772 762 1838 Philipp.
794 1775 854 1834 2,
886 1776 984 1833 22,
1016 1772 1102 1825 55.
1135 1801 1200 1809 —-

257 1843 465 1893 Troiani
523 1843 781 1892 oraculum
838 1858 869 1892 a
924 1842 1198 1892 Dodonaeo

255 1915 374 1963 Iove
392 1919 710 1980 acceperunt,
734 1913 797 1963 de
816 1913 916 1961 inv.
944 1913 988 1968 1,
1010 1912 1096 1973 22,
1113 1911 1197 1963 32.

188 1996 470 2050 Troianus
496 2014 672 2061 equus,
699 1998 868 2048 tabula
889 1998 979 2049 Cn.
1003 1996 1197 2057 Naevii,

256 2069 321 2117 ad
343 2068 460 2127 fam,
487 2070 536 2127 7,
565 2069 614 2127 l,
642 2070 691 2116 2.
735 2069 810 2119 Ib.
834 2070 882 2131 7,
908 2066 991 2128 16,
1018 2068 1066 2120 1.
1105 2082 1198 2130 pro

256 2136 392 2186 Cael.
416 2136 500 2199 28,
528 2135 612 2187 67.

185 2202 395 2256 Troica
413 2212 670 2269 tempora,
698 2204 837 2256 Brut.
867 2205 948 2265 10,
971 2205 1058 2255 40.

185 2288 436 2355 Troilus,
457 2290 642 2341 Priami
661 2290 797 2341 filius
817 2290 880 2339 ab
903 2288 1102 2339 Achille
1121 2290 1197 2337 in-

251 2360 516 2421 terfectuS,
548 2360 751 2410 Tuscul.
779 2362 826 2420 l,
850 2359 934 2418 39,
959 2358 1046 2412 93.

185 2444 590 2513 Trophoniana
603 2448 822 2496 narratio
841 2461 872 2494 a
883 2443 1194 2503 Dicaearcho

253 2518 562 2583 conscripta,
595 2516 657 2566 de
689 2532 776 2573 e0,
800 2516 888 2579 qui
924 2516 974 2563 in
997 2521 1194 2564 antrum

251 2585 528 2651 Trophonii
561 2586 847 2648 descendit,
888 2585 954 2633 ad
995 2584 1099 2635 Att.
1139 2582 1190 2643 6,

251 2656 300 2716 2,
327 2655 378 2707 3.

182 2720 542 2787 Trophonius
557 2757 572 2783 ,
595 2724 657 2771 de
678 2736 726 2770 n.
750 2722 800 2771 d.
825 2719 876 2779 3,
899 2719 983 2780 19,
1002 2718 1091 2769 49.
1125 2720 1190 2771 V.

247 2788 644 2855 Amphiaraus.
665 2816 733 2825 --
745 2788 1025 2837 Mercurius
1045 2788 1189 2852 alter,

247 2859 480 2910 Valentis
515 2865 566 2905 et
613 2856 876 2907 Coronidis
913 2856 1079 2917 filius,
1123 2858 1186 2923 is,

249 2930 334 2993 qui
365 2929 458 2977 sub
481 2926 629 2974 terris
655 2924 870 2975 habetur
897 2926 1033 2975 idem
1068 2929 1190 2976 Tro-

245 2998 496 3064 phonius,
519 2996 593 3044 Ib.
619 2994 669 3057 3,
692 2996 775 3059 22,
795 2993 881 3048 56.

180 3062 540 3132 Trophonius
594 3073 642 3115 et
694 3066 982 3130 Agamedes
1033 3080 1188 3129 quum

245 3136 470 3200 Apollini
497 3136 742 3201 templum
771 3134 1188 3186 exaedificassent

245 3205 455 3270 Delphis
471 3243 487 3270 ,
509 3206 726 3255 subitam
747 3214 976 3269 mortem,
999 3205 1186 3257 summi

246 3276 460 3336 praemii
503 3274 613 3324 loco
653 3275 778 3324 deus
814 3276 878 3323 iis
914 3276 1185 3335 concessit,

248 3340 454 3393 Tuscul.
484 3344 526 3404 1,
551 3344 636 3400 47,
664 3342 779 3391 114.
1053 3386 1058 3391 .

180 3408 553 3461 Truentinum
605 3410 878 3468 castrum,
943 3410 1186 3475 oppidum

1352 1205 1579 1255 Cluentio
1598 1240 1610 1262 ,
1634 1218 1724 1267 pro
1749 1202 1941 1257 Cluent.
1967 1201 2051 1264 70,
2080 1201 2199 1254 198.

1279 1272 1355 1323 Μ.
1383 1269 1573 1340 Tugia
1591 1308 1606 1333 ,
1640 1273 1749 1321 iure
1778 1273 2034 1322 consultus
2050 1308 2062 1328 ‚
2086 1273 2172 1320 cui
2196 1273 2297 1334 iuS,

1348 1343 1483 1405 quod
1504 1350 1609 1390 erat
1630 1342 1693 1389 de
1714 1357 1876 1403 aquae
1897 1341 2133 1390 ductibus
2147 1376 2164 1403 ,
2192 1356 2295 1389 ma-

1346 1413 1485 1461 xime
1522 1411 1779 1476 cognitum
1824 1410 1917 1459 fuit
1934 1447 1949 1472 ‚
2002 1423 2098 1472 pro
2139 1409 2297 1459 Balbo

1346 1481 1431 1541 20,
1454 1482 1542 1531 45.

1274 1547 1340 1600 Ia.
1362 1546 1623 1598 Tulleius
1654 1546 1849 1611 legatus
1880 1547 2139 1596 Ciceronis
2171 1563 2218 1597 a.
2240 1564 2291 1599 u.

1345 1635 1389 1668 c.
1418 1616 1537 1669 703.
1554 1655 1567 1678 ‚
1592 1617 1659 1665 ad
1678 1615 1800 1665 fam.
1830 1616 1911 1676 15,
1933 1620 1984 1676 4,
2005 1616 2055 1666 8.

1275 1684 1499 1748 Tullia,
1560 1699 1711 1749 saepe
1772 1687 1925 1735 etiam
1980 1686 2297 1736 deminutive

1343 1752 1599 1806 Tulliola
1629 1755 1761 1804 dicta
1779 1791 1792 1812 ,
1830 1754 2089 1804 Ciceronis
2124 1763 2174 1804 et
2198 1755 2293 1804 Te·

1344 1823 1535 1874 rentiae
1566 1823 1687 1872 filia.
1731 1823 1821 1884 Ei,
1843 1837 1959 1872 -una
1992 1839 2109 1874 cum
2134 1831 2293 1874 matre

1342 1893 1593 1957 Terentia,
1614 1893 1956 1943 inscribuntur
1975 1907 2057 1959 ep.
2080 1893 2147 1942 ad
2170 1893 2291 1943 fam.

1345 1965 1425 2013 14.
1443 1978 1524 2027 ep.
1545 1963 1695 2011 1--4.
1720 1964 1800 2012 14.
1826 1961 1907 2013 18.
1924 1990 1988 1999 —-
2008 1964 2135 2012 Eius
2155 1962 2293 2012 vale-

1339 2033 1489 2091 tudo,
1519 2032 1595 2081 Ib.
1630 2031 1725 2090 14,
1755 2030 1808 2081 9.
1858 2033 1934 2081 Ib.
1976 2033 2069 2094 14,
2105 2031 2189 2083 19.
2223 2058 2290 2067 -

1339 2100 1591 2163 Tulliola,
1640 2100 1904 2150 deliciolae
1950 2109 2182 2163 nostrae,
2226 2100 2291 2149 ad

1338 2172 1441 2220 Att.
1464 2172 1511 2229 l,
1534 2168 1584 2234 8,
1607 2168 1657 2220 3.
1687 2170 1761 2221 Ib.
1795 2169 1841 2226 1,
1864 2169 1944 2222 10.
1966 2169 2017 2222 6.
2040 2196 2113 2207 —
2130 2169 2291 2218 Tullia

1341 2238 1541 2303 effigies
1562 2239 1680 2299 orie,
1704 2240 1979 2303 sermonis,
2003 2238 2165 2288 animi
2184 2254 2291 2287 ora-

1338 2310 1479 2372 toriS,
1506 2308 1571 2357 ad
1592 2308 1650 2365 Q.
1673 2306 1737 2356 fr.
1764 2308 1810 2361 1.
1831 2306 1881 2371 3,
1905 2307 1955 2357 3.
1981 2335 2049 2343 —
2070 2306 2291 2357 Tulliola

1339 2371 1395 2430 C.
1418 2376 1589 2427 Pisoni
1608 2376 1666 2429 L.
1689 2378 1746 2425 F.
1769 2376 1925 2441 Frugi
1950 2377 2211 2441 desponsa
2242 2390 2288 2425 a.

1335 2463 1385 2496 u.
1402 2463 1443 2499 c.
1458 2445 1601 2510 687„
1616 2445 1684 2495 ad
1703 2446 1806 2494 Au.
1830 2445 1876 2508 1,
1892 2444 1945 2501 3,
1959 2444 2092 2495 3.-
2108 2445 2291 2495 Postea

1336 2531 1449 2566 cum
1486 2514 1787 2579 Crassipede
1826 2514 2123 2575 coniuncta,
2159 2529 2206 2565 a.
2236 2530 2286 2565 u.

1336 2601 1380 2635 c.
1405 2582 1524 2635 698.
1541 2619 1558 2642 ,
1580 2584 1725 2642 adQ.
1747 2583 1810 2632 fr.
1834 2585 1883 2648 2,
1908 2584 1959 2642 4,
1978 2583 2033 2631 2.
2056 2610 2124 2620 --
2144 2584 2217 2633 Ib.
2240 2584 2291 2641 2,

1334 2654 1385 2717 5,
1411 2654 1459 2706 1.
1477 2653 1623 2704 —A.
1644 2653 1695 2701 d.
1718 2653 1858 2704 VIII.
1885 2652 1961 2701 Id.
1982 2650 2112 2716 Apr.
2136 2664 2289 2717 spon-

1334 2722 1465 2772 salia
1492 2720 1784 2787 Crassipedi
1818 2719 2056 2785 praebuit
2092 2718 2290 2781 Cicero,

1334 2793 1411 2842 Ib.
1434 2793 1495 2855 2,
1522 2790 1585 2852 6,
1614 2791 1662 2841 1.
1706 2790 1767 2839 cl.
1793 2791 1859 2839 ad
1878 2788 1999 2839 fam.
2028 2790 2087 2850 l,
2112 2790 2174 2851 7,
2201 2788 2286 2839 11.

1333 2889 1398 2897 -
1436 2860 1513 2909 De
1557 2874 1691 2911 nova
1734 2859 1934 2909 Tulliae
1984 2859 2291 2907 condicione

1333 2930 1455 2993 quid
1474 2930 1573 2979 sibi
1591 2928 1789 2993 placeat
1809 2928 1986 2977 scribit
2004 2928 2071 2977 ad
2094 2928 2288 2976 Teren-

1328 3001 1451 3049 tiam
1471 2998 1643 3048 Cicero
1674 3012 1721 3051 a.
1754 3014 1805 3045 u.
1829 3014 1873 3046 c.
1896 2994 2017 3049 704.
2038 3034 2052 3057 ,
2086 2998 2157 3046 ad
2180 2998 2290 3044 Att.

1328 3068 1389 3131 6,
1419 3070 1479 3127 4,
1511 3069 1561 3116 2.
1582 3094 1645 3103 -
1667 3067 1901 3115 Terentia
1918 3080 2032 3115 eam
2048 3066 2105 3114 P.
2134 3063 2293 3114 Dola-

1328 3137 1491 3187 bellae
1520 3135 1817 3201 despondit,
1847 3136 1921 3185 Ib.
1944 3134 2007 3199 6,
2040 3132 2106 3192 6,
2137 3134 2187 3186 1.
2215 3160 2293 3171 --

1327 3206 1452 3255 Vult
1487 3206 1657 3255 Cicero
1686 3205 1788 3254 sibi
1822 3204 2121 3266 Tulliaeque
2160 3217 2290 3253 suae

1327 3290 1572 3341 prospere
1601 3276 1806 3324 evenire
1839 3288 1929 3337 ea,
1965 3288 2093 3335 quae
2124 3288 2182 3321 se
2209 3272 2293 3321 in-

1328 3344 1521 3393 sciente
1540 3344 1673 3392 facta
1704 3345 1805 3393 sint
1834 3357 1865 3390 a
1892 3342 2026 3401 suis,
2068 3342 2135 3390 ad
2159 3339 2291 3390 fam.

1329 3408 1381 3472 3,
1404 3412 1489 3473 12,
1510 3414 1560 3462 2.
1580 3437 1650 3449 --—
1668 3412 1793 3463 Eius
1813 3411 2021 3477 nuptiae
2040 3424 2157 3459 cum
2176 3408 2287 3458 Do-
