2500 3850
240 210 359 274 (98

304 379 489 442 quibus
532 375 748 440 intelligi
782 381 949 440 potest
993 374 1153 424 multa
1187 377 1241 423 in

306 449 450 498 illum
476 447 644 510 ipsum
677 445 919 493 Scaurum
950 458 1064 494 esse
1088 443 1239 502 dicta,

234 512 790 645 MPffinFissiztBlrz’tii,
815 583 883 637 M.
906 583 1079 644 Bruti,
1116 579 1241 632 Cae-

302 656 435 704 saris
452 653 789 702 interi'ectoris
808 689 820 710 ,
850 658 1019 716 pater:
1049 652 1175 703 iuris
1194 660 1242 699 et

301 723 494 789 publici
542 730 593 771 et
629 723 818 786 privati
862 735 983 771 sane
1023 721 1239 785 perituS,

302 807 405 842 non
430 799 601 841 tamen
634 799 799 841 orator
828 790 1033 854 proprie
1066 791 1240 838 dicen·

305 863 401 911 dus
419 898 432 920 ,
466 861 602 910 Brut.
625 859 721 923 62,
754 861 874 912 222.
896 887 962 894 -
984 857 1240 908 Tribunus

301 933 438 996 plebi
478 929 576 978 fuit
613 930 669 978 L.
719 928 953 978 Cornelio
1000 928 1240 992 Scipione

306 999 361 1053 C.
398 999 542 1049 Iunio
578 997 814 1047 Norbano
851 1011 987 1049 coss.
1022 1012 1069 1046 a.
1102 1013 1153 1046 u.
1190 1012 1234 1048 c.

302 1068 454 1130 671„
492 1082 584 1131 pro
619 1066 817 1125 Quinc-t.
852 1064 944 1126 20,
974 1064 1062 1116 65.
1082 1064 1237 1116 --Μ.

301 1138 488 1185 Brutus
509 1143 557 1184 et
576 1135 630 1183 P.
660 1135 839 1184 Rullus
858 1134 956 1183 soli
986 1134 1145 1183 fuisse
1167 1134 1239 1183 di·

302 1215 509 1267 cuntur,
542 1205 627 1267 qui
662 1218 769 1253 rem
799 1204 941 1268 publ.
970 1205 1114 1252 Rom.
1148 1201 1239 1251 Ca-

301 1289 457 1340 puam
490 1273 766 1322 transferre
785 1272 1001 1334 vellent,
1036 1273 1100 1322 de
1127 1273 1239 1336 lege

302 1361 407 1409 agr.
429 1345 490 1407 2,
512 1341 606 1403 33,
628 1341 713 1393 89.
750 1339 815 1395 cl.
840 1342 911 1394 ib.
935 1343 998 1401 2,
1028 1339 1121 1400 34,
1151 1341 1237 1395 92.

302 1414 377 1466 Ib.
412 1413 474 1471 2,
512 1410 609 1474 36,
639 1411 724 1464 98.
765 1437 833 1446 -
860 1412 913 1459 In
950 1425 1067 1460 eum
1096 1409 1240 1460 Sulla

301 1481 523 1532 crudelis
554 1480 643 1530 Cn.
672 1482 915 1545 Pompeio
946 1482 1087 1529 socio
1125 1478 1237 1539 fuit,

300 1551 561 1610 adAtt.9,
588 1551 668 1609 14,
690 1551 741 1599 2.

228 1616 307 1670 Μ.
320 1615 515 1670 Iunius
538 1586 749 1668 Bru’tus
769 1609 1239 1684 τυραννοκτόνος,

300 1688 396 1739 fuit
434 1688 498 1735 M.
538 1686 677 1735 Bruti
718 1694 766 1736 et
802 1685 1049 1736 Serviliae
1082 1687 1239 1740 filius,

298 1755 456 1804 Natus
490 1761 565 1804 est
599 1770 647 1803 a.
679 1771 730 1804 ιι.
771 1769 819 1804 c.
846 1755 966 1810 669.
1018 1758 1239 1805 Primum

296 1839 509 1873 uxorem
563 1823 710 1872 duxit
756 1822 1049 1884 Claudiam,
1097 1826 1233 1889 App.

298 1893 499 1944 Claudii
529 1892 697 1942 Pulcri
718 1892 903 1953 filiam,
940 1909 989 1943 v.
1028 1894 1093 1943 ad
1115 1893 1236 1946 fam.

297 1965 359 2023 3,
382 1965 443 2022 4,
466 1966 517 2013 2.
559 1964 631 2012 Ib.
658 1962 720 2023 3,
756 1963 844 2027 10,
866 1965 916 2015 2.
958 1964 1024 2013 ad
1052 1966 1156 2012 Att.
1186 1963 1237 2021 5,

301 2035 364 2083 17
378 2071 391 2095 ‚
414 2032 487 2091 6.,
528 2032 711 2081 deinde
732 2048 792 2081 ea
814 2034 1028 2083 dimissa
1045 2048 1093 2082 a.
1116 2047 1165 2082 u.
1190 2048 1235 2081 c.

296 2101 413 2152 709.
456 2102 713 2161 Porciam,
751 2101 953 2151 Catonis
986 2102 1237 2153 Uticensis

293 2169 449 2219 filiam
471 2207 484 2228 ,
508 2186 553 2221 ν.
583 2170 652 2221 ib.
677 2169 759 2230 13,
779 2169 829 2230 9,
850 2171 899 2219 2.
945 2171 1020 2223 Ib.
1045 2168 1127 2227 13,
1151 2170 1234 2231 10,

296 2239 346 2291 3.
370 2267 440 2275 —-
460 2239 584 2289 Eius
604 2239 813 2289 vitricus
834 2248 940 2289 erat
972 2240 1034 2293 D.
1060 2240 1235 2288 Iunius

296 2307 501 2357 Silanus
534 2322 639 2357 cos.
672 2323 718 2357 a.
754 2324 808 2356 u.
841 2323 885 2359 c.
915 2309 1066 2368 692„
1086 2308 1231 2358 Brut.

292 2377 388 2437 68,
426 2377 548 2429 240.
582 2400 649 2413 -—
679 2378 757 2427 Ex
778 2377 1049 2441 adoptione
1074 2392 1233 2426 avun—

292 2446 394 2496 culi
421 2446 480 2505 Q.
512 2446 719 2497 Servilii
738 2447 1007 2511 Caepionis
1034 2446 1232 2509 aliquo·

289 2516 423 2565 tiens
461 2516 647 2565 dicitur
692 2517 751 2575 Q.
800 2515 985 2581 Caepio
1028 2517 1227 2580 Brutus,

290 2585 356 2633 ad
377 2586 496 2633 fam.
521 2588 579 2643 7,
607 2585 692 2635 21.
725 2586 789 2633 ad
822 2586 930 2638 Att.
951 2586 1014 2645 2,
1052 2586 1147 2647 24,
1178 2586 1228 2634 2.

288 2652 509 2717 Philipp.
536 2651 617 2710 10,
635 2654 715 2716 11,
739 2654 823 2704 24.
836 2680 902 2689 --
921 2654 1043 2703 Eius
1062 2655 1231 2703 studia

290 2730 338 2767 et
357 2720 533 2769 laudes
556 2724 825 2781 oratoriae,
844 2722 982 2772 Brut.
1004 2725 1090 2786 97,
1110 2722 1227 2774 331.

288 2814 350 2823 --
388 2789 667 2837 Audiverat
706 2791 1027 2842 Pammenem
1064 2792 1230 2841 rheto-

286 2872 419 2917 rem,
465 2859 686 2907 Aristum
719 2861 1111 2922 Academicum,
1150 2862 1223 2911 Ib.

283 2925 375 2988 97,
417 2924 533 2977 332.
564 2954 637 2965 -
667 2928 936 2980 Excellens
970 2932 1105 2981 omni
1138 2946 1227 2994 ge-

284 3010 402 3044 nere
425 2996 591 3045 laudis
624 2998 697 3045 sic
727 2998 1109 3064 philosophiam
1128 2999 1225 3047 La-

285 3066 405 3114 tinis
434 3065 619 3117 litteris
638 3069 987 3131 persequitur,
1020 3067 1149 3116 nihil
1173 3075 1224 3115 ut

280 3134 463 3184 iisdem
501 3135 563 3183 de
596 3136 747 3185 rebus
778 3135 993 3186 Graecia
1020 3136 1223 3186 deside-

280 3210 381 3264 ret,
414 3205 639 3252 Aristum
666 3204 880 3254 Athenis
908 3206 1107 3256 audivit
1129 3205 1221 3254 ali-

281 3286 431 3332 quam
456 3272 563 3331 diu,
586 3274 744 3322 Acad.
764 3281 896 3337 post.
927 3274 972 3333 l,
986 3275 1035 3333 3,
1052 3274 1133 3326 12.
1150 3300 1221 3309 -·

278 3340 504 3388 Aristum
555 3350 604 3391 et
644 3342 950 3391 Antiochum
1004 3342 1216 3403 audivit,

282 3408 487 3461 Tuscul.
509 3409 565 3466 5,
584 3409 646 3468 8,
668 3410 755 3461 21.
777 3437 846 3449 —-
869 3412 953 3459 Est
976 3412 1019 3459 is
1038 3411 1218 3460 Antio-

276 3474 448 3534 chius,
488 3478 552 3524 ad
585 3478 686 3528 Att.
726 3476 817 3540 13,
850 3478 945 3539 25,
978 3477 1031 3529 3.
1054 3509 1123 3518 -
1144 3479 1211 3532 Μ.

944 222 1017 267 Μ.
1045 219 1281 266 IUNIUS
1306 215 1596 265 BRUTUS.

1380 374 1562 422 Brutus
1585 387 1649 424 ex
1668 378 1834 421 vetere
1857 370 2134 420 Academia
2151 372 2322 437 philo-

1381 442 1661 562 {iphi'ssssm
1692 447 2152 573 ⁸⁶§2mszississsia
2173 442 2215 560 Ξῗ
2222 450 2318 561 ‘11¹⁹‘

1460 546 1478 573 ,
1612 551 1626 565 .
1648 536 1713 545 -
1837 545 1848 558 .
2207 527 2240 559 ιι
2279 527 2320 560 ι-

1382 583 1455 628 vit
1480 577 1647 638 Sami,
1670 576 1742 632 Ib.
1768 579 1864 638 42,
1889 578 2006 631 156.
2031 603 2097 614 -
2118 578 2318 644 Optime

1381 649 1581 698 tenebat
1619 647 1978 698 Demosthenis
2021 650 2316 712 sententiaa,

1381 725 1506 767 orat.
1528 716 1612 778 39,
1639 715 1753 772 136.
1770 743 1836 753 ——-
1862 715 1929 765 Μ.
1952 715 2136 765 Brutus
2156 716 2320 768 lucra-

1379 787 1514 836 tivae
1549 801 1750 850 semper
1777 799 1962 850 operae
1994 785 2060 834 ad
2092 788 2320 838 scriben-

1382 856 1502 905 dum
1521 855 1612 904 'aut
1631 855 1901 920 legendum
1929 862 2015 904 aut
2045 855 2320 906 dicendum

1383 925 1576 986 aliquid
1607 926 1858 988 rapiebat,
1891 923 2076 988 fragm.
2110 939 2163 989 p.
2195 925 2316 976 345.

1383 1021 1449 1029 —
1471 993 1676 1058 Collega
1695 993 1790 1043 fuit
1813 994 1868 1052 Q.
1901 992 2104 1043 Caecilii
2131 995 2320 1044 Metelli

1381 1065 1457 1112 Pii
1479 1061 1735 1127 Scipionis
1755 1064 1805 1111 in
1827 1061 2147 1127 pontificatu,
2173 1063 2316 1116 Brut.

1379 1132 1464 1195 58,
1486 1131 1606 1181 212.
1624 1159 1688 1167 -——
1703 1132 1766 1180 M.
1791 1132 1976 1182 Brutus
1996 1147 2040 1180 a.
2061 1147 2111 1180 ιι.
2131 1148 2172 1180 c.
2194 1132 2315 1184 695.

1379 1202 1740 1251 coniurationis
1759 1201 2079 1250 insimulatus
2098 1216 2127 1249 a
2146 1201 2318 1252 Vettio

1380 1270 1562 1332 iudice,
1584 1271 1650 1319 ad
1673 1271 1776 1319 Att.
1802 1271 1853 1335 2,
1874 1271 1957 1332 24,
1977 1271 2027 1322 2.
2056 1297 2114 1304 -
2142 1269 2320 1320 Cicero

1379 1339 1523 1388 Bruti
1547 1354 1654 1388 rem
1677 1340 1753 1388 sic
1786 1341 1922 1404 agit,
1955 1348 2008 1386 ut
2029 1354 2172 1388 suam
2201 1340 2320 1404 ipse

1380 1422 1482 1457 non
1501 1416 1705 1474 ageret,
1726 1410 1799 1458 lh.
1819 1409 1880 1464 5,
1914 1407 2005 1471 18,
2025 1409 2078 1457 4.
2100 1435 2168 1446 --
2187 1408 2320 1458 Eum

1381 1478 1632 1527 abiectum
1663 1479 1900 1527 excitavit
1928 1477 2100 1527 Cicero
2117 1514 2134 1541 ,
2166 1478 2244 1528 Ib.
2267 1479 2318 1538 5,

1381 1547 1476 1605 20,
1509 1548 1560 1600 6.
1583 1573 1644 1582 --
1667 1546 1790 1596 Eius
1813 1545 2082 1596 familiaris
2103 1547 2168 1597 M.
2193 1546 2319 1596 Sca-

1379 1616 1544 1682 ptius,
1567 1616 1639 1664 Ib.
1659 1617 1691 1666 5
1707 1652 1720 1673 ‚
1749 1617 1844 1676 21,
1868 1614 1950 1666 10.
1970 1645 2039 1656 —-
2060 1615 2134 1666 De
2157 1617 2318 1667 Bruto

1379 1686 1697 1748 aliquatenus
1734 1685 1957 1747 queritur
1991 1684 2196 1748 Cicero,
2237 1687 2314 1739 lb.

1379 1754 1429 1814 6,
1455 1754 1507 1817 1,
1527 1753 1579 1806 3.
1606 1782 1672 1790 -—
1691 1753 2076 1804 Salaminiorum
2104 1755 2326 1820 Cyprio*

1379 1839 1491 1874 rum
1511 1823 1692 1874 civitas
1713 1825 1763 1872 in
1784 1825 1894 1874 eius
1915 1823 2015 1873 fide
2035 1824 2216 1883 locata,
2237 1825 2313 1873 Ib.

1377 1891 2315 1957 6,15.1b.6,‚.27sqq1b.6,3

1377 1962 1428 2012 5.
1452 1989 1518 1997 -
1538 1962 1712 2011 Nullas
1741 1978 1979 2025 umquam
2013 1964 2078 2012 ad
2115 1963 2316 2013 Cicero-

1378 2046 1493 2081 nem
1513 2031 1703 2081 litteras
1722 2033 1860 2081 misit
1876 2030 2087 2092 Brutus,
2121 2034 2168 2081 in
2173 2033 2314 2110 ‚qui-

1378 2101 1473 2152 bus
1493 2116 1594 2151 non
1623 2103 1814 2151 inesset
1843 2101 2124 2167 adrogans,
2153 2090 2312 2149 ἀκοι-

1378 2184 1636 2233 νωνητον
1655 2170 1875 2233 aliquid,
1899 2171 1972 2222 lb.
1993 2169 2045 2232 6,
2068 2168 2132 2230 3,
2153 2172 2203 2222 7.
2242 2171 2312 2222 cl

1377 2239 1446 2289 ib
1468 2239 1518 2304 6,
1539 2239 1590 2302 6,
1617 2241 1663 2289 1.
1687 2264 1755 2277 --
1775 2240 1840 2289 M.
1861 2240 2005 2289 Bruti
2023 2240 2222 2299 laudes,
2248 2240 2316 2289 ad

1374 2308 1496 2361 fam.
1523 2308 1584 2369 3,
1618 2309 1678 2359 11
1695 2345 1709 2368 ,
1747 2308 1795 2359 3.
1820 2334 1889 2343 -
1914 2310 2146 2358 Accessit
2167 2308 2313 2358 Cice-

1373 2378 1483 2425 roni
1515 2378 1834 2427 familiaritas
1865 2393 1980 2427 cum
2017 2378 2171 2428 Bruto
2203 2394 2314 2428 ma-

1373 2448 1512 2495 xima
1529 2486 1542 2507 ,
1564 2448 1636 2496 lb.
1663 2446 1742 2509 15,
1779 2447 1871 2507 14,
1893 2445 1942 2497 6.
1966 2472 2036 2484 --
2053 2444 2238 2496 Brutus
2258 2448 2312 2497 in

1371 2530 1526 2567 causa
1543 2518 1852 2580 Pompeiana
1879 2524 2111 2565 versatur
2127 2518 2312 2567 acriter

1371 2600 1418 2635 a.
1444 2601 1556 2634 u.c.
1587 2586 1732 2648 706„
1761 2586 1828 2633 ad
1845 2586 1950 2633 Att.
1975 2585 2064 2643 11,
2093 2588 2144 2642 4,
2165 2588 2215 2636 2.
2241 2612 2312 2621 -

1371 2680 1438 2689 --
1457 2654 1525 2703 Μ.
1544 2654 1726 2703 Brutus
1747 2655 1958 2717 loquens
1978 2654 2232 2703 inducitur
2257 2655 2310 2703 in

1371 2724 1555 2783 Bruto,
1589 2723 1727 2773 Brut.
1761 2724 1819 2783 3,
1860 2723 1941 2773 10,
1974 2724 2183 2771 ——Post
2211 2739 2310 2788 pu-

1369 2806 1522 2857 gnam
1543 2791 1887 2841 Pharsalicam
1915 2793 1981 2841 ad
2011 2791 2308 2842 Ciceronem

1370 2860 1642 2925 epistolam
1673 2861 1812 2910 misit
1829 2876 1894 2909 ex
1913 2861 2064 2923 Asia,
2095 2876 2194 2924 qua
2215 2862 2309 2910 At-

1370 2931 1470 2980 tico
1499 2931 1641 2979 visus
1672 2938 1748 2979 est
1781 2936 1831 2979 et
1865 2945 2072 2979 monere
2103 2944 2219 2979 eum
2256 2938 2308 2980 et

1367 2998 1618 3049 consolari
1650 3000 1992 3062 amicissime,
2020 3000 2093 3049 lb.
2125 2998 2184 3063 3,
2220 2998 2305 3049 11.

1365 3094 1436 3105 ——-
1470 3067 1722 3117 Iudicium
1753 3069 1815 3119 de
1848 3082 1906 3117 eo
1937 3066 2196 3126 Caesaris,
2237 3068 2308 3117 ad

1361 3138 1466 3187 Att.
1493 3134 1584 3201 14,
1626 3138 1648 3187 1
1669 3174 1685 3202 ,
1716 3138 1765 3187 2.
1786 3163 1857 3173 —-
1875 3136 1948 3187 De
1969 3138 2306 3186 contentioni-

1361 3206 1458 3254 bus
1478 3205 1619 3254 Bruti
1647 3221 1764 3255 cum
1797 3206 1976 3255 Porcia
2004 3207 2224 3271 coniuge
2256 3213 2307 3254 et

1363 3273 1583 3323 Servilia
1601 3288 1751 3325 socru
1769 3290 1816 3327 a.
1830 3290 1880 3323 u.
1896 3291 1943 3324 c.
1962 3274 2104 3333 709.,
2127 3274 2200 3323 Ib.
2222 3273 2304 3333 13,

1363 3344 1458 3404 22,
1488 3345 1538 3394 4.
1561 3370 1628 3380 —-
1652 3344 1720 3396 M.
1751 3343 1959 3393 Brutum
1983 3343 2174 3393 Galliae
2197 3342 2304 3392 Cis-

1360 3412 1564 3475 alpinae
1621 3412 1866 3477 praefecit
1928 3413 2115 3463 Caesar
2185 3422 2304 3477 post

1359 3495 1504 3527 suam
1529 3481 1787 3529 victoriam
1803 3516 1816 3541 ,
1839 3480 1904 3531 ad
1928 3481 2048 3531 fam.
2069 3481 2119 3539 6,
2140 3480 2192 3540 6,
2219 3479 2299 3530 10.
