2500 3850
879 179 1389 229 PERIPATETICI.

188 339 596 400 Academiaeque
669 337 979 386 consuetudo
1058 336 1120 383 de

189 408 418 457 omnibus
448 407 598 455 rebus
625 406 678 453 in
709 406 982 454 contrarias
1001 418 1121 468 par-

187 485 262 525 tes
294 474 604 535 disserendi,
643 472 848 526 Tuscul.
885 474 934 533 2,
973 472 1024 531 3,
1064 473 1114 522 9.

186 572 256 581 —-
289 543 610 607 Peripatetici
639 550 689 590 et
707 540 1006 591 Academici
1029 556 1116 589 ve-

187 623 316 662 teres
335 614 415 676 id,
447 612 585 674 quod
605 618 808 675 semper
825 618 960 660 esset
991 610 1116 659 sim-

192 681 310 747 plex
331 690 378 731 et
399 682 549 729 unius
569 681 708 728 modi
730 687 777 728 et
795 680 922 740 tale,
965 678 1115 741 quale

187 757 346 812 esset,
381 742 540 797 ἰδέαν
561 747 914 813 appellabant,
954 749 1056 796 iam
1086 760 1116 794 a

186 818 393 867 Platone
443 820 514 866 ita
547 817 894 879 nominatam,
950 814 1111 863 Acad.

188 894 318 951 post.
345 888 390 944 1,
414 886 464 944 8,
487 884 572 939 30.
633 885 697 933 cl.
721 884 928 936 Tuscul.
952 884 1000 943 1,
1029 884 1114 940 24,

188 954 270 1005 58.
315 982 384 992 —-
430 955 754 1017 Peripatetici
811 954 863 1001 id
925 952 1120 1017 percipi

187 1038 340 1088 posse
359 1024 608 1082 dicebant,
647 1024 782 1085 quod
811 1022 1119 1086 impressum

188 1100 320 1141 esset
354 1108 381 1140 e
407 1107 554 1154 vero,
593 1106 692 1155 quo
711 1091 862 1141 modo
892 1089 1120 1154 imprimi

185 1176 284 1209 non
312 1169 484 1225 posset
516 1176 546 1209 a
567 1160 727 1223 falso,
776 1160 934 1208 Acad.
967 1173 1045 1222 pr.
1067 1158 1117 1217 2,

186 1229 268 1291 35,
287 1229 402 1282 112.
420 1228 823 1293 -Peripatetici
847 1241 1008 1293 genus
1037 1240 1120 1274 ar-

185 1298 512 1362 gumentandi
545 1312 639 1361 per
681 1296 1122 1346 ratiocinationem

185 1382 382 1415 summe
410 1365 819 1427 frequentarunt,
857 1366 922 1414 de
941 1366 1043 1412 inv.
1071 1362 1117 1425 1,

185 1434 268 1496 35,
305 1434 390 1484 61.
419 1460 484 1468 —
505 1433 956 1495 Peripateticorum
978 1446 1121 1479 exer-

179 1503 352 1550 cit-atio
380 1502 579 1550 dicendi
613 1502 820 1565 elegans
862 1502 964 1549 iam
1002 1500 1121 1547 inde

185 1570 247 1618 ab
279 1568 548 1619 Aristotele
574 1577 650 1617 est
669 1570 955 1628 constituta,
992 1575 1115 1617 orat.

186 1638 269 1697 36,
309 1638 430 1691 127,
455 1664 522 1674 -—
540 1637 864 1701 Peripatetici
884 1638 982 1688 sibi
1005 1651 1120 1685 cum

185 1706 470 1765 oratoribus
492 1707 844 1770 cognationem
867 1722 996 1767 esse,
1018 1704 1120 1755 cla-

179 1790 270 1825 ros
297 1776 434 1825 viros
481 1790 510 1823 a
552 1790 606 1825 se
641 1776 909 1824 instructos
950 1774 1120 1823 dicunt

179 1859 288 1893 rem
327 1843 471 1907 publ.
499 1858 656 1907 saepe
688 1844 911 1904 rexisse,
953 1843 1114 1892 Acad.

181 1929 257 1977 pr.
299 1913 356 1970 2,
395 1911 492 1972 36,
541 1911 656 1965 115.
690 1939 759 1949 -
797 1912 1119 1978 Peripatetici

179 1983 474 2031 adiumenta
521 1988 670 2043 atque
707 1990 998 2031 ornamenta
1040 1981 1118 2030 di-

183 2052 332 2099 cendi
352 2052 414 2099 ab
443 2065 497 2098 se
517 2051 621 2113 peti
639 2051 848 2100 vincunt
867 2057 1116 2114 oportere,

185 2121 250 2168 de
270 2126 395 2168 orat.
422 2119 471 2181 1,
499 2119 582 2178 10,
603 2117 688 2169 43.
709 2145 778 2156 -
794 2120 842 2170 Α
863 2120 1118 2182 Peripate-

180 2189 296 2237 ticis
323 2201 510 2252 genera
549 2187 812 2237 divinandi
846 2187 1118 2236 artificiosa

180 2257 550 2322 improbantur,
573 2269 604 2304 a
625 2255 811 2307 Stoicis
839 2256 1118 2305 defendun—

181 2334 279 2385 tur,
299 2325 362 2374 de
382 2325 543 2373 divin.
569 2325 615 2386 l,
638 2322 724 2388 33,
748 2325 913 2375 72—
930 2324 1121 2372 Eorum

183 2393 432 2442 sententia
450 2392 514 2442 de
543 2393 872 2453 divinatione,
891 2393 965 2444 Ib.
993 2390 1038 2456 l,
1066 2390 1118 2451 3,

181 2463 233 2514 5.
268 2487 340 2497 —-
373 2461 698 2511 Mediocritas
736 2461 855 2522 illa,
885 2475 1015 2524 quae
1042 2467 1119 2510 est

180 2531 311 2578 inter
347 2530 559 2578 nimium
602 2537 652 2578 et
693 2545 910 2594 parum,
952 2529 1120 2592 placet

180 2599 530 2662 Peripateticis
553 2634 566 2657 ,
621 2605 672 2646 et
729 2606 866 2647 recte
927 2597 1116 2662 placet,

185 2666 339 2716 modo
381 2682 443 2715 ne
495 2667 762 2716 laudarent
804 2666 1117 2715 iracundiam

181 2742 230 2784 et
251 2735 473 2784 dicerent
488 2735 676 2784 utiliter
689 2751 724 2784 a
736 2743 914 2785 natura
928 2735 1116 2797 datam,

179 2805 244 2854 de
267 2803 351 2853 off.
378 2803 405 2852 1
422 2840 436 2867 ,
459 2803 550 2862 25,
579 2803 664 2854 89.
696 2833 767 2846 —
798 2802 1119 2868 Peripatetici

176 2873 581 2938 perturbationes
597 2874 740 2937 istae,
771 2889 898 2936 quas
917 2886 1009 2922 nos
1031 2888 1119 2922 ex-

178 2939 474 3005 stirpandas
517 2949 782 3004 putamuS,
823 2957 924 2991 non
965 2942 1117 2992 modo

177 3007 440 3059 naturales
469 3023 582 3057 esse
611 3010 810 3070 dicunt,
842 3010 936 3060 sed
962 3011 1116 3059 etiam

181 3079 376 3128 utiliter
396 3093 427 3126 a
444 3083 622 3126 natura
643 3078 804 3142 datas,
829 3079 1039 3128 Tuscul.
1061 3080 1112 3142 4,

178 3147 268 3208 19,
290 3143 375 3198 43.
415 3145 475 3195 cl.
497 3146 568 3200 ib.
590 3148 640 3208 4,
669 3147 753 3211 21,
781 3148 868 3198 47.
891 3175 958 3184 -
977 3148 1118 3196 Peri-

173 3215 392 3279 patetici
449 3215 515 3264 ad
577 3214 854 3278 placandos
922 3217 1119 3265 animos

175 3282 342 3333 multa
374 3283 622 3346 adferunt,
659 3286 836 3348 spinas
865 3283 1122 3349 partiendi

177 3362 230 3401 et
247 3349 521 3400 definiendi
537 3354 950 3414 praetermittunt,
969 3353 1119 3402 Tusc.

173 3423 230 3480 4,
268 3419 321 3481 5,
353 3417 402 3468 9.
447 3444 514 3456 --
541 3420 888 3486 Peripateticis
919 3420 1131 3483 easdem⁸

2066 166 2189 228 285

1260 349 1371 397 res,
1421 349 1550 396 quae
1596 335 1807 383 obscure
1846 336 2111 384 traduntur
2162 352 2194 385 a

1261 403 1473 463 StoiciS,
1512 403 1811 464 dicentibus,
1838 404 2049 453 verbum
2081 404 2193 453 nul-

1260 471 1364 520 lum
1384 480 1459 520 est
1481 472 1616 533 quod
1636 486 1735 520 non
1760 472 2089 537 intelligatur,
2131 475 2195 523 de

1253 540 1339 593 fin.
1369 542 1420 598 4,
1450 540 1498 603 1,
1524 541 1574 593 2.
1608 568 1674 575 -—
1713 540 2052 604 Peripatetici,
2086 544 2195 603 qui-

1253 610 1350 657 bus
1374 607 1501 657 nihil
1532 616 1607 657 est
1626 608 1864 667 uberius,
1908 609 2035 657 nihil
2081 624 2193 659 eru-

1254 678 1440 741 ditius,
1482 676 1611 725 nihil
1647 678 1873 742 gravius,
1924 678 2199 727 mediocri-

1256 753 1385 794 tates
1396 744 1486 802 „vel
1506 746 1939 809 perturbationum
1960 745 2041 796 vel
2063 762 2197 795 mor-

1254 814 1437 863 borum
1474 815 1632 863 animi
1670 813 1898 865 Ciceroni
1934 830 2034 864 non
2074 830 2197 865 sane

1258 884 1503 946 probant,
1551 882 1761 933 Tuscul.
1788 884 1837 948 3,
1882 884 1963 942 10,
2010 886 2095 937 22.
2128 910 2199 925 —-

1262 951 1432 1000 Mollis
1484 960 1533 1001 et
1589 959 1826 1001 enervata
1862 954 2091 1016 putanda
2121 962 2199 1003 est

1258 1021 1709 1084 Peripateticorum
1746 1022 1874 1069 ratio
1918 1029 1967 1070 et
1994 1022 2192 1083 oratio,

1262 1089 1350 1151 qui
1397 1089 1681 1153 perturbari
1746 1090 1942 1138 animos
1990 1105 2197 1139 necesse

1264 1172 1375 1206 esse
1423 1159 1624 1217 dicunt,
1674 1160 1769 1207 sed
1811 1157 2053 1207 adhibent
2091 1172 2199 1207 mo-

1260 1226 1381 1275 dum
1406 1228 1703 1289 quemdam,
1755 1241 1902 1287 quem
1932 1227 2065 1275 ultra
2081 1242 2199 1291 pro-

1198 1352 1201 1354 ,
1260 1296 1407 1358 gredi
1447 1310 1548 1344 non
1606 1302 1857 1359 oporteat,
1914 1296 2116 1349 Tuscul.
2144 1298 2196 1361 4,

1265 1363 1349 1422 17,
1396 1362 1481 1413 38.
1526 1390 1592 1399 -
1643 1364 1963 1427 Peripatetici
1990 1366 2086 1413 tria
2110 1380 2198 1429 ge-

1262 1446 1385 1480 nera
1418 1433 1665 1481 bonorum
1693 1440 1947 1491 statuunt,
1994 1435 2196 1492 mentiS,

1262 1501 1511 1563 corpori-a,
1558 1508 1791 1564 externa,
1826 1501 1888 1550 de
1912 1500 1999 1554 fin.
2028 1501 2077 1560 3,
2112 1501 2193 1563 13,

1260 1567 1349 1621 43.
1387 1595 1454 1607 ·-
1488 1568 1935 1633 Peripateticorum
1980 1577 2028 1619 et
2054 1570 2195 1618 Stoi-

1261 1652 1431 1687 corum
1472 1640 1866 1687 controversiam
1902 1639 1965 1688 de
2012 1636 2197 1687 finibus

1260 1706 1509 1756 bonorum
1560 1706 1753 1757 solebat
1800 1714 2078 1770 tamquam·
2105 1706 2198 1757 ho·
2236 1750 2244 1764 ,

1260 1777 1491 1825 norarins
1525 1776 1713 1825 arbiter
1741 1776 1963 1827 iudicare
1984 1775 2199 1825 Carnea-

1261 1843 1381 1907 des,
1420 1843 1621 1894 Tuscul.
1680 1843 1743 1906 5,
1790 1844 1889 1907 41,
1955 1843 2073 1895 119.
2128 1870 2195 1880 -—

1260 1910 1411 1977 Optat
1446 1913 1617 1964 Cicero
1641 1919 1696 1962 ut
1716 1913 2041 1978 Peripatetici
2059 1919 2197 1962 vete·
2265 1913 2267 1917 ’

1259 1995 1443 2044 resque
1482 1982 1775 2031 Academici
1816 1983 2063 2032 balbutire
2105 1983 2197 2031 ali-

1258 2050 1459 2112 quando
1516 2051 1748 2099 desinant
1810 2059 2080 2115 aperteque
2150 2058 2199 2100 et

1259 2118 1393 2166 clara
1438 2133 1561 2178 voce
1616 2119 1835 2168 audeant
1878 2120 2045 2168 dicere
2077 2119 2198 2170 bea-

1258 2194 1359 2236 tam
1398 2188 1549 2236 vitam
1593 2189 1646 2236 in
1677 2187 1963 2238 Phalaridis
2000 2196 2199 2238 taurum

1260 2255 1642 2317 descensuram,
1681 2256 1881 2306 Tuscul.
1902 2257 1955 2317 5,
1984 2257 2069 2316 26,
2110 2257 2193 2308 75.

1258 2323 1331 2372 Ib.
1389 2324 1453 2386 5,
1506 2325 1609 2384 29,
1667 2323 1751 2374 85.
1816 2351 1883 2362 —-
1932 2324 2061 2374 Sunt
2112 2326 2201 2388 qui

1259 2407 1416 2441 unum
1474 2393 1699 2443 officium
1754 2393 2063 2442 consolantis
2102 2409 2199 2458 pu-

1258 2467 1365 2510 tent
1409 2475 1510 2510 non
1546 2476 1787 2526 magnum
1833 2461 2025 2510 malum
2084 2476 2199 2512 esse

1262 2531 1553 2592 ostendere,
1610 2537 1667 2578 ut
1716 2530 2065 2594 Peripatetici,
2120 2531 2195 2579 lb.

1260 2596 1321 2658 3,
1374 2597 1471 2660 31,
1510 2597 1593 2648 76.
1648 2624 1720 2634 -·—
1764 2599 1813 2648 A
1850 2598 2198 2663 Peripateticis

1256 2667 1513 2717 veteribus
1582 2668 2003 2730 Academicisque
2021 2704 2036 2727 ‚
2110 2670 2200 2731 qui

1258 2750 1313 2784 re
1364 2737 1733 2787 consentientes
1780 2737 2043 2788 vocabulis
2096 2737 2199 2787 dif-

1259 2802 1521 2869 ferebant,
1564 2804 1647 2855 ille
1687 2806 1858 2869 locus,
1914 2807 2002 2868 qui
2032 2806 2195 2856 civilis

1259 2881 1395 2924 recte
1438 2873 1684 2938 appellari
1732 2876 1933 2926 videtur
1970 2875 2197 2940 (Graeci

1260 2939 1605 3006 πολιτικόν),
1652 2947 1877 3010 graviter
1904 2951 1954 2994 et
1989 2945 2198 3007 copiose

1260 3019 1337 3061 est
1356 3019 1624 3074 tractatus,
1658 3015 1723 3062 de
1746 3014 1833 3062 fin.
1855 3016 1916 3075 4,
1954 3013 2012 3076 2,
2044 3012 2098 3060 5.
2128 3037 2199 3048 --

1256 3080 1581 3148 Peripatetici
1605 3081 1826 3131 omnium
1846 3094 2010 3130 rerum
2027 3079 2201 3142 publi-·

1260 3164 1433 3197 carum
1465 3151 1736 3213 rectiones,
1773 3163 1979 3213 genera,
2016 3155 2196 3207 status,

1260 3219 1592 3277 mutationes,
1624 3217 1764 3280 leges
1784 3219 1934 3266 etiam
1976 3223 2023 3264 et
2052 3216 2198 3266 insti-

1261 3293 1369 3333 tuta
1410 3301 1469 3334 ac
1499 3299 1665 3334 mores
1700 3287 1955 3334 civitatum
1978 3287 2197 3350 perscri-

1259 3361 1477 3418 pserunt
1504 3360 1619 3418 etc.‚
1642 3355 1706 3404 de
1719 3354 1807 3404 fin.
1836 3356 1885 3419 4,
1910 3355 1995 3413 22,
2015 3353 2099 3408 61.
2130 3379 2199 3389 --

1269 3423 1399 3472 Tota
1417 3421 1868 3488 Peripateticorum
1900 3421 2095 3472 familia
2121 3423 2173 3471 lo
