2500 3850
283 170 412 231 432

355 340 420 388 tis
459 340 510 387 in
549 338 809 387 liberanda
835 338 1001 401 patria
1030 337 1160 400 laus,
1197 349 1292 401 pro

355 406 530 457 Flacco
555 407 600 470 1,
641 408 689 459 1.
731 406 793 458 cl.
819 407 889 457 ib.
911 406 993 465 ll,
1023 406 1110 455 25.

283 490 512 543 Valeria
532 492 614 542 lex
633 492 734 541 lata
751 506 782 541 a
801 491 860 543 L.
888 490 1092 540 Valerio
1112 488 1292 539 Flacco

357 561 567 611 consule
589 561 798 609 suffecto
825 574 873 608 a.
895 576 948 613 u.
973 576 1016 609 c.
1035 558 1178 618 668..
1199 571 1292 622 pro

356 631 562 679 Fonteio
600 629 658 689 1,
700 630 746 683 1.
797 628 938 681 Nieb,
977 654 1050 663 -—-
1088 628 1295 678 Valeria

357 700 468 762 lex,
519 714 649 760 quae
689 699 752 747 de
787 697 1158 763 proscriptione
1195 702 1291 753 est,

355 769 468 817 sive
508 766 772 829 Cornelia,
807 780 901 830 pro
941 764 1063 817 Sex.
1109 764 1293 814 Roscio

352 836 440 893 43.
469 836 581 888 125.
603 863 673 873 --
693 834 974 885 Corneliam
995 834 1052 884 L.
1074 832 1295 883 Cornelii

355 904 527 955 Sullae
549 904 737 967 liquido
753 903 1295 968 appellat‚Verr.accu-

355 984 449 1023 sat.
473 974 520 1029 1,
553 974 638 1031 47,
670 972 789 1021 123.
809 998 882 1007 —-
908 973 1111 1021 Valeria
1133 972 1214 1019 lex
1233 968 1292 1018 L.

353 1042 544 1091 Valerii
577 1041 739 1090 Flacci
772 1041 1060 1104 interregis,
1093 1039 1156 1088 de
1178 1038 1293 1103 lege

354 1125 460 1174 agr.
485 1110 536 1169 3,
569 1110 619 1169 2,
651 1108 702 1157 6.

281 1189 511 1243 Valeria
551 1190 740 1245 tabula.
777 1190 921 1242 locus
955 1191 1008 1239 in
1045 1190 1156 1239 foro
1193 1190 1295 1239 Ro-

356 1276 530 1320 mano,
567 1261 654 1309 ubi
691 1260 881 1308 tribuni
919 1259 987 1324 pl.
1027 1259 1296 1308 convenire

356 1331 604 1384 solebant,
643 1330 708 1378 ad
745 1328 867 1378 fam.
903 1329 994 1393 14,
1035 1328 1094 1393 2,
1134 1328 1184 1379 2.
1241 1330 1295 1376 in

356 1402 526 1449 Vatin.
549 1397 600 1459 9,
619 1398 707 1450 21.

280 1485 322 1532 ’Ὃ
333 1480 527 1543 aleria,
549 1498 680 1534 uxor
697 1482 954 1532 Andronis
975 1480 1184 1541 Sestilii,
1201 1496 1294 1547 pro

355 1553 531 1602 Flacco
556 1553 640 1609 34,
674 1550 760 1602 84.

287 1635 489 1687 Paullo
531 1632 782 1694 Valeria,
825 1651 970 1685 soror
1006 1634 1060 1689 C.
1101 1636 1297 1686 Valerii

357 1706 558 1764 Triarii,
580 1704 851 1753 diuortium
874 1706 986 1754 sine
999 1720 1172 1764 causa,
1195 1720 1295 1767 quo

357 1774 439 1823 die
468 1775 546 1822 vir
570 1789 597 1821 e
617 1773 884 1837 provincia
902 1788 1144 1823 venturus
1168 1784 1293 1835 erat,

354 1843 494 1905 fecit,
526 1851 743 1905 nuptura
775 1851 850 1891 est
877 1841 933 1892 D.
963 1842 1136 1904 Bruto,
1171 1840 1295 1892 Cae·

353 1912 456 1962 lius
487 1910 552 1962 ad
573 1912 692 1964 l'am.
715 1908 766 1973 8,
797 1912 848 1972 7,
882 1912 932 1961 2.
955 1910 1203 1974 —Polla,
1237 1911 1294 1963 G.

355 1981 543 2030 Triarii
573 1995 734 2040 soror,
773 1980 832 2028 D.
867 1980 1006 2028 Bruti
1035 1995 1180 2042 uxor,
1220 1982 1295 2032 Ib.

359 2051 440 2112 11,
470 2048 520 2099 8.
552 2050 592 2098 l.

283 2115 575 2181 Valerius,
621 2133 820 2168 nomen.
882 2119 1078 2168 Valerii
1115 2133 1296 2168 nomen

355 2201 497 2236 more
523 2187 768 2234 malorum
792 2186 1012 2237 faustum
1035 2195 1293 2252 putemne,

354 2269 450 2320 pro
471 2253 660 2304 Scauro
678 2255 730 2314 2,
761 2253 848 2306 30.

291 2320 543 2375 Valerius
573 2323 743 2372 nescio
775 2323 890 2386 quis
919 2323 1179 2376 absolutus
1223 2331 1299 2374 est

354 2393 619 2443 Hortensio
676 2392 979 2444 defendente
1041 2407 1088 2444 a.
1144 2389 1195 2443 ιι.
1247 2409 1295 2447 c.

356 2463 500 2522 695..
523 2463 588 2511 ad
610 2463 711 2515 Aa.
735 2465 784 2522 2,
808 2463 860 2522 3,
884 2464 931 2516 1.

287 2529 544 2582 Valerius
572 2532 744 2583 nescio
775 2532 890 2595 quis
923 2531 1108 2581 cotidie
1125 2539 1296 2581 canta-

357 2602 457 2658 bat,
487 2601 746 2648 eratenim
767 2601 1048 2660 scaenicus,
1083 2600 1147 2649 de
1167 2608 1293 2650 orat.

284 2733 574 2798 Valerius,
613 2733 666 2782 G.
698 2736 872 2784 Verris
908 2752 1110 2803 praecO,
1145 2739 1293 2788 Verr.

360 2812 580 2852 accusat.
605 2802 654 2862 3,
677 2803 760 2862 21,
791 2803 874 2851 54.

286 2868 544 2922 Valerius
563 2871 828 2934 interpres
849 2873 914 2920 ad
935 2874 1042 2924 Att.
1066 2873 1114 2933 1,
1141 2874 1222 2937 12,
1243 2877 1294 2925 2.

355 2943 428 2990 Ib.
455 2938 645 3003 16,11,
672 2937 724 2989 7.

281 3008 564 3072 Valerius,
605 3008 663 3058 L
696 3007 890 3058 Valerii
925 3009 1110 3061 'lriarii
1143 3013 1295 3064 bene—

356 3081 470 3130 flcio
501 3078 704 3128 civitate
739 3077 972 3141 donatus,
1007 3085 1148 3132 testis
1179 3098 1297 3148 per-

355 3151 498 3198 iurus
525 3151 575 3197 in
603 3146 670 3199 M.
695 3146 959 3214 Scaurum,
992 3167 1084 3217 pro
1106 3152 1296 3203 Scauro

288 3285 562 3338 valerius.
603 3289 782 3338 Docuit
808 3289 1094 3340 Ciceronem
1125 3289 1174 3339 C.
1203 3289 1294 3339 Ca-

359 3356 529 3404 millus
553 3359 618 3406 ad
636 3359 898 3407 Volusium
923 3359 1184 3409 transferri
1207 3374 1295 3408 no-

361 3439 475 3472 men
497 3426 742 3476 aValerio
767 3443 866 3476 non
885 3430 1132 3491 potuisse,
1145 3443 1295 3491 prae-

719 181 1021 227 VALERIA
1052 203 1125 210 —
1157 179 1216 226 C.
1240 178 1581 227 VALERIUS
1612 176 1945 226 FLACCUS.

1433 335 1523 383 des
1553 334 1852 385 Valerianos
1868 336 2047 399 teneri,
2076 335 2141 384 ad
2166 334 2287 387 tam.
2316 336 2359 394 5,

1432 404 1518 463 20,
1552 402 1603 455 3.
1871 425 1876 429 ·

1361 473 1425 524 L.
1450 470 1724 525 Valerius,
1744 472 1867 520 iuris
1888 471 2147 521 consultus
2176 472 2363 521 Cicero-

1434 544 1513 589 nis
1543 541 1831 601 familiaris,
1862 542 1928 590 ad
1947 556 2059 589 eum
2086 542 2272 607 scripta
2297 550 2365 590 est

1433 611 1497 659 ad
1521 608 1639 661 fam.
1666 610 1711 658 1.
1735 624 1815 675 ep.
1842 610 1923 661 10.
1942 635 2011 643 --
2035 611 2161 658 Eum
2186 612 2364 676 Appio,

1430 678 1631 728 Lentuli
1673 678 1725 725 in
1766 678 2029 741 provincia
2070 681 2363 735 successori,

1434 747 1783 806 commendat,
1822 748 1896 796 ΙΙ).
1929 745 1989 805 3,
2030 746 2089 809 1,
2135 746 2210 809 3.,
2250 748 2363 797 Tre-

1434 818 1555 866 batii
1579 816 1791 874 sodalis,
1858 816 2001 874 lb.7‚
2038 816 2118 875 11,
2155 818 2207 864 2.
2247 818 2366 865 Iuris

1434 886 1695 935 consultus
1716 884 2003 943 mediocris,
2034 884 2106 933 lb.
2131 886 2183 944 7,
2213 886 2293 946 ll,
2316 886 2365 938 2.

1367 973 1435 1037 Q.
1470 979 1517 1021 et
1544 971 1615 1021 1).
1647 968 1873 1027 Valerii,
1904 970 2105 1029 Sorani,
2137 972 2293 1021 vicini
2324 982 2367 1021 et

1433 1041 1699 1091 familiaris
1730 1039 2005 1099 CiceroniS,
2039 1053 2141 1089 non
2183 1047 2283 1089 tam
2320 1041 2367 1088 in

1434 1110 1649 1159 dicendo
1680 1108 2009 1157 admirabiles
2041 1124 2193 1171 quam
2238 1109 2366 1158 docti

1432 1187 1485 1231 et.
1502 1178 1711 1228 Graecis
1730 1177 1909 1227 litteris
1929 1188 1977 1227 et
1995 1176 2209 1237 Lauinia,
2232 1178 2362 1227 Brut.

1430 1245 1660 1308 46,169.

1366 1331 1434 1397 Q.
1476 1325 1752 1391 Valerius,
1790 1327 2029 1389 Soranus,
2069 1330 2366 1379 litteratissi-

1434 1414 1548 1449 mus
1577 1404 1861 1463 togatornm
1882 1400 2128 1501 omnium,
2163 1400 2225 1448 de
2248 1408 2363 1448 orat.

1364 1537 1431 1591 P.
1469 1533 1752 1593 Valerius,
1790 1535 1943 1587 homo
1982 1495 2271 1591 officiosus,
2308 1538 2368 1587 ad

1434 1605 1559 1657 fam.
1594 1605 1677 1662 14,
1716 1605 1767 1662 2,
1808 1605 1855 1653 2.
1886 1630 1957 1639 -
1994 1606 2149 1655 Attici
2182 1608 2368 1657 debitor

1434 1690 1482 1722 a.
1502 1691 1555 1724 ιι.
1580 1689 1621 1722 c.
1645 1671 1783 1731 704„
1810 1676 1877 1723 ad
1897 1676 1998 1725 Au.
2020 1677 2071 1735 5,
2092 1676 2179 1737 21,
2204 1677 2286 1726 14.
2304 1702 2367 1709 —-

1438 1746 1499 1795 Α.
1516 1758 1571 1794 ιι.
1588 1758 1631 1791 c.
1658 1739 1895 1803 709.,1b.
1914 1744 1997 1804 12,
2018 1744 2105 1802 51,
2129 1746 2366 1801 1.1b.1·2,

1414 1810 1418 1814 ’
1438 1811 1523 1870 53,
1542 1812 1679 1862 1.1b.
1698 1808 2370 1873 13,15.——P.Va1erius‚sa-

1437 1880 1647 1930 miliaris
1666 1892 1716 1930 et
1732 1895 1903 1932 comcs
1923 1879 2199 1938 Ciceronis.
2220 1898 2367 1946 quum

1434 1950 1519 1998 hic
1550 1951 1771 2014 primum
1788 1951 1883 2000 iter
1898 1953 1951 2000 in
1974 1950 2241 2004 Graeciam
2260 1962 2372 2016 post

1435 2029 1645 2067 mortem
1666 2018 1894 2068 Caesaris
1919 2021 2223 2070 instituisset
2254 2036 2299 2070 a.
2320 2036 2368 2073 u

1436 2103 1481 2136 c.
1514 2087 1651 2146 710,
1684 2087 1906 2153 Philipp.
1935 2089 1981 2148 1,
2007 2087 2058 2148 3,
2084 2089 2139 2140 9.
2160 2117 2235 2126 —
2255 2091 2371 2140 Eius

1436 2155 1561 2205 villa
1590 2157 1729 2220 apud
1759 2157 2120 2222 Leucopetram
2145 2159 2371 2208 Tarenti-

1436 2240 1633 2284 norum,
1656 2226 1722 2274 ad
1741 2229 1845 2277 Au.
1869 2226 1953 2284 16,
1972 2230 2024 2288 7,
2052 2228 2099 2276 1.

1368 2309 1446 2364 Μ.
1474 2307 1728 2360 Valerius
1760 2309 1995 2362 Corvus.
2051 2311 2130 2360 Ad
2158 2314 2371 2362 centesi-

1438 2395 1572 2428 mum
1588 2394 1773 2429 annum
1788 2391 1940 2430 vniam
1956 2382 2369 2446 perduxit,qnum

1438 2459 1574 2499 esset
1594 2450 1827 2499 8οι818ιιι
1848 2459 2009 2499 aetate
2031 2451 2079 2500 in
2104 2452 2244 2516 agris
2265 2466 2371 2501 eos-

1437 2534 1535 2580 que
1568 2517 1771 2569 coleret.
1820 2517 1975 2568 Cuius
2007 2519 2371 2584 interprimunt

1435 2603 1480 2635 a.
1521 2601 1570 2636 u.
1612 2602 1656 2638 c.
1692 2585 1810 2636 406.
1844 2597 1893 2637 et
1922 2596 2121 2636 sextum
2146 2603 2193 2637 a.
2238 2605 2289 2638 u.
2330 2605 2371 2637 c.

1434 2655 1555 2708 455.
1598 2656 1911 2706 consulatum
1942 2671 2035 2706 sex
2062 2665 2113 2705 et
2154 2659 2368 2720 quadra-

1434 2726 1575 2789 ginta
1610 2725 1727 2774 anni
1764 2724 2121 2786 interfuerunt,
2162 2728 2229 2776 de
2265 2743 2369 2777 sen.

1436 2795 1519 2852 17,
1558 2793 1646 2844 60.
1682 2822 1753 2832 --
1792 2793 1860 2844 Μ.
1904 2793 2141 2844 Valerius
2182 2795 2373 2846 Corvus
2477 2777 2478 2780 Ἴ

1436 2863 1634 2929 tertium
1670 2863 1845 2913 consul
1883 2877 1994 2911 cum
2031 2863 2094 2911 A.
2140 2863 2372 2915 Cornelio

1436 2931 1595 2980 Cosso
1633 2933 1907 2981 Arvinaa.
1947 2938 1999 2984 ιι
2042 2947 2088 2980 c.
2130 2933 2275 2990 411..
2314 2934 2373 2981 de
2476 2985 2479 2998 .

1436 3001 1596 3052 divin.
1621 2999 1667 3059 1,
1688 3002 1772 3063 24,
1794 3001 1876 3050 51

1368 3083 1432 3135 C.
1470 3083 1729 3136 valerius
1764 3085 2017 3147 Flaccus,
2056 3095 2258 3152 praetor
2293 3104 2375 3138 ur-

1435 3154 1595 3204 banus
1632 3170 1681 3208 a.
1714 3172 1767 3209 u.
1800 3173 1845 3208 c.
1887 3155 2029 3210 656.
2068 3157 2131 3206 de
2167 3169 2374 3208 senatus

1434 3225 1683 3274 sententia
1715 3227 2010 3276 nominatim
2036 3225 2102 3274 ad
2124 3227 2373 3290 populum

1435 3294 1549 3342 tulit
1576 3301 1631 3342 ut
1656 3293 1949 3360 Calliphana
1972 3295 2224 3344 Veliensis
2246 3297 2371 3343 civis

1435 3363 1662 3413 Romana
1689 3372 1841 3423 esset,
1870 3377 1965 3427 pro
1984 3362 2143 3412 Balbo
2163 3365 2251 3426 24,
2285 3365 2369 3414 55.

1434 3457 1505 3466 -—-
1523 3431 1579 3484 L.
1606 3432 1808 3482 Flaccus
1838 3447 1892 3482 se
1925 3432 1990 3481 ad
2020 3433 2295 3483 exercitum
2318 3433 2372 3484 C.
