2500 3850
203 230 332 296 450

275 399 640 461 conclusiones,
663 397 726 447 de
746 411 797 450 n.
820 397 870 447 d.
895 397 945 461 3,
965 397 1014 459 7,
1041 395 1123 449 18.
1145 397 1218 448 Ib-

273 469 325 527 3,
347 465 398 529 9,
425 467 511 518 22.
537 492 601 502 --
621 466 680 516 Ei
697 467 898 516 animus
921 467 1058 531 ignis
1076 467 1221 516 vide-

275 543 382 600 tur,
404 535 610 585 Tuscul.
633 535 688 596 l,
709 534 771 595 9,
803 533 887 586 19.
907 565 977 575 -
1000 533 1075 584 De
1092 533 1222 600 phy-

276 605 382 653 sica
429 603 626 654 ratione
671 603 955 655 fabularum
1002 603 1145 654 locus
1190 617 1222 651 a

274 672 476 722 Zenone
504 678 751 724 tractatus
777 678 898 737 post
927 687 959 723 a
979 671 1220 722 Cleanthe

273 749 324 792 et
358 739 640 807 Chrysippo
669 739 902 806 pluribus
935 742 1101 791 verbis
1131 755 1221 790 ex-

276 811 496 875 plicatus
515 817 612 872 est,
633 809 696 860 de
717 824 769 858 n.
788 809 840 859 d.
862 811 913 870 2,
934 811 1021 872 24,
1041 809 1126 862 63.
1147 834 1218 845 -

275 879 410 928 Zeno
449 877 680 929 contrahi
720 880 945 928 animum
983 887 1032 927 et
1070 879 1220 941 qnasi

277 947 378 997 labi
395 953 541 1014 putat
569 954 722 1010 atque
749 948 1046 1006 concidere,
1087 954 1137 996 et
1165 945 1221 995 id

277 1019 444 1081 ipsum
478 1030 591 1066 esse
621 1015 871 1076 dormire,
898 1015 962 1066 de
986 1016 1146 1066 divin.
1165 1016 1218 1072 2,

278 1085 375 1142 58,
416 1082 532 1133 119.
572 1108 638 1120 -
674 1082 807 1133 Zeno
835 1084 1032 1148 primus
1053 1120 1066 1143 ,
1099 1091 1219 1147 post

271 1148 545 1210 ,Cleanthes
565 1186 580 1212 ,
651 1150 836 1201 deinde
901 1151 1218 1216 Chrysippus

278 1234 516 1286 magnam
535 1217 820 1269 molestiam
839 1221 1066 1285 suscepit
1085 1233 1221 1268 com-

279 1288 628 1341 menticiarum
677 1287 964 1338 fabularum
1009 1288 1223 1339 reddere

277 1359 545 1419 rationem,
565 1358 944 1419 vocabulorum,
969 1372 1058 1406 cnr
1075 1357 1224 1420 quid-

278 1443 376 1490 que
392 1429 465 1477 ita
483 1425 793 1492 appellatum
812 1427 908 1490 sit,
931 1441 1112 1477 causas
1133 1440 1222 1475 ex-

276 1495 498 1561 plicare,
537 1495 601 1545 de
627 1509 679 1544 n.
712 1497 764 1545 d.
806 1494 874 1554 3,
909 1497 1003 1556 24,
1034 1493 1120 1547 63.
1153 1520 1223 1531 —-·

278 1565 438 1615 Posse
473 1565 684 1613 acerbos
720 1579 748 1614 e
790 1563 1007 1613 Zenonis
1051 1561 1224 1612 schola

280 1634 422 1682 exire
442 1633 611 1683 dicere
637 1632 834 1682 solebat
851 1632 1024 1683 Aristo
1046 1631 1223 1694 Chius,

280 1702 354 1751 Ib.
381 1701 443 1764 3,
469 1700 530 1751 31
551 1737 567 1760 ,
599 1702 684 1752 77.
704 1728 773 1737 -—
795 1699 1053 1765 Urguebat
1072 1701 1224 1750 Arce-

279 1769 405 1818 silas
444 1769 726 1831 Zenonem,
759 1783 914 1832 quum
949 1769 1060 1834 ipse
1093 1767 1226 1818 falsa

281 1838 452 1888 omnia
477 1838 696 1900 diceret,
729 1852 858 1902 quae
885 1838 1120 1886 sensibus
1148 1838 1225 1886 vi-

282 1907 545 1967 derentur,
581 1907 716 1959 Zeno
749 1915 918 1957 autem
953 1921 1052 1957 non
1082 1904 1226 1955 nulla

277 1978 392 2025 visa
409 1990 524 2027 esse
543 1976 697 2041 falsa,
721 1989 820 2025 non
841 1976 1009 2026 omnia
1025 2011 1040 2036 ‚
1072 1976 1146 2029 lb.
1174 1975 1222 2038 1,

281 2044 381 2104 25,
418 2043 505 2096 70.
535 2071 603 2083 —-
634 2047 767 2095 Zeno
799 2060 915 2093 cum
951 2044 1224 2095 Polemone

280 2114 599 2177 disceptans,
649 2130 679 2162 a
725 2128 825 2177 quo
873 2128 1003 2175 quae
1052 2122 1225 2164 essent

280 2181 536 2245 principia
574 2190 782 2231 naturae
825 2189 1120 2246 acceperat,
1160 2182 1224 2231 de

277 2250 362 2299 tin.
386 2251 439 2309 4,
463 2247 542 2304 16,
569 2250 654 2298 45.
675 2273 746 2284 -
763 2248 899 2299 Zeno
931 2249 1071 2298 nulla
1095 2251 1147 2299 in
1169 2266 1222 2299 re

279 2318 379 2367 nisi
419 2332 474 2365 m
511 2317 694 2366 virtute
727 2318 1122 2381 propensionem
1157 2333 1223 2368 ne

280 2385 481 2436 minimi
499 2385 704 2449 quidem
735 2387 976 2436 momenti
995 2387 1062 2437 ad
1086 2400 1224 2435 sum-

280 2470 419 2505 mum
456 2456 640 2506 bonum
684 2456 1069 2519 adipiscendum
1109 2454 1224 2505 esse

278 2525 438 2585 dixit,
459 2525 537 2574 Ib.
557 2525 607 2586 4,
625 2524 710 2589 17,
730 2524 815 2574 47.
850 2524 924 2573 Ib.
946 2525 997 2585 4,
1029 2522 1111 2584 19,
1133 2526 1221 2577 54.

278 2594 352 2643 lb.
377 2598 428 2651 4,
450 2593 536 2656 21,
558 2592 627 2643 59
642 2606 723 2656 sq.
762 2593 834 2642 lb.
857 2594 909 2654 4,
935 2594 1021 2658 22,
1043 2593 1130 2645 61.
1155 2618 1219 2629 -

278 2660 387 2711 Non
407 2660 506 2711 fuit
533 2675 690 2712 cansa
707 2662 923 2720 Zenoni,
954 2676 1109 2723 quum
1127 2662 1223 2712 Po-

278 2730 530 2779 lemonem
566 2729 821 2788 audisset,
861 2744 950 2778 cur
982 2738 1032 2779 et
1061 2731 1124 2779 ab
1161 2746 1222 2780 eo

279 2801 393 2861 ipso
417 2804 467 2845 et
494 2812 526 2844 a
559 2798 905 2858 superioribus
933 2798 1220 2862 dissideret,

278 2866 350 2916 Ib.
369 2865 431 2924 4,
454 2865 506 2920 2,
525 2859 577 2911 3.
600 2887 666 2898 -
691 2863 900 2911 Dicendi
920 2865 1118 2927 copiam
1143 2882 1222 2915 re-

279 2932 455 2994 liquit,
486 2929 561 2982 Ib.
584 2932 648 2989 4,
675 2928 737 2991 3,
766 2930 816 2979 7.
847 2956 919 2968 --
938 2930 1046 2989 Quo
1066 2934 1218 2983 modo

276 3002 474 3058 visum,
495 2997 831 3061 φαντασίαν,
853 2997 1117 3065 definierit,
1141 3016 1218 3051 re·

276 3067 561 3135 prehensus
591 3069 706 3119 ideo
725 3084 756 3118 a
782 3066 990 3119 Philone
1019 3070 1216 3119 Acade-

278 3138 411 3187 mico
428 3171 445 3198 ,
465 3137 623 3186 Acad.
645 3153 721 3203 pr.
744 3140 777 3187 2
793 3175 808 3197 ,
833 3138 892 3195 6,
921 3136 1001 3187 18.
1019 3164 1090 3175 —-
1109 3138 1217 3197 Quo

278 3211 426 3271 gestu
446 3205 613 3255 visum
629 3241 643 3268 ,
664 3206 936 3257 adsensum
951 3240 964 3263 ,
987 3221 1217 3271 compre-

277 3274 571 3322 hensionem
588 3308 602 3330 ‚
643 3275 905 3322 scientiam
949 3288 1215 3337 expresse-

277 3342 360 3400 rit,
387 3340 460 3387 Ib.
483 3340 534 3401 2,
557 3341 642 3397 47,
661 3341 776 3389 145.
800 3364 866 3375 --
886 3340 1020 3397 Quid
1037 3355 1215 3404 προη-

277 3399 486 3466 γμένον
549 3413 816 3467 contraque
883 3407 1009 3466 quid
1064 3402 1213 3457 ἀπο-

278 3468 638 3533 προηγμένον
656 3470 944 3536 appellarit,
966 3474 1030 3523 de
1049 3474 1136 3527 fin.
1158 3474 1208 3536 3,

1150 239 1357 290 mmo.

1366 398 1457 456 15,
1498 399 1585 450 51.
1618 423 1686 434 --
1715 396 1931 445 Zenonis
1968 395 2084 444 finis
2125 409 2309 445 conve-

1362 469 1559 529 nienter
1587 474 1797 517 naturae
1828 465 2028 526 vivere,
2063 465 2140 515 lb.
2163 466 2227 524 4,
2254 464 2303 526 6,

1364 537 1448 586 14.
1485 537 1559 586 Ib.
1582 537 1634 596 4,
1655 533 1707 593 8,
1728 533 1813 586 19.
1839 559 1907 570 -
1928 533 2116 582 Zenoni
2143 535 2306 582 visum

1361 612 1438 655 est
1454 604 1770 656 honestatem
1792 601 1955 651 solam
1974 601 2307 665 expetendam

1360 689 1491 734 esse,
1513 675 1576 723 de
1595 672 1679 721 off.
1702 671 1753 730 3,
1774 670 1826 730 8,
1848 669 1935 723 35.
1956 697 2022 706 -
2043 671 2088 719 A
2108 669 2306 720 Zenone

1360 742 1459 793 hoc
1494 741 1762 808 magnifice
1796 747 2055 802 tamqnam
2091 753 2157 787 ex
2195 752 2307 788 ora-

1358 812 1471 861 culo
1492 812 1684 862 editur:
1728 813 1746 840 *
1762 808 1937 859 Virtus
1966 808 2034 858 ad
2061 808 2209 857 beate
2232 809 2308 856 vi-

1358 881 1579 931 vendum
1608 893 1663 928 se
1689 879 1707 927 i
1744 891 1804 927 sa
1822 885 2059 927 contenta
2083 880 2208 937 est’,
2242 877 2305 925 de

1358 949 1447 997 fin.
1469 950 1530 1009 5,
1557 949 1651 1011 27,
1672 948 1705 997 7
1742 984 1757 998 .
1811 945 1879 998 cl.
1908 945 2071 994 Acad.
2099 952 2232 1010 post.
2259 945 2306 1008 l,

1362 1018 1458 1070 10.
1489 1017 1557 1068 35
1586 1031 1698 1079 sqq.
1728 1039 1801 1050 -—
1832 1016 1964 1064 Zeno
1996 1015 2229 1063 inventor
2259 1023 2307 1060 et

1358 1088 1594 1152 princeps
1636 1083 1955 1145 Stoicorum,
2016 1081 2303 1141 honestum,

1361 1154 1500 1218 quod
1534 1153 1746 1203 ducatur
1779 1166 1810 1201 a
1835 1149 2193 1201 conciliatione
2218 1166 2306 1200 na-

1360 1231 1503 1273 turae
1525 1223 1701 1272 statuit
1726 1220 1878 1270 finem
1900 1234 2016 1270 esse
2038 1221 2303 1283 bonorum,

1361 1292 1522 1341 Acad.
1555 1306 1633 1356 pr.
1669 1293 1736 1350 2,
1776 1291 1873 1355 42,
1913 1287 2030 1340 131.
2063 1314 2131 1326 —-
2158 1287 2307 1338 Nullo

1361 1361 1515 1410 modo
1556 1359 1896 1409 arbitrabatur
1925 1357 2202 1422 quidquam
2236 1356 2309 1406 ef-

1360 1429 1445 1478 fici
1467 1442 1622 1493 posse
1643 1427 1705 1478 ab
1741 1441 1801 1476 ea
1818 1433 2026 1491 natura,
2062 1441 2192 1489 quae
2218 1441 2307 1474 ex-

1363 1512 1483 1562 pers
1516 1504 1652 1546 esset
1684 1496 1942 1560 corporis,
1978 1519 2047 1530 —-
2074 1508 2170 1544 nec
2188 1509 2307 1544 vero

1365 1573 1452 1615 aut
1468 1565 1607 1628 quod
1618 1561 1841 1616 efiiceret
1859 1562 2053 1626 aliquid
2067 1571 2156 1613 aut
2173 1562 2310 1626 quod

1363 1633 1648 1684 efficeretur
1667 1646 1824 1697 posse
1846 1646 1958 1681 esse
1978 1645 2077 1682 non
2104 1646 2307 1696 corpus,

1364 1702 1525 1752 Acad.
1549 1707 1683 1768 post.
1700 1701 1725 1750 1
1735 1701 1782 1764 1,
1796 1699 1883 1754 39.
1899 1728 1969 1741 -·
1982 1698 2036 1750 Si
2054 1699 2311 1750 Zenonem

1365 1785 1603 1834 sequare,
1626 1783 1867 1834 magnum
1895 1775 1970 1818 est
1999 1767 2201 1818 efficere
2216 1804 2232 1830 ,
2254 1777 2311 1816 ut

1365 1842 1480 1903 quis
1513 1837 1790 1903 intelligat,
1829 1837 1951 1900 quid
1977 1838 2043 1886 sit
2062 1837 2189 1904 illud
2221 1852 2311 1886 ve-

1364 1925 1475 1959 rum
1498 1916 1547 1958 et
1572 1906 1793 1971 simplex
1816 1906 2029 1970 bonum,
2052 1906 2189 1971 quod
2208 1920 2310 1955 non

1363 1978 1529 2045 possit
1564 1978 1627 2027 ab
1654 1976 1919 2025 honestate
1953 1977 2183 2041 seiungi,
2228 1977 2305 2024 Ib.

1312 2079 1317 2083 -
1366 2049 1414 2108 1,
1445 2050 1477 2098 2
1495 2082 1509 2106 ,
1528 2047 1581 2099 7.
1604 2073 1674 2085 -
1695 2044 1843 2105 Quod
1858 2045 1990 2094 Zeno
2012 2047 2063 2095 in
2081 2058 2182 2094 una
2200 2045 2309 2094 vir-

1364 2124 1467 2167 tute
1496 2116 1715 2179 positam
1746 2113 1944 2163 beatam
1974 2114 2128 2163 vitam
2158 2121 2309 2177 puta-

1361 2187 1465 2251 vit,
1514 2182 1792 2233 verendum
1848 2196 1963 2231 esse
2011 2197 2074 2232 ne
2134 2182 2311 2232 virtuti

1362 2253 1481 2319 plus
1500 2253 1717 2310 tribuat,
1750 2266 1899 2314 quam
1933 2258 2112 2301 natura
2140 2254 2313 2314 patia-

1364 2334 1471 2384 tur,
1496 2320 1658 2370 Acad.
1683 2334 1760 2383 pr.
1782 2320 1834 2383 2,
1864 2318 1956 2383 43,
1981 2318 2099 2371 134.
2138 2319 2204 2369 cl.
2233 2320 2308 2369 ib.

1336 2392 1426 2449 ,2,
1462 2392 1557 2446 44,
1597 2386 1714 2440 135.
1753 2413 1824 2424 -
1858 2386 1989 2438 Zeno
2022 2389 2310 2452 sapientem

1361 2473 1463 2507 non
1491 2458 1693 2507 beatum
1724 2456 1905 2516 modo,
1931 2456 2021 2505 sed
2051 2457 2204 2505 etiam
2228 2457 2312 2505 di-

1362 2526 1513 2577 vitem
1542 2525 1712 2575 dicere
1744 2538 1898 2573 ausus
1919 2533 2022 2581 est,
2044 2525 2107 2573 de
2135 2524 2224 2573 fin.
2250 2524 2305 2587 5,

1360 2594 1459 2655 28,
1494 2593 1579 2647 84.
1607 2618 1670 2629 -
1700 2593 1822 2641 Eius
1852 2595 2085 2658 sapiens,
2116 2592 2303 2658 fragm.

1362 2678 1413 2729 p.
1445 2663 1564 2714 258.
1601 2686 1673 2700 -—
1701 2661 1834 2711 Zeno
1870 2662 1971 2711 nisi
1996 2662 2135 2724 qnod
2155 2671 2307 2725 turpe

1364 2740 1526 2791 esset,
1554 2730 1684 2780 nihil
1704 2729 1896 2779 malum
1923 2730 2168 2792 ducebat,
2197 2728 2309 2777 Tu-

1362 2800 1489 2850 scul.
1510 2800 1561 2860 5,
1580 2799 1631 2860 9,
1650 2800 1736 2849 27.
1770 2798 1831 2851 cl.
1855 2798 1923 2847 ib.
1948 2800 1996 2859 2,
2020 2798 2103 2859 12,
2122 2796 2208 2850 29.
2233 2825 2307 2834 —

1361 2870 1548 2918 Zenoni
1596 2880 1853 2918 summum
1894 2867 2082 2917 bonum
2131 2874 2207 2915 est
2250 2868 2305 2914 in

1358 2936 1542 2987 mediis
1558 2945 1785 2986 neutram
1806 2937 1858 2984 in
1875 2943 2071 3000 partem
2088 2936 2305 2995 moveri,

1358 3020 1487 3067 quae
1510 2994 1828 3069 ἀδιαφορία
1858 3004 1923 3053 ab
1958 3004 2069 3068 ipso
2099 3004 2303 3057 dicitur,

1357 3074 1517 3123 Acad.
1554 3088 1630 3137 pr.
1659 3074 1691 3122 2
1712 3109 1729 3134 ,
1763 3072 1860 3135 42,
1902 3070 2017 3125 130.
2049 3098 2118 3111 --
2143 3072 2301 3131 Zeno,

1359 3143 1504 3203 quasi
1559 3140 1785 3205 corporis
1840 3141 1999 3191 simus
2044 3148 2304 3204 expertes,

1355 3212 1576 3259 animum
1596 3208 1762 3258 solum
1786 3208 2123 3273 amplectitur,
2150 3208 2222 3257 lb.
2248 3206 2307 3265 2,

1354 3279 1421 3327 45
1436 3313 1449 3328 .
1475 3275 1589 3329 139.
1617 3302 1691 3321 —s
1711 3277 1799 3325 Est
1824 3277 2041 3326 Zenonis
2064 3276 2191 3325 haec
2211 3276 2310 3324 de-

1352 3344 1542 3403 finitio,
1580 3352 1635 3393 ut
1671 3344 1981 3409 perturbatio
2014 3345 2111 3408 sit,
2160 3343 2305 3407 quod

1352 3403 1551 3467 πάθος
1586 3412 1674 3462 ille
1698 3413 1850 3472 dicit,
1888 3426 2067 3462 aversa
2098 3428 2127 3462 a
2159 3420 2307 3460 recta

1349 3479 1569 3543 ratione,
1622 3487 1793 3531 contra
1846 3486 2078 3531 naturam
2133 3478 2303 3528 animi
