2500 3850
511 180 1010 250 SARDINIENS'ES
1036 226 1119 237 -
1140 203 1374 253 SAXUM
1397 206 1690 255 SACRUM.

98 358 307 425 populo
321 358 549 407 Romano
574 372 635 406 ac
657 357 862 407 liberam
884 360 1061 409 civita-

96 440 233 487 tem,
257 441 351 491 pro
371 425 562 476 Scauro
585 426 665 491 19,
681 428 767 479 44.
800 441 850 491 p.
866 427 987 478 235.

16 494 439 547 Sardinienses
452 495 678 544 advenae
693 496 743 544 in
752 494 1056 558 Sardiniam,

100 583 206 631 pro
234 565 429 614 Scauro
449 562 633 629 fragm.
656 579 709 628 p.
730 564 850 616 239.

18 632 365 700 Sarpedon,
404 633 541 682 Iovis
566 632 732 694 filius,
766 648 795 681 a
825 633 1057 683 Patroclo

107 705 347 758 occisuS‚
369 702 431 750 de
453 701 613 750 divin.
647 702 698 764 2,
727 700 805 760 10,
829 701 915 754 25.

22 771 294 833 Saserna
314 769 456 830 alter,
478 770 811 831 Antonianae,
834 770 1055 834 Philipp.

114 838 204 901 13,
233 838 317 900 13,
350 838 431 889 28.
461 865 528 873 —
567 836 688 887 Cum
711 840 863 889 Matio
896 848 943 889 et
963 838 1058 887 Po-

108 910 307 958 stumio
327 912 620 973 procurator
654 906 888 957 ludorum
910 906 1055 957 Octa-

108 979 256 1025 viia.
282 992 333 1024 u.
363 991 405 1025 c.
429 975 571 1037 716„
604 978 669 1025 ad
688 977 795 1026 Att.
820 976 902 1040 15,
926 978 976 1035 2,
998 974 1049 1025 3.

27 1057 248 1111 Sassia
270 1096 285 1122 ,
342 1066 501 1110 mater
535 1060 599 1109 A.
642 1058 857 1108 Cluentii
893 1060 1051 1121 Aviti,

114 1129 308 1179 mulier
327 1128 591 1189 scelerata,
609 1128 753 1179 nubit
773 1142 959 1194 genero
984 1129 1045 1178 A.

114 1199 281 1248 Aurio
302 1196 505 1258 Melino,
532 1210 625 1261 pro
646 1196 873 1246 Cluentio
894 1198 944 1256 5,
968 1197 1052 1248 13.

118 1267 308 1316 deinde
335 1264 643 1330 Oppianico,
678 1266 749 1316 Ib.
784 1266 834 1328 9,
864 1266 949 1316 28.
987 1292 1053 1300 —

116 1334 457 1385 Familiariter
480 1335 639 1383 utitur
654 1332 769 1383 Sex.
792 1335 949 1395 Attio,
976 1335 1050 1383 Ib.

116 1404 207 1467 62,
235 1403 349 1453 175.
382 1428 449 1437 —-·
480 1402 606 1453 Filio
643 1403 939 1462 insidiatur,
977 1402 1051 1451 lb.

116 1471 207 1537 63,
232 1472 345 1523 176.
371 1471 597 1521 —Uxor
616 1473 809 1536 generi,
832 1485 1049 1520 noverca

116 1542 237 1601 filii,
270 1540 399 1590 filiae
418 1540 601 1604 pellex,
621 1542 694 1589 Ib.
718 1540 804 1600 70,
829 1538 944 1593 199.

36 1608 335 1662 Satricum
351 1645 365 1672 ,
405 1609 647 1675 oppidum
689 1608 818 1658 Latii
860 1609 1054 1671 antiqui

120 1679 187 1728 ad
211 1681 338 1727 viam
352 1679 591 1743 Appiam,
612 1678 677 1727 ad
700 1678 833 1737 Q.fr.
858 1676 910 1739 3,
937 1677 1049 1739 1,·2.

40 1812 293 1876 Satrius,
312 1816 507 1880 legatus
527 1814 580 1865 G.
599 1815 857 1868 Trebonii.
874 1814 968 1880 Ep.
988 1814 1054 1864 ad

118 1885 257 1936 Brut.
280 1885 328 1944 1,
350 1884 400 1935 6.

42 1963 129 2022 M'.
153 1966 403 2034 Satrius,
435 1969 567 2018 filius
601 1971 789 2018 sororis
810 1970 866 2021 L.
891 1969 1053 2018 Minn-

122 2040 190 2087 cii
208 2039 389 2098 Basili,
419 2044 567 2100 atque
586 2039 699 2102 ipse
720 2039 781 2088 ab
801 2037 1052 2088 avunculo

124 2109 391 2172 adoptatus
409 2116 585 2172 postea
606 2108 665 2156 L.
688 2108 936 2157 Minucius
956 2108 1052 2156 Ba-

124 2177 279 2234 silus,
317 2190 465 2240 quem
502 2177 637 2228 vide.
686 2203 751 2212 --
806 2177 1051 2240 Patronus

119 2247 231 2309 agri
250 2244 421 2294 Piceni
441 2253 488 2294 et
506 2243 697 2306 Sabini,
718 2245 779 2294 de
800 2244 885 2298 off.
903 2244 953 2309 3,
970 2245 1051 2304 18,

46 2381 117 2431 Ρ.
156 2380 411 2432 Saturius
426 2417 441 2446 ,
487 2389 731 2447 patronus
779 2380 1049 2440 Chaereae,

128 2453 213 2512 qui
233 2465 321 2515 pro
346 2466 406 2500 eo
426 2458 595 2500 contra
617 2450 676 2509 Q.
708 2451 948 2501 Roscium
968 2465 1052 2499 co·

125 2520 360 2569 moedum
392 2520 549 2580 dixit,
581 2535 675 2584 pro
710 2519 861 2570 Rosc.
907 2517 1047 2570 Com.

132 2589 174 2647 l,
202 2590 253 2637 4.
292 2588 365 2637 Ib.
390 2588 447 2652 6,
464 2588 545 2639 15.
568 2613 637 2625 -—
662 2590 952 2649 Veterator,
974 2587 1047 2636 lb.

123 2656 175 2716 8,
212 2657 294 2705 22.
334 2682 404 2693 -
440 2658 601 2706 Iudex
623 2656 841 2722 diligens
866 2654 1051 2704 etreli-

125 2725 298 2788 giosus
332 2726 383 2773 in
420 2740 575 2775 causa
623 2724 921 2789 Oppianici,
960 2738 1051 2788 pro

125 2793 348 2862 Cluentio
369 2793 452 2856 38,
475 2791 591 2843 107.
639 2795 715 2844 Ib.
738 2792 823 2856 65,
848 2791 965 2842 182.

56 2875 289 2929 Satrius.
332 2878 397 2929 V.
424 2872 690 2926 Caninius
711 2875 951 2928 Satrius.

58 2959 406 3024 Saturnalia,
446 2962 496 3010 in
517 2961 659 3012 Catil.
682 2960 744 3026 3,
774 2963 825 3027 4,
850 2963 933 3017 10.
987 2963 1054 3014 ad

126 3036 226 3085 Att.
244 3032 292 3091 5,
323 3029 410 3093 20,
447 3029 495 3082 l.
519 3056 583 3066 —
614 3028 862 3084 Secundis
882 3031 1054 3083 Satur-

11 3109 16 3172 l
127 3101 337 3160 nalibuS,
364 3099 430 3150 ad
452 3102 556 3152 Att.
584 3099 665 3161 13,
685 3101 769 3162 51,
799 3103 845 3152 1.

13 3201 16 3220 .
58 3164 301 3219 Saturnii
332 3183 507 3220 versus
544 3175 702 3232 ‘quos
741 3169 863 3220 olim
895 3171 1053 3221 Fauni

126 3245 355 3300 vatesque
376 3239 665 3300 canebant’,
686 3239 895 3302 Ennius,
909 3238 1051 3292 Brut.

52 3372 401 3427 Saturninus.
451 3377 517 3430 V.
550 3373 763 3426 Annius
795 3372 1057 3426 Saturni-

129 3461 242 3494 nus.

2013 198 2135 257 347

1130 357 1193 409 Ia.
1218 356 1571 409 Saturninus.
1621 362 1686 411 V.
1728 360 1789 412 Ιι.
1828 360 2138 429 Appuleius

1199 425 1548 478 Saturninus.

1130 492 1444 558 Saturnius,
1476 496 1528 546 id
1552 505 1643 561 est,
1667 499 1910 561 Iuppiter,
1936 499 2000 547 de
2023 500 2128 549 div.

1199 566 1248 624 2,
1278 564 1362 624 30,
1383 564 1470 618 64.
1501 592 1567 600 -
1607 566 1869 615 Saturnius
1887 568 2131 631 Iuppiter,

1198 632 1404 683 Tuscul.
1426 635 1476 697 2,
1506 633 1587 694 10,
1610 634 1694 687 73.

1127 699 1433 765 Saturnus,
1472 711 1617 767 pater
1650 704 1786 753 Iovis
1819 706 1980 766 tertii,
2015 705 2134 757 Cre-

1196 772 1385 831 tensiS,
1410 771 1471 818 de
1492 785 1542 819 n.
1579 773 1630 825 d.
1653 770 1705 833 3,
1727 773 1812 838 21,
1835 772 1921 823 53.
1951 802 2020 813 -—
2041 773 2133 823 Sa-

1195 846 1374 888 turnus
1395 847 1474 890 est
1496 839 1799 904 appellatus,
1835 843 1971 903 quod
1995 850 2133 892 satu-

1196 916 1394 957 raretur
1416 909 1580 969 annis,
1621 910 1683 958 de
1712 924 1761 959 n.
1787 910 1834 958 (1.
1859 911 1906 968 2,
1930 912 2015 972 25,
2043 910 2130 962 64.

1194 976 1256 1025 cl.
1279 977 1346 1026 ib.
1378 974 1440 1037 3,
1469 977 1553 1035 24,
1592 976 1678 1028 62.
1717 1005 1788 1016 -
1825 978 1954 1028 Eum
1979 978 2131 1044 vulgo

1192 1046 1413 1093 maxime
1467 1045 1636 1094 colunt
1683 1047 1750 1097 ad
1802 1048 2129 1111 occidentem,

1194 1113 1256 1162 de
1277 1128 1328 1163 n.
1360 1113 1408 1163 d.
1429 1112 1478 1173 3,
1507 1113 1588 1177 17,
1617 1116 1707 1164 44.
1736 1142 1803 1152 —-
1825 1118 1984 1167 Vetus
2007 1116 2132 1165 haec

1195 1182 1368 1245 opinio
1420 1181 1680 1231 Graeciam
1728 1186 1980 1249 opplevit,
2045 1202 2131 1235 ex·

1196 1260 1386 1300 sectum
1428 1249 1630 1300 Caelum
1676 1266 1707 1301 a
1739 1253 1842 1302 fllio
1891 1253 2126 1312 Saturno,

1192 1321 1415 1368 vinctum
1455 1325 1620 1367 autem
1659 1318 1929 1370 Saturnum
1965 1325 2134 1386 ipsum

1192 1402 1219 1437 a
1248 1387 1352 1439 filio
1371 1388 1505 1449 Iove,
1532 1388 1594 1437 de
1613 1400 1664 1437 n.
1683 1388 1732 1435 (1.
1760 1390 1807 1445 2,
1828 1391 1911 1452 24,
1935 1390 2020 1440 63.
2061 1391 2127 1441 cl.

1191 1456 1260 1505 ib.
1287 1454 1335 1515 3,
1371 1456 1456 1516 24,
1494 1454 1577 1505 62.
1611 1480 1676 1490 —
1715 1454 1922 1506 Saturni
1957 1458 2130 1521 stirPS,

1190 1524 1318 1575 Tim.
1346 1523 1427 1573 11.

1123 1592 1427 1653 Saturnus,
1491 1589 1653 1641 stella.
1723 1590 1880 1641 Stella
1929 1589 2133 1639 Saturni

1191 1660 1431 1710 Martisve
1453 1659 1514 1709 ad
1541 1666 1679 1710 ortus
1715 1674 1987 1725 puerorum
2007 1674 2131 1709 con—

1191 1730 1366 1791 traria,
1406 1729 1470 1779 de
1507 1728 1667 1781 divin.
1710 1728 1766 1793 1,
1807 1728 1901 1788 39,
1941 1728 2024 1779 85.
2063 1754 2132 1763 --

1193 1799 1395 1847 Saturni
1415 1796 1564 1846 stella
1584 1792 1830 1859 φαίνων,
1857 1798 1917 1846 de
1935 1811 1985 1849 n.
2009 1797 2060 1846 d.
2077 1798 2128 1853 2,

1193 1866 1280 1932 20,
1301 1867 1385 1919 52.
1425 1866 1496 1918 lb.
1526 1866 1576 1926 2,
1597 1863 1681 1927 46,
1704 1864 1819 1915 119.
1839 1892 1907 1903 -—
1929 1864 2131 1915 Saturni

1194 1938 1416 2001 signum,
1447 1935 1512 1984 ad
1532 1934 1652 1984 fam.
1677 1935 1727 1990 7,
1752 1931 1838 1993 23,
1867 1936 1918 1984 2.

1124 2002 1320 2072 Satyri
1342 2019 1404 2053 an
1421 2004 1501 2066 di,
1533 2003 1595 2052 de
1615 2018 1664 2053 n.
1687 2003 1738 2051 d.
1761 2001 1810 2064 3,
1839 2003 1919 2063 17,
1942 2002 2028 2054 43.

1124 2071 1470 2140 Satyriscus,
1492 2071 1556 2121 de
1579 2072 1736 2122 divin.
1762 2070 1808 2132 1,
1834 2071 1918 2129 20,
1940 2070 2023 2122 39.

1124 2141 1382 2209 Satyrus,
1409 2142 1790 2190 Tarentinorum
1820 2139 1970 2189 heros
2000 2140 2131 2189 indi-

1193 2226 1305 2281 geS,
1337 2210 1474 2275 apud
1503 2225 1590 2258 eos
1612 2211 1664 2260 in
1683 2209 1809 2258 aede
1827 2211 2015 2259 Vestae
2047 2225 2131 2260 co·-

1190 2281 1328 2339 litur,
1349 2280 1496 2332 Verr.
1519 2288 1737 2334 accusat.
1759 2279 1808 2336 4,
1825 2276 1910 2337 60,
1942 2277 2055 2329 135.

1123 2348 1362 2415 Satyrus
1384 2383 1399 2411 ,
1441 2348 1595 2396 Attici
1638 2360 1816 2397 servus
1859 2346 2125 2407 litteratus,

1191 2418 1258 2468 ad.
1278 2418 1383 2470 Aa.
1413 2417 1503 2480 12,
1527 2415 1612 2478 22,
1635 2415 1686 2462 2.

1128 2484 1188 2536 C.
1211 2481 1497 2547 Saufeius,
1531 2481 1771 2532 adsecula
1790 2480 2052 2531 Saturnini
2077 2490 2128 2532 et

1194 2553 1447 2612 Glauciae,
1483 2567 1575 2616 pro
1599 2549 1652 2600 G.
1675 2549 1880 2600 Rabirio
1907 2549 2051 2614 perd.
2073 2552 2126 2610 7,

1123 2690 1186 2740 L.
1233 2687 1527 2753 Saufeius,
1561 2703 1714 2752 eques
1736 2688 1909 2748 Rom.,
1943 2688 2129 2752 Epicu-

1193 2761 1328 2819 rius,
1364 2760 1514 2809 Attici
1535 2757 1801 2808 familiaris
1819 2795 1832 2816 ,
1869 2758 1921 2806 in
1946 2758 2130 2808 studiis

1193 2829 1494 2890 laboriosus,
1520 2829 1584 2877 ad
1606 2828 1708 2877 Att.
1739 2826 1785 2889 1,
1810 2826 1861 2887 3,
1885 2827 1934 2879 l.
1975 2828 2051 2878 Ib.
2075 2827 2127 2887 2,

1192 2896 1242 2958 8,
1268 2897 1314 2947 1.
1354 2899 1427 2947 lb.
1457 2900 1509 2958 4,
1530 2896 1580 2956 6,
1604 2896 1652 2948 1.
1689 2897 1760 2946 Ib.
1795 2895 1846 2956 6,
1877 2895 1928 2955 9,
1959 2897 2012 2945 4.
2053 2896 2125 2945 1b.

1192 2967 1242 3028 7,
1270 2965 1317 3024 1,
1344 2966 1393 3019 1.
1417 2993 1483 3004 -—
1501 2966 1624 3015 Eius
1647 2965 1791 3030 liber,
1823 2964 1889 3012 ad
1911 2964 2013 3012 Au.
2042 2963 2128 3026 14,

1197 3033 1279 3093 18,
1301 3036 1354 3087 4.
1394 3036 1467 3090 lb.
1491 3034 1573 3093 15,
1596 3035 1648 3096 4,
1669 3032 1720 3082 3.

1124 3101 1290 3154 Saxa.
1329 3102 1394 3152 V.
1423 3100 1488 3151 Ia.
1511 3097 1777 3151 Decidius
1801 3097 1966 3149 Saxa.

1126 3169 1275 3223 Saxa
1303 3169 1502 3232 rubra,
1544 3169 1685 3217 locus
1710 3167 1838 3217 inter
1867 3167 2044 3215 urbem
2080 3174 2129 3214 et

1193 3239 1354 3289 Veios
1387 3251 1550 3301 prope
1577 3235 1861 3285 Cremeram
1895 3234 2126 3294 fluvium,

1194 3306 1416 3369 Philipp.
1439 3305 1492 3367 2,
1521 3302 1606 3367 31,
1628 3303 1715 3356 77.
1836 3348 1840 3353 ,

1126 3373 1337 3426 Saxum
1382 3385 1634 3435 sacrum,
1683 3385 1838 3436 rupes
1887 3370 2128 3420 Aventini

1196 3443 1402 3506 montis,
1434 3441 1666 3490 dedomo
1690 3453 1784 3488 sua
1814 3439 1906 3501 53,
1936 3437 2055 3491 136.
