2500 3850
255 170 377 235 438

323 340 387 389 21
407 374 421 399 ,
456 337 542 388 58.
570 363 644 374 —
671 336 960 387 Familiaris
981 336 1041 385 L.
1073 334 1259 402 Crassi,

322 408 466 459 rudis
489 409 542 457 in
567 406 772 457 dicendi
797 406 1180 468 exercitatione,
1196 406 1262 456 de

270 488 282 495 “
322 486 446 527 orat.
469 474 520 539 3,
539 476 626 536 21,
648 475 732 528 78.

256 545 324 611 Q.
346 540 628 608 Velocius,
649 546 716 594 de
735 553 863 595 orat.
883 544 935 605 3,
959 544 1043 599 23.
1065 542 1151 595 86.

253 611 543 678 Veluinus,
572 615 770 664 vicinus
798 614 858 675 Q.
888 613 1163 676 ciceronio,
1195 612 1264 663 ad

325 682 386 742 Q.
417 684 480 733 fr.
504 681 555 744 3,
581 683 628 747 1,
651 684 702 732 2.
738 686 856 746 §.4-

255 750 609 803 Venafranus
633 767 782 817 ager,
825 754 888 803 de
921 750 1037 818 lege
1067 767 1176 817 agr.
1212 755 1265 809 2,

325 822 393 873 25
409 858 424 882 ,
460 820 545 872 66.
589 845 646 857 -
688 821 1014 872 venafranus
1055 830 1265 882 tractus,

323 904 417 955 pro
437 890 640 939 Plancio
658 890 710 954 9,
740 890 827 941 22.

256 956 565 1010 Venafrum
596 960 843 1024 oppidum
863 958 1168 1025 Campaniae
1186 975 1268 1011 se-

328 1028 722 1092 ptemtrionalis,
749 1030 816 1078 ad
837 1030 940 1077 Att.
965 1031 1014 1093 7,
1042 1028 1105 1079 13
1136 1030 1187 1088 b,
1216 1030 1265 1078 7.

326 1096 393 1145 ad
412 1096 469 1153 Q.
501 1095 566 1145 fr.
588 1096 640 1152 3,
671 1096 719 1155 1,
742 1098 794 1145 2.
833 1098 884 1158 5.
908 1096 959 1147 3.

253 1162 497 1229 Venerii,
519 1164 653 1213 servi
664 1172 712 1213 et
731 1164 899 1214 liberti
910 1166 1128 1217 Veneris
1144 1167 1268 1231 Ery-

325 1236 486 1293 cinae,
499 1234 710 1287 divinat.
731 1234 782 1282 in
805 1232 861 1293 Q.
876 1233 1063 1286 Caecil.
1084 1236 1164 1299 17,
1181 1234 1267 1288 55.

325 1305 474 1353 Verr.
492 1310 717 1355 accusat.
731 1300 784 1363 3,
799 1304 885 1365 20,
901 1304 986 1355 50.
1025 1306 1097 1355 Ib.
1113 1303 1163 1367 3,
1177 1305 1265 1364 22,

324 1371 410 1424 55.
427 1371 700 1422 -Venerii
712 1372 762 1421 in
781 1370 957 1422 Sicilia
967 1388 1266 1439 comparan-

323 1450 406 1492 tur
437 1455 551 1491 cum
587 1441 898 1492 Martialibus
927 1443 1265 1503 Larinatibus,

324 1524 418 1576 pro
438 1509 669 1561 Cluentio
694 1510 778 1574 15,
801 1510 889 1563 43.

255 1576 528 1631 Venerius
549 1581 710 1628 iactus
730 1588 806 1628 est
826 1581 875 1627 in
896 1579 1012 1630 lusu
1031 1580 1265 1640 talorum,

325 1649 377 1698 in
402 1662 501 1711 quo
535 1649 792 1711 quaternis
826 1650 944 1699 talis
978 1649 1263 1711 ludebatur,

325 1731 480 1781 quum
502 1717 697 1783 singuli
717 1716 806 1766 tali
824 1719 982 1770 alium
1002 1733 1267 1768 numerum

328 1786 615 1848 ostendunt,
652 1786 848 1837 scilicet
867 1788 916 1850 1,
939 1787 990 1851 3,
1016 1789 1068 1847 4,
1085 1785 1136 1838 6.
1175 1787 1270 1836 Hie

325 1862 432 1905 erat
471 1854 799 1905 felicissimus
837 1871 986 1909 casus
1029 1857 1269 1919 idemque

325 1927 644 1989 rarissimae,
692 1925 754 1975 de
774 1927 936 1980 divin.
969 1925 1029 1986 1,
1064 1925 1146 1986 13,
1179 1925 1266 1978 23.

325 1995 398 2045 Ib.
421 1995 471 2055 2,
491 1995 577 2058 21,
607 1993 692 2046 48.
732 1995 803 2046 lb.
823 1997 874 2059 2,
895 1996 983 2058 59,
1008 1996 1127 2047 121.

257 2060 575 2113 Vennonius
591 2063 864 2115 historicus
887 2065 1052 2125 exilis,
1077 2065 1141 2114 de
1160 2063 1261 2128 leg.

328 2132 375 2191 1,
400 2135 451 2193 2,
471 2132 523 2185 6.
562 2134 628 2182 ad
646 2132 749 2180 Att.
775 2133 860 2196 12,
888 2133 936 2194 3,
972 2133 1018 2186 1.

257 2197 604 2258 Vennoniu8‚
641 2199 708 2248 ad
728 2200 832 2250 Att.
855 2201 906 2264 5,
947 2201 1026 2260 12,
1058 2201 1111 2250 2.
1130 2237 1146 2266 ,
1179 2201 1267 2250 ubi

327 2283 460 2318 nune
471 2268 715 2318 Helonius
735 2276 828 2319 est.

261 2336 321 2387 G.
338 2334 653 2389 Vennonius
677 2339 979 2404 negotiator,
997 2337 1265 2388 familiaris

329 2407 606 2470 Ciceronis,
637 2407 704 2457 ad
723 2411 826 2457 Att.
847 2407 898 2470 6,
933 2408 983 2470 1,
1004 2407 1088 2458 25.
1118 2433 1184 2444 --
1205 2407 1265 2456 Εἰ

324 2476 695 2541 praefecturam
719 2478 926 2544 negavit
951 2476 1145 2538 Cicero,
1185 2477 1263 2526 lb.

325 2545 376 2608 6,
398 2545 451 2609 3,
471 2546 524 2600 5.
545 2575 617 2586 —-
647 2543 865 2597 Senatus
894 2547 1182 2598 consultum
1211 2547 1265 2597 in

325 2614 541 2666 heredes
567 2617 677 2664 eins
697 2615 887 2666 factum
906 2631 954 2666 a.
975 2631 1030 2666 n.
1053 2632 1097 2666 c.
1124 2614 1265 2678 708.,

329 2684 396 2732 ad
415 2683 535 2732 fam.
563 2683 641 2745 13,
666 2685 748 2744 72,
770 2685 822 2734 2.

255 2748 385 2801 Sex.
400 2748 736 2814 Vennonius,
762 2753 825 2801 de
846 2752 1053 2802 cohorte
1070 2752 1265 2812 VerriS,

327 2819 695 2870 Verr.aecusat.
723 2818 775 2878 3,
796 2818 878 2881 39,
902 2819 988 2869 89.

255 2884 537 2938 Venonius
559 2883 862 2937 Vindicius.
898 2888 974 2937 De
993 2889 1103 2938 eius
1121 2890 1267 2940 bonis

328 2959 393 3008 ad
416 2959 474 3018 Q.
489 2955 748 3007 Metellum
766 2957 998 3023 pervenit
1021 2956 1267 3009 Tuscula-

327 3043 465 3090 num,
488 3042 580 3091 pro
591 3025 750 3076 Balbo
769 3027 854 3087 25,
874 3025 959 3078 56.

258 3095 321 3147 P.
349 3093 641 3146 Ventidius
665 3095 898 3158 Bassus,
926 3096 1168 3147 adsecula
1193 3096 1262 3146 M.

329 3165 556 3225 Antonii,
585 3174 790 3229 praetor
808 3180 855 3217 a.
877 3182 926 3215 u.
953 3181 998 3215 e.
1024 3166 1144 3218 711.
1178 3181 1264 3216 eo-

329 3236 547 3296 demque
591 3247 721 3285 anno
752 3243 978 3285 extremo
1018 3234 1262 3296 consillia,

330 3305 394 3352 ad
419 3304 539 3353 fam.
569 3301 651 3363 10,
681 3303 762 3363 17,
792 3303 842 3355 1.
864 3331 931 3340 -
953 3303 1088 3354 Olim
1107 3304 1263 3353 mulio

330 3372 443 3431 fnit,
463 3371 678 3421 Plancus
697 3371 772 3421 Π).
789 3369 872 3431 10,
892 3370 971 3431 18,
995 3371 1049 3426 3.
1079 3371 1264 3436 fragm.

327 3454 380 3501 p.
399 3439 521 3489 256.
597 3466 611 3477 -
633 3439 806 3488 Hostis
828 3440 1080 3489 iudicatus
1096 3475 1110 3501 ,
1133 3441 1264 3489 iniis

913 180 978 240 Q.
1005 178 1345 229 vnnooms
1370 202 1450 215 --
1476 180 1722 230 venus.

1402 336 1566 400 quiM.
1584 337 1799 387 Antonii·
1812 346 2002 388 sectam
2023 340 2188 390 secuti
2210 348 2355 403 sunt,

1401 406 1495 472 Ep.
1518 407 1583 455 ad
1614 405 1752 459 Brut.
1786 405 1835 465 1,
1865 408 1914 459 5.
1956 438 2021 449 —
2054 408 2179 458 Post
2202 421 2357 474 proe-

1400 474 1527 523 lium
1546 474 1831 527 Mutinense
1848 490 1905 525 se
1924 492 2038 527 cum
2056 476 2358 543 legionibus

1400 544 1514 594 vll.
1540 544 1677 595 vlu.
1703 542 1790 593 IX.
1824 548 2086 597 coniunxit
2112 562 2231 596 eum
2245 549 2359 597 An·—

1404 613 1563 673 tonio,
1606 612 1765 661 Pollio
1804 614 1871 663 ad
1900 613 2025 670 fam.
2056 614 2142 677 10,
2176 614 2265 677 33,
2294 618 2355 667 4.

1404 708 1472 717 -
1492 682 1755 731 Praestare
1792 683 1904 733 vult
1932 684 1990 735 D.
2026 684 2246 745 Brutus,
2283 700 2355 735 ne

1407 752 1673 800 Ventidius
1702 750 1954 813 elabatur,
1993 754 2069 803 lb.
2094 752 2179 813 11,
2208 753 2267 816 9,
2298 754 2353 804 1.

1404 820 1646 869 —Trans
1660 821 2001 883 Apenninum.
2011 822 2193 872 itinere
2215 822 2355 872 facto

1408 888 1713 939 difficillimo
1724 890 1791 939 ad
1808 891 1953 939 Vada
1962 892 2197 955 pervenit
2212 893 2357 942 Ven-

1410 959 1567 1007 tidius
1593 967 1744 1020 atque
1777 960 1851 1008 ibi
1894 972 1951 1008 se
1986 975 2102 1010 eum
2124 961 2353 1011 Antonio

1408 1028 1686 1087 coniunxit,
1726 1027 1789 1076 D.
1813 1028 2018 1089 Brutus,
2056 1031 2129 1078 lb.
2158 1030 2241 1092 11,
2267 1028 2350 1091 10,

1409 1096 1461 1147 3.
1501 1097 1574 1146 lb.
1601 1096 1685 1157 11,
1718 1094 1798 1156 13,
1822 1096 1874 1149 3.
1895 1124 1965 1135 -·
2000 1101 2051 1150 P.
2077 1098 2353 1149 Ventidius

1409 1164 1726 1229 significatur
1741 1165 1960 1232 Philipp.
1990 1168 2071 1229 12,
2096 1166 2152 1229 8,
2172 1167 2260 1218 20.
2280 1192 2353 1209 -

1408 1234 1648 1284 Ventidio
1670 1233 1765 1283 fuit
1785 1232 1960 1285 Cicero
1990 1249 2198 1301 semper
2223 1239 2353 1286 ami-

1351 1364 1359 1369 ι
1408 1318 1517 1357 cus,
1547 1311 1665 1352 ante
1690 1318 1841 1365 quam
1873 1304 1963 1353 ille
1988 1308 2062 1353 rei
2091 1304 2239 1370 publ.
2262 1307 2351 1355 bo-

1407 1373 1588 1434 nisque
1642 1372 1877 1422 omnibus
1919 1383 2023 1422 tam
2057 1383 2235 1439 aperte
2276 1383 2353 1424 est

1408 1440 1572 1491 factus
1608 1441 1874 1504 inimieuS,
1912 1442 1990 1495 lb.
2026 1441 2129 1503 12,
2164 1443 2227 1505 9,
2264 1442 2350 1493 23.

1408 1511 1483 1561 lb.
1512 1509 1595 1569 13,
1632 1510 1683 1571 2,
1726 1513 1777 1561 2.
1820 1538 1885 1547 --
1919 1510 1993 1560 De
2007 1512 2249 1562 Ventidio
2285 1511 2354 1561 ad

1406 1580 1510 1629 Att.
1538 1578 1631 1639 16,
1672 1580 1721 1637 1,
1757 1580 1810 1634 4.
1852 1604 1925 1618 --
1968 1581 2051 1629 Ad
2071 1581 2354 1631 Antonium

1406 1662 1553 1697 nemo
1584 1648 1722 1697 venit
1766 1648 1868 1698 nisi
1895 1651 2123 1700 Ventidii
2152 1650 2353 1709 similiS,

1406 1716 1629 1781 Philipp.
1653 1715 1749 1777 13,
1792 1717 1894 1778 21,
1931 1716 2020 1772 48.
2061 1745 2129 1759 --
2172 1719 2351 1770 Cicero

1407 1786 1700 1835 Ventidium
1734 1800 1936 1851 semper
1965 1788 2165 1837 hostem
2200 1803 2352 1837 voea-

1410 1856 1498 1915 vit,
1530 1856 1602 1906 Ib.
1638 1856 1721 1915 14,
1755 1855 1807 1915 8,
1830 1856 1915 1905 21.
1957 1882 2023 1892 --
2054 1856 2353 1907 Ventidiani

1408 1939 1662 1990 rumores,
1686 1922 1867 1989 fragm.
1900 1941 1950 1989 p.
1976 1927 2098 1976 255.

1337 1991 1624 2055 Venuleia,
1656 1994 1721 2043 ad
1742 1997 1847 2048 Att,
1876 1996 1955 2056 12,
1979 1996 2063 2053 24,
2087 1997 2137 2044 2.

1338 2060 1668 2122 Venuleius,
1706 2063 2037 2123 decumanae,
2080 2064 2235 2113 homo
2256 2064 2351 2113 im-

1409 2132 1596 2194 probus
1632 2131 1698 2181 de
1717 2133 1892 2181 Verris
1930 2132 2170 2194 cohorte,
2202 2133 2348 2181 Verr.

1405 2208 1623 2250 accusat.
1646 2200 1700 2262 3,
1723 2203 1810 2265 42,
1830 2200 1916 2252 99.

1338 2267 1667 2333 Venuleius,
1707 2270 1934 2335 Latinus,
1970 2270 2244 2332 Horatius,
2286 2271 2350 2320 ad

1406 2339 1529 2391 fam.
1552 2339 1635 2398 12,
1659 2338 1743 2398 30,
1768 2340 1819 2388 7.

1336 2406 1537 2457 Venus·
1558 2435 1627 2443 —-
1649 2408 1787 2466 Quae
1820 2409 1918 2456 dea
1959 2409 2029 2458 ad
2063 2423 2152 2458 res
2176 2425 2351 2461 omues

1405 2476 1630 2525 ‘veniret
1643 2480 1682 2536 ²,
1713 2478 1965 2526 Venerem
1998 2480 2158 2526 nostri
2190 2481 2352 2528 nomi-

1404 2553 1683 2608 naverunt,
1739 2552 1894 2609 atque
1951 2561 2017 2596 ex
2054 2561 2138 2596 «ea
2177 2549 2349 2612 potius

1407 2617 1688 2664 ‘venustas’
1710 2630 1861 2676 quarn
1882 2615 2057 2664 Venus
2079 2631 2147 2663 ex
2167 2621 2350 2665 ‘venu-

1406 2687 1576 2745 state’,
1617 2685 1679 2732 de
1708 2697 1758 2736 n.
1783 2685 1828 2732 d.
1853 2683 1903 2743 2,
1929 2684 2015 2742 27,
2038 2682 2124 2734 69.
2180 2684 2245 2735 el.
2276 2685 2345 2735 ib.

1405 2751 1456 2814 3,
1482 2753 1570 2813 24,
1590 2752 1679 2804 62.
1704 2779 1771 2788 -
1792 2749 1969 2802 venus
1987 2755 2175 2817 prima,
2198 2752 2351 2804 Caelo

1408 2829 1457 2869 et
1492 2821 1585 2870 Die
1620 2829 1765 2885 nata,
1808 2821 1966 2871 altera
2006 2835 2191 2886 spuma
2231 2838 2352 2888 pro-

1408 2897 1594 2952 creata,
1616 2907 1681 2939 ex
1700 2904 1801 2952 qua
1820 2897 1869 2938 et
1885 2887 2135 2940 Mercurio
2151 2888 2349 2957 Cupido

1408 2960 1664 3009 secundus
1708 2967 1858 3007 natus
1902 2967 2015 3019 est,
2054 2960 2205 3009 tertia
2231 2961 2349 3010 Iove

1406 3034 1525 3076 nata
1554 3035 1604 3076 et
1631 3028 1820 3089 Diona,
1861 3043 1993 3091 quae
2029 3030 2204 3092 nupsit
2226 3028 2353 3078 Vul-

1404 3108 1558 3159 cano,
1591 3097 1683 3146 sed
1724 3111 1788 3145 ex
1824 3111 1885 3146 ea
1919 3104 1969 3147 et
2002 3097 2162 3148 Marte
2202 3107 2351 3148 natus

1403 3165 1621 3214 Anteros
1647 3165 1853 3226 dicitur,
1878 3173 2058 3228 quarta
2079 3163 2229 3230 Syria
2252 3167 2349 3231 Cy-

1404 3248 1595 3298 proque
1638 3246 1913 3299 eoncepta,
1957 3249 2086 3297 quae
2146 3238 2347 3285 Astarte

1404 3309 1636 3363 vocatur,
1674 3317 1827 3364 quam
1847 3301 2077 3352 Adonidi
2108 3305 2347 3369 nupsisse

1402 3371 1658 3434 proditum
1675 3371 1912 3430 est‚1b.3,
1928 3371 2013 3431 23,
2031 3372 2349 3440 59.—Apel·

1406 3441 1419 3488 Ι
1424 3441 1469 3487 is
1479 3439 1653 3490 Venus
1668 3430 2144 3504 Anadyomerie,⁴ad
2158 3443 2265 3495 Att.
2296 3444 2344 3502 2,

2475 3313 2480 3364 l
