2500 3850
284 194 407 255 286

352 378 464 410 cum
502 360 565 409 de
607 374 662 408 re
701 359 842 423 publ.
876 361 1107 409 tractavit
1139 362 1287 409 uber-

348 432 501 487 rime,
528 428 591 477 de
617 428 775 480 divin.
804 429 853 493 2,
880 427 927 487 1,
956 428 1007 479 3.

226 563 229 565 v
281 494 651 563 Peripatetici
692 497 991 562 philosophi
1053 504 1101 547 et
1150 499 1286 546 Aca-

351 566 561 627 demici,
620 566 738 615 olim
786 575 994 631 propter
1046 568 1284 625 eximiam

350 651 518 685 rerum
566 637 905 684 maximarum
943 636 1205 684 scientiam
1253 651 1284 683 a

352 705 557 755 Graecis
576 705 773 769 politici
792 703 1089 769 philosophi
1109 704 1286 768 appel—

348 775 455 836 lati,
493 774 556 822 de
585 780 708 821 orat.
734 773 792 832 3,
828 773 924 832 28,
956 771 1075 823 109.

278 842 359 893 Μ.
401 842 715 907 Perperna,
765 856 948 892 nomen
986 842 1187 906 gentis,
1229 850 1286 889 ut

348 911 581 971 videtur,
655 911 851 974 origine
910 911 1121 959 Etrusca
1146 946 1160 971 ,
1231 920 1284 958 ut

350 980 597 1040 Caecina,
635 978 907 1039 Spurinna.
982 978 1048 1026 M.
1070 979 1285 1044 Perper—

346 1064 439 1109 na,
490 1046 664 1095 consul
704 1062 751 1098 a.
793 1044 861 1095 u.‘
888 1062 929 1097 c.
962 1046 1117 1110 662.,
1169 1062 1283 1096 cen-

348 1131 431 1165 sor
450 1131 497 1164 a.
520 1130 573 1167 u.
596 1130 641 1165 c.
673 1114 793 1167 668.
812 1151 825 1173 ,
864 1115 1021 1163 iudex
1052 1116 1104 1162 in
1130 1130 1285 1164 causa

347 1184 401 1237 C.
421 1182 718 1244 Aculeonis,
744 1182 806 1231 de
827 1190 952 1232 orat.
976 1184 1027 1247 2,
1048 1182 1135 1247 65,
1155 1183 1277 1238 262.

345 1283 413 1293 -—
448 1252 515 1300 Μ.
537 1252 793 1316 Perperna
822 1251 878 1298 L.
904 1252 1123 1302 Marcius
1167 1269 1283 1303 cen-

346 1335 487 1371 sores
524 1336 570 1370 a.
611 1336 662 1373 u.
706 1337 747 1371 c.
778 1319 928 1382 669„
958 1322 1102 1370 Verr.
1134 1337 1282 1371 accu-

348 1397 439 1441 sat.
486 1390 542 1451 1,
593 1390 688 1448 55,
748 1390 864 1441 143.
931 1415 998 1427 —-
1052 1390 1117 1443 M.
1164 1392 1284 1441 Per-

346 1476 503 1527 perna
522 1499 535 1521 ,
585 1474 679 1524 pro
700 1460 848 1509 Rosc.
874 1459 1013 1511 Com.
1052 1459 1076 1508 1
1094 1496 1107 1522 ,
1134 1462 1185 1512 4.
1215 1490 1282 1499 --

346 1558 414 1567 --
451 1531 509 1578 In
556 1528 768 1577 consilio
799 1529 975 1577 aderat
1021 1529 1075 1579 C.
1113 1529 1285 1578 Pisoni

343 1599 503 1648 iudici
533 1597 584 1644 in
612 1612 763 1646 causa
790 1598 848 1655 Q.
881 1598 1086 1658 Roscii,
1124 1599 1200 1651 Ib.
1231 1596 1282 1656 8,

344 1668 439 1729 22.
480 1668 626 1715 Verr.
650 1674 871 1715 accusat.
900 1666 949 1727 5,
988 1666 1072 1725 58,
1098 1666 1214 1719 153.

274 1730 622 1787 Perrhaebia
640 1770 653 1793 ,
676 1749 792 1797 pars
812 1734 1125 1785 Thessaliae.
1163 1736 1286 1785 Per-

344 1802 552 1851 rhaebia
582 1803 788 1851 vendita
823 1818 852 1849 a
888 1803 945 1854 L.
979 1803 1179 1865 Pisone,
1228 1806 1282 1852 in

342 1873 512 1921 Pisou.
536 1872 624 1931 40,
648 1870 733 1921 96.

273 1940 469 1993 Persa.
506 1941 570 1991 V.
600 1939 822 1990 Perses.

276 2009 483 2074 Persa,
526 2009 741 2060 catellus
790 2009 850 2060 L.
890 2011 1099 2060 Aemilii
1138 2011 1281 2059 Pauli

343 2080 676 2139 Macedonici,
704 2093 765 2127 ex
786 2082 929 2129 cuius
954 2087 1113 2128 morte
1133 2094 1281 2128 omen

343 2149 555 2210 accepit,
581 2148 642 2195 de
667 2147 826 2195 divin.
853 2149 898 2208 1,
922 2147 1005 2209 46,
1035 2145 1151 2198 103.
1238 2201 1242 2205 ,

271 2213 501 2265 Persae.
538 2217 600 2267 V.
636 2211 814 2279 Magi.
858 2243 930 2252 —-
968 2217 1149 2264 Persae
1184 2216 1280 2265 hu-

341 2297 491 2332 mana
529 2284 739 2332 deorum
776 2283 1047 2336 simulacra
1082 2284 1279 2334 nefaria

341 2358 671 2418 putaverunt,
708 2352 771 2401 de
790 2367 831 2406 r.
854 2368 905 2418 p.
932 2352 964 2404 3
982 2391 996 2414 ,
1020 2351 1072 2416 9,
1102 2353 1185 2402 14.
1208 2379 1278 2390 —-

342 2423 609 2475 Persarum
656 2437 687 2470 a
733 2421 1069 2487 Xenophonte
1110 2423 1277 2470 victus

343 2492 639 2556 exponitur,
679 2506 805 2553 quos
827 2499 980 2557 negat
1004 2491 1070 2540 ad
1097 2505 1278 2555 panem

341 2561 583 2610 adhibere
619 2561 893 2622 quidquam
944 2566 1143 2625 praeter
1186 2573 1278 2608 na-

343 2630 603 2688 sturtium,
639 2629 841 2680 Tuscul.
868 2629 929 2692 5,
960 2628 1053 2691 34,
1092 2627 1173 2678 99.
1210 2655 1276 2663 —

284 2729 291 2733 -
340 2697 521 2745 Persas
563 2698 807 2744 nasturtio
845 2697 987 2746 vesci
1033 2711 1145 2746 esse
1192 2711 1276 2744 so·

340 2763 463 2812 litos
502 2764 680 2813 scribit
716 2763 1028 2827 Xenophon,
1081 2766 1144 2815 de
1185 2764 1270 2817 fin.

344 2833 401 2892 2,
426 2831 516 2892 28,
538 2831 622 2881 92.
645 2857 716 2867 -·
740 2832 797 2879 In
824 2833 989 2881 Persis
1024 2848 1275 2898 auguran-

338 2907 419 2949 tur
439 2907 487 2949 et
506 2901 733 2966 divinant
749 2899 887 2966 Magi
906 2916 917 2948 ε
940 2928 1005 2936 -
1027 2917 1120 2950 nec
1138 2903 1275 2964 quis-

342 2983 491 3033 quam
530 2984 619 3018 rex
644 2969 907 3018 Persarum
938 2976 1105 3034 potest
1140 2985 1271 3033 esse,

266 3038 272 3066 ·''
342 3041 428 3102 qui
468 3053 568 3089 non
598 3046 713 3086 ante
741 3039 1001 3102 Magorum
1045 3037 1276 3102 discipli-

340 3123 454 3156 nam
531 3108 892 3170 scientiamque
968 3109 1272 3171 perceperit,

341 3177 405 3226 de
443 3177 601 3227 divin.
640 3178 697 3236 1,
757 3176 855 3237 41,
906 3176 990 3228 91.
1047 3204 1113 3211 -—
1165 3180 1270 3224 Au-

342 3249 567 3296 ctoribus
617 3247 780 3310 magis
828 3247 1091 3314 Persarum
1142 3245 1270 3293 Xer-

266 3318 269 3320 ’
338 3328 431 3361 xes
462 3314 802 3364 inflammasse
822 3316 1013 3380 templa
1032 3313 1270 3364 Graeciae

339 3378 541 3445 dicitur,
576 3383 710 3442 quod
730 3385 1012 3446 parietibus
1043 3381 1270 3431 include-
1301 3420 1306 3426 .

339 3457 450 3494 rent
483 3449 623 3508 deOS,
664 3451 725 3497 de
744 3451 845 3514 leg.
870 3451 919 3512 2,
959 3452 1042 3509 10,
1067 3449 1163 3523 26.
1196 3459 1269 3483 ’-·

881 204 1369 252 PERIPATETICI
1390 226 1474 235 —-
1495 204 1773 252 PERSES.

1427 359 1690 409 Persarum
1731 372 1910 425 magos
1947 361 2075 410 adiit
2115 363 2367 428 Pythago-

1426 442 1537 490 ras,
1579 430 1640 477 de
1661 428 1745 476 fin.
1768 428 1820 488 5,
1843 429 1930 488 29,
1963 429 2047 479 87.
2087 456 2160 467 -
2195 432 2369 481 Persa·

1424 511 1535 545 rum
1555 512 1645 545 rex
1670 510 1884 561 magnus
1901 535 1914 558 ,
1949 499 2158 549 Tuscul.
2182 500 2215 549 5
2231 537 2247 563 ,
2289 502 2369 561 12,

1425 564 1509 615 35.
1533 594 1599 601 -
1617 564 1886 613 Persarum
1905 580 1964 616 ac
1987 564 2234 633 Syrorum
2254 571 2367 618 bar-

1423 635 1576 683 baros
1623 649 1770 699 reges
1811 634 1990 686 solitos
2035 652 2152 687 esse
2199 638 2373 702 plures

1426 716 1612 751 uxores
1641 700 1844 762 habere,
1881 704 1962 753 his
1997 712 2170 754 autem
2196 709 2373 755 uxori-

1425 772 1538 820 bius
1552 772 1784 821 civitates
1795 774 2069 822 attribuere
2089 783 2211 837 etc„
2226 776 2370 824 Verr.

1426 848 1682 903 accusat.⁷
1717 839 1778 900 3,
1817 840 1912 901 33,
1945 842 2029 892 76.
2075 872 2144 883 -
2186 843 2372 892 Persae

1426 918 1650 960 mortuos
1713 924 1830 958 cera
1886 912 2196 961 circumlitos
2256 928 2372 963 cou-
2450 930 2463 941 ·

1429 980 1580 1041 dunt,
1620 985 1675 1025 ut
1708 994 1860 1040 quam
1904 982 2128 1029 maxime
2169 996 2371 1045 perma-

1425 1054 1577 1096 neant
1615 1047 1851 1099 diuturna
1869 1063 2117 1113 corpora,
2155 1050 2366 1103 Tuscani,

1428 1116 1476 1178 1,
1512 1114 1598 1175 45,
1627 1115 1745 1166 108.
1784 1144 1850 1152 -
1885 1118 2156 1169 Persarum
2182 1118 2372 1167 bellum

1423 1185 1601 1233 eodem
1621 1183 1727 1232 fere
1739 1192 1984 1250 tempore,
2002 1188 2372 1247 quumVolsco-

1423 1268 1534 1301 rum
1562 1252 1750 1302 bellum
1777 1252 1909 1320 fuit,
1958 1254 2098 1303 Brut.
2139 1256 2208 1306 10
2231 1293 2244 1317 ,
2281 1256 2368 1307 41.

1423 1322 1487 1371 cl.
1523 1322 1584 1371 de
1615 1320 1700 1371 off.
1739 1321 1798 1386 3,
1824 1322 2026 1384 11,48.
2059 1351 2124 1360 --
2165 1324 2370 1383 Persae,

1424 1406 1579 1454 quum
1619 1390 1811 1440 bellum
1841 1394 1938 1441 toti
1971 1391 2246 1452 Graeciae,
2288 1393 2370 1442 dis

1423 1459 1813 1521 hominibusque
1834 1461 2138 1510 indixissent
2161 1470 2209 1510 et
2233 1462 2372 1511 mille

1425 1544 1634 1578 numero
1671 1530 1878 1577 navium
1911 1529 2126 1579 classem
2166 1531 2232 1579 ad
2275 1530 2374 1579 De·

1423 1597 1529 1646 lum
1584 1598 1936 1661 appulissent,
2006 1598 2146 1647 haud
2200 1600 2373 1648 conati

1425 1677 1542 1716 sunt
1586 1667 1865 1728 quidquam
1910 1675 1996 1715 aut
2032 1668 2232 1716 violare
2286 1678 2372 1717 aut

1423 1737 1688 1799 attingere,
1730 1735 1877 1787 Verr.
1910 1744 2130 1787 accusat.
2179 1737 2206 1786 1
2234 1773 2246 1795 ,
2285 1736 2367 1797 18,

1422 1803 1508 1855 49.
1548 1830 1616 1839 —-
1646 1804 1802 1867 Apud
1839 1804 2019 1855 Persas
2059 1812 2150 1854 aut
2191 1806 2244 1854 in
2282 1822 2368 1855 ex-

1421 1882 1582 1921 trema
1618 1872 1796 1932 India,
1851 1873 1923 1921 lb.
1973 1876 2033 1939 5,
2091 1872 2190 1932 64,
2249 1874 2364 1926 166.

1421 1969 1490 1977 -
1520 1943 1862 1992 Memorantur
1895 1943 2077 1992 Persae
2113 1943 2272 1992 etiam
2306 1944 2370 1992 de

1420 2011 1625 2075 harusp.
1671 2025 1807 2074 resp.
1857 2010 1953 2072 13,
2005 2009 2090 2060 28.
2145 2039 2219 2048 -
2274 2011 2372 2062 Ga-

1418 2080 1556 2129 binio
1577 2079 1807 2144 Syriam,
1845 2079 2207 2146 Babyloniam,
2251 2083 2372 2131 Per-

1420 2163 1505 2198 sas
1557 2149 1623 2198 ad
1658 2148 2000 2212 diripiendum
2051 2149 2269 2198 tradidit
2309 2150 2368 2202 P.

1421 2216 1628 2267 Clodius
1643 2254 1657 2278 ,
1693 2217 1756 2265 de
1778 2218 1925 2267 domo
1947 2232 2039 2266 sua
2062 2219 2147 2277 22,
2167 2217 2256 2269 60.
2301 2219 2366 2272 cl.

1417 2287 1486 2339 ib.
1516 2287 1602 2348 47,
1629 2285 1746 2335 124.
1865 2301 1872 2308 ·

1346 2353 1626 2404 Persaeus
1659 2353 1868 2414 CitieuS,
1902 2353 2122 2404 Zenonis
2145 2357 2365 2415 auditor,

1417 2439 1504 2472 eos
1524 2423 1646 2472 dicit
1664 2421 1864 2471 habitos
1887 2437 1999 2472 esse
2022 2423 2170 2486 deoS,
2204 2440 2235 2472 a
2256 2427 2369 2488 qui-

1415 2493 1511 2541 bus
1545 2505 1730 2555 magna
1761 2491 1954 2540 utilitas
1988 2491 2053 2540 ad
2091 2494 2232 2541 vitae
2260 2494 2368 2543 cul-

1416 2567 1524 2608 tum
1557 2567 1690 2608 essct
1725 2561 1958 2620 inventa,
2001 2562 2247 2623 ipsasque
2283 2577 2366 2612 res

1415 2629 1568 2678 utiles
1622 2635 1670 2676 et
1703 2628 1953 2678 salutares
2003 2628 2218 2679 deorum
2247 2645 2363 2680 esse

1415 2695 1678 2746 vocabulis
1693 2704 2008 2760 nuncupatas
2023 2705 2143 2760 etc„
2163 2699 2227 2748 de
2241 2714 2291 2748 n.
2313 2701 2361 2749 d.

1420 2766 1468 2824 l,
1493 2766 1573 2823 15,
1598 2763 1682 2815 38.

1346 2831 1603 2895 Perseis,
1640 2833 1826 2882 Oceani
1853 2831 1982 2890 filia,
2021 2849 2084 2882 ex
2106 2834 2226 2884 Sole
2255 2853 2362 2886 ma-

1415 2911 1491 2951 ter
1511 2901 1680 2951 Circes
1702 2901 2058 2966 etPasiphaeS‚
2083 2904 2146 2954 de
2169 2919 2221 2952 n.
2243 2905 2293 2954 d.
2311 2905 2360 2964 3,

1418 2969 1500 3030 19,
1521 2970 1605 3020 48.

1344 3037 1570 3104 Perses,
1604 3055 1702 3090 rex
1720 3039 2066 3098 Macedoniae,
2092 3040 2229 3090 filius
2241 3041 2357 3091 Phi-

1412 3108 1545 3173 lippi
1563 3109 1626 3159 V.
1653 3145 1667 3169 ,
1709 3123 1738 3157 a
1767 3109 1834 3160 L.
1855 3106 2036 3156 Paullo
2077 3110 2126 3157 vi
2157 3124 2219 3158 ac
2257 3113 2355 3160 vir-

1410 3184 1516 3226 tute
1569 3185 1837 3240 superatus
1895 3191 1940 3225 a.
1991 3192 2040 3227 u.
2105 3194 2152 3228 c.
2215 3178 2356 3243 587„

1409 3248 1554 3299 Verr.
1599 3253 1818 3297 accusat.
1873 3244 1940 3308 1,
1990 3245 2092 3306 21,
2145 3247 2232 3299 55.
2291 3274 2357 3283 —

1377 3322 1382 3325 ’
1410 3317 1594 3364 Perses
1649 3317 1800 3364 etiarn
1854 3311 2017 3362 classe
2081 3325 2353 3379 superatus

1408 3397 1436 3430 a
1475 3383 1748 3441 Romanis,
1788 3382 1849 3430 de
1883 3381 2008 3444 imp.
2053 3381 2142 3431 Cn.
2173 3385 2350 3448 Pomp.

1411 3450 1492 3509 18,
1513 3453 1597 3503 55.
1616 3450 1886 3498 —Persen
1923 3452 2110 3500 victum
2143 3455 2365 3503 nuncia·
