<?xml version="1.0" encoding="UTF-8"?>
<!DOCTYPE html PUBLIC "-//W3C//DTD XHTML 1.0 Transitional//EN"
    "http://www.w3.org/TR/xhtml1/DTD/xhtml1-transitional.dtd">
<html xmlns="http://www.w3.org/1999/xhtml" xml:lang="en" lang="en">
 <head>
  <title>
</title>
<meta http-equiv="Content-Type" content="text/html;charset=utf-8" />
  <meta name='ocr-system' content='tesseract 3.04.00' />
  <meta name='ocr-capabilities' content='ocr_page ocr_carea ocr_par ocr_line ocrx_word'/>
</head>
<body>
  <div class='ocr_page' id='page_1' title='image "./scriptaquaemans04mlgoog_0209.png"; bbox 0 0 2500 3850; ppageno 0'>
   <div class='ocr_carea' id='block_1_1' title="bbox 1061 205 2287 278">
    <p class='ocr_par' dir='ltr' id='par_1_1' title="bbox 1061 205 2287 278">
     <span class='ocr_line' id='line_1_1' title="bbox 1061 205 2287 278; baseline 0.007 -21"><span class='ocrx_word' id='word_1_1' title='bbox 1061 211 1408 278; x_wconf 64' lang='lat' dir='ltr'>mPPrrnn.</span> <span class='ocrx_word' id='word_1_2' title='bbox 2166 205 2287 266; x_wconf 85' lang='lat'>203</span> 
     </span>
    </p>
   </div>
   <div class='ocr_carea' id='block_1_2' title="bbox 268 364 1213 430">
    <p class='ocr_par' dir='ltr' id='par_1_2' title="bbox 268 364 1213 430">
     <span class='ocr_line' id='line_1_2' title="bbox 268 364 1213 430; baseline 0.002 -16"><span class='ocrx_word' id='word_1_3' title='bbox 268 373 433 414; x_wconf 85' lang='lat' dir='ltr'>rentes</span> <span class='ocrx_word' id='word_1_4' title='bbox 458 364 678 430; x_wconf 68' lang='lat' dir='ltr'>Dionysi</span> <span class='ocrx_word' id='word_1_5' title='bbox 696 365 889 427; x_wconf 83' lang='lat' dir='ltr'>quarti,</span> <span class='ocrx_word' id='word_1_6' title='bbox 930 365 993 414; x_wconf 86' lang='lat' dir='ltr'>de</span> <span class='ocrx_word' id='word_1_7' title='bbox 1011 380 1062 414; x_wconf 88' lang='lat' dir='ltr'>n.</span> <span class='ocrx_word' id='word_1_8' title='bbox 1088 367 1137 416; x_wconf 82' lang='lat' dir='ltr'>d.</span> <span class='ocrx_word' id='word_1_9' title='bbox 1162 365 1213 428; x_wconf 85' lang='lat'>3,</span> 
     </span>
    </p>
   </div>
   <div class='ocr_carea' id='block_1_3' title="bbox 269 433 1225 498">
    <p class='ocr_par' dir='ltr' id='par_1_3' title="bbox 269 433 1225 498">
     <span class='ocr_line' id='line_1_3' title="bbox 269 433 1225 498; baseline 0 -14"><span class='ocrx_word' id='word_1_10' title='bbox 269 435 353 492; x_wconf 88' lang='lat'>23,</span> <span class='ocrx_word' id='word_1_11' title='bbox 368 433 455 486; x_wconf 82' lang='lat'>58.</span> <span class='ocrx_word' id='word_1_12' title='bbox 476 461 540 472; x_wconf 90' lang='lat'>-—</span> <span class='ocrx_word' id='word_1_13' title='bbox 561 435 789 498; x_wconf 86' lang='lat' dir='ltr'>Iuppiter</span> <span class='ocrx_word' id='word_1_14' title='bbox 803 434 982 482; x_wconf 85' lang='lat' dir='ltr'>tertius</span> <span class='ocrx_word' id='word_1_15' title='bbox 1002 441 1051 482; x_wconf 87' lang='lat' dir='ltr'>et</span> <span class='ocrx_word' id='word_1_16' title='bbox 1065 435 1225 497; x_wconf 45' lang='lat' dir='ltr'>Maia,</span> 
     </span>
    </p>
   </div>
   <div class='ocr_carea' id='block_1_4' title="bbox 269 502 1213 1396">
    <p class='ocr_par' dir='ltr' id='par_1_4' title="bbox 269 502 1213 1396">
     <span class='ocr_line' id='line_1_4' title="bbox 269 502 1212 568; baseline 0.002 -16"><span class='ocrx_word' id='word_1_17' title='bbox 269 511 507 568; x_wconf 83' lang='lat' dir='ltr'>parentes</span> <span class='ocrx_word' id='word_1_18' title='bbox 526 503 764 552; x_wconf 83' lang='lat' dir='ltr'>Mercurii</span> <span class='ocrx_word' id='word_1_19' title='bbox 784 503 935 562; x_wconf 90' lang='lat' dir='ltr'>tertii,</span> <span class='ocrx_word' id='word_1_20' title='bbox 956 504 1032 554; x_wconf 88' lang='lat' dir='ltr'>lb.</span> <span class='ocrx_word' id='word_1_21' title='bbox 1056 502 1105 563; x_wconf 87' lang='lat'>3,</span> <span class='ocrx_word' id='word_1_22' title='bbox 1128 505 1212 564; x_wconf 90' lang='lat'>22,</span> 
     </span>
     <span class='ocr_line' id='line_1_5' title="bbox 270 571 1211 626; baseline -0.001 -3"><span class='ocrx_word' id='word_1_23' title='bbox 270 571 355 626; x_wconf 88' lang='grc'>56.</span> <span class='ocrx_word' id='word_1_24' title='bbox 376 573 597 622; x_wconf 86' lang='lat' dir='ltr'>—Iovis</span> <span class='ocrx_word' id='word_1_25' title='bbox 618 572 750 621; x_wconf 88' lang='lat' dir='ltr'>tertii</span> <span class='ocrx_word' id='word_1_26' title='bbox 767 579 816 620; x_wconf 88' lang='lat' dir='ltr'>et</span> <span class='ocrx_word' id='word_1_27' title='bbox 834 571 1057 622; x_wconf 84' lang='lat' dir='ltr'>Latonae</span> <span class='ocrx_word' id='word_1_28' title='bbox 1077 573 1211 622; x_wconf 84' lang='lat' dir='ltr'>filius</span> 
     </span>
     <span class='ocr_line' id='line_1_6' title="bbox 271 641 1210 706; baseline 0 -15"><span class='ocrx_word' id='word_1_29' title='bbox 271 641 457 706; x_wconf 81' lang='lat' dir='ltr'>Apollo</span> <span class='ocrx_word' id='word_1_30' title='bbox 502 643 712 704; x_wconf 76' lang='lat' dir='ltr'>tertiuS,</span> <span class='ocrx_word' id='word_1_31' title='bbox 776 641 880 690; x_wconf 86' lang='lat' dir='ltr'>filia</span> <span class='ocrx_word' id='word_1_32' title='bbox 917 641 1079 690; x_wconf 89' lang='lat' dir='ltr'>Diana</span> <span class='ocrx_word' id='word_1_33' title='bbox 1129 657 1210 691; x_wconf 91' lang='lat' dir='ltr'>se·</span> 
     </span>
     <span class='ocr_line' id='line_1_7' title="bbox 272 709 1208 770; baseline -0.001 -11"><span class='ocrx_word' id='word_1_34' title='bbox 272 711 463 770; x_wconf 81' lang='lat' dir='ltr'>cunda,</span> <span class='ocrx_word' id='word_1_35' title='bbox 501 711 574 760; x_wconf 86' lang='lat' dir='ltr'>lb.</span> <span class='ocrx_word' id='word_1_36' title='bbox 614 711 665 770; x_wconf 86' lang='lat'>3,</span> <span class='ocrx_word' id='word_1_37' title='bbox 706 709 789 770; x_wconf 86' lang='lat'>23,</span> <span class='ocrx_word' id='word_1_38' title='bbox 826 710 893 759; x_wconf 82' lang='lat'>57</span> <span class='ocrx_word' id='word_1_39' title='bbox 932 718 979 758; x_wconf 84' lang='lat' dir='ltr'>et</span> <span class='ocrx_word' id='word_1_40' title='bbox 1016 710 1100 760; x_wconf 87' lang='lat'>58.</span> <span class='ocrx_word' id='word_1_41' title='bbox 1142 738 1208 747; x_wconf 79' lang='lat'><em>-</em></span> 
     </span>
     <span class='ocr_line' id='line_1_8' title="bbox 269 779 1212 830; baseline 0.001 -2"><span class='ocrx_word' id='word_1_42' title='bbox 269 779 468 828; x_wconf 84' lang='lat' dir='ltr'>Tertius</span> <span class='ocrx_word' id='word_1_43' title='bbox 487 779 747 830; x_wconf 84' lang='lat' dir='ltr'><strong>Volcanus</strong></span> <span class='ocrx_word' id='word_1_44' title='bbox 768 795 831 828; x_wconf 82' lang='lat' dir='ltr'>ex</span> <span class='ocrx_word' id='word_1_45' title='bbox 853 780 999 828; x_wconf 87' lang='lat' dir='ltr'>tertio</span> <span class='ocrx_word' id='word_1_46' title='bbox 1025 781 1143 830; x_wconf 88' lang='lat' dir='ltr'>Iove</span> <span class='ocrx_word' id='word_1_47' title='bbox 1163 787 1212 829; x_wconf 87' lang='lat' dir='ltr'>et</span> 
     </span>
     <span class='ocr_line' id='line_1_9' title="bbox 270 848 1211 912; baseline 0.001 -15"><span class='ocrx_word' id='word_1_48' title='bbox 270 850 490 908; x_wconf 89' lang='lat' dir='ltr'>Iunone,</span> <span class='ocrx_word' id='word_1_49' title='bbox 531 849 605 897; x_wconf 85' lang='lat' dir='ltr'>lb.</span> <span class='ocrx_word' id='word_1_50' title='bbox 630 848 693 912; x_wconf 85' lang='lat'>3,</span> <span class='ocrx_word' id='word_1_51' title='bbox 716 849 809 906; x_wconf 87' lang='grc'>22,</span> <span class='ocrx_word' id='word_1_52' title='bbox 836 848 923 898; x_wconf 88' lang='grc'>55.</span> <span class='ocrx_word' id='word_1_53' title='bbox 947 875 1013 885; x_wconf 89' lang='grc'><strong>-</strong></span> <span class='ocrx_word' id='word_1_54' title='bbox 1033 849 1075 899; x_wconf 89' lang='grc' dir='ltr'><strong>Ε</strong></span> <span class='ocrx_word' id='word_1_55' title='bbox 1092 849 1211 898; x_wconf 86' lang='lat' dir='ltr'>Iove</span> 
     </span>
     <span class='ocr_line' id='line_1_10' title="bbox 269 918 1209 968; baseline -0.001 0"><span class='ocrx_word' id='word_1_56' title='bbox 269 919 419 968; x_wconf 86' lang='lat' dir='ltr'>tertio</span> <span class='ocrx_word' id='word_1_57' title='bbox 465 924 513 966; x_wconf 87' lang='lat' dir='ltr'>et</span> <span class='ocrx_word' id='word_1_58' title='bbox 548 918 689 968; x_wconf 91' lang='lat' dir='ltr'>Leda</span> <span class='ocrx_word' id='word_1_59' title='bbox 724 918 830 966; x_wconf 88' lang='lat' dir='ltr'>nati</span> <span class='ocrx_word' id='word_1_60' title='bbox 863 919 1075 968; x_wconf 82' lang='lat' dir='ltr'>secundi</span> <span class='ocrx_word' id='word_1_61' title='bbox 1110 918 1209 968; x_wconf 86' lang='lat' dir='ltr'>duo</span> 
     </span>
     <span class='ocr_line' id='line_1_11' title="bbox 272 985 1209 1050; baseline 0.005 -16"><span class='ocrx_word' id='word_1_62' title='bbox 272 986 523 1047; x_wconf 76' lang='lat' dir='ltr'>Dioscuri,</span> <span class='ocrx_word' id='word_1_63' title='bbox 566 985 744 1036; x_wconf 83' lang='lat' dir='ltr'>Castor</span> <span class='ocrx_word' id='word_1_64' title='bbox 762 995 811 1035; x_wconf 91' lang='lat' dir='ltr'>et</span> <span class='ocrx_word' id='word_1_65' title='bbox 829 986 1027 1050; x_wconf 86' lang='lat' dir='ltr'><strong>Pollux,</strong></span> <span class='ocrx_word' id='word_1_66' title='bbox 1062 986 1135 1035; x_wconf 90' lang='lat' dir='ltr'>lb.</span> <span class='ocrx_word' id='word_1_67' title='bbox 1160 988 1209 1046; x_wconf 86' lang='lat'>3,</span> 
     </span>
     <span class='ocr_line' id='line_1_12' title="bbox 270 1055 1211 1116; baseline -0.001 -10"><span class='ocrx_word' id='word_1_68' title='bbox 270 1055 357 1116; x_wconf 89' lang='grc'>21,</span> <span class='ocrx_word' id='word_1_69' title='bbox 381 1055 465 1106; x_wconf 87' lang='grc'>53.</span> <span class='ocrx_word' id='word_1_70' title='bbox 498 1083 563 1092; x_wconf 91' lang='lat'>—-</span> <span class='ocrx_word' id='word_1_71' title='bbox 598 1055 639 1103; x_wconf 87' lang='lat' dir='ltr'>E</span> <span class='ocrx_word' id='word_1_72' title='bbox 663 1057 781 1106; x_wconf 88' lang='lat' dir='ltr'>Iove</span> <span class='ocrx_word' id='word_1_73' title='bbox 815 1055 961 1104; x_wconf 84' lang='lat' dir='ltr'>tertio</span> <span class='ocrx_word' id='word_1_74' title='bbox 996 1064 1043 1104; x_wconf 90' lang='lat' dir='ltr'>et</span> <span class='ocrx_word' id='word_1_75' title='bbox 1074 1055 1211 1106; x_wconf 92' lang='lat' dir='ltr'>Mne-</span> 
     </span>
     <span class='ocr_line' id='line_1_13' title="bbox 270 1124 1213 1189; baseline 0 -17"><span class='ocrx_word' id='word_1_76' title='bbox 270 1139 481 1188; x_wconf 80' lang='lat' dir='ltr'>mosyne</span> <span class='ocrx_word' id='word_1_77' title='bbox 507 1133 798 1189; x_wconf 76' lang='lat' dir='ltr'>procreatae</span> <span class='ocrx_word' id='word_1_78' title='bbox 828 1124 1001 1173; x_wconf 84' lang='lat' dir='ltr'>Musae</span> <span class='ocrx_word' id='word_1_79' title='bbox 1032 1139 1213 1174; x_wconf 86' lang='lat' dir='ltr'>secun-</span> 
     </span>
     <span class='ocr_line' id='line_1_14' title="bbox 272 1192 1210 1258; baseline 0.002 -16"><span class='ocrx_word' id='word_1_80' title='bbox 272 1194 369 1242; x_wconf 84' lang='lat' dir='ltr'>dae</span> <span class='ocrx_word' id='word_1_81' title='bbox 389 1208 597 1253; x_wconf 88' lang='lat' dir='ltr'>novem,</span> <span class='ocrx_word' id='word_1_82' title='bbox 633 1193 706 1246; x_wconf 88' lang='lat' dir='ltr'>lb.</span> <span class='ocrx_word' id='word_1_83' title='bbox 732 1193 779 1254; x_wconf 84' lang='lat'>3,</span> <span class='ocrx_word' id='word_1_84' title='bbox 802 1192 886 1251; x_wconf 89' lang='lat'>21,</span> <span class='ocrx_word' id='word_1_85' title='bbox 910 1195 993 1244; x_wconf 88' lang='lat'>54.</span> <span class='ocrx_word' id='word_1_86' title='bbox 1014 1219 1084 1232; x_wconf 90' lang='lat'>--</span> <span class='ocrx_word' id='word_1_87' title='bbox 1107 1195 1210 1258; x_wconf 85' lang='lat' dir='ltr'>Ve-</span> 
     </span>
     <span class='ocr_line' id='line_1_15' title="bbox 270 1261 1212 1327; baseline 0.002 -17"><span class='ocrx_word' id='word_1_88' title='bbox 270 1271 354 1312; x_wconf 86' lang='lat' dir='ltr'>tus</span> <span class='ocrx_word' id='word_1_89' title='bbox 385 1261 511 1311; x_wconf 86' lang='lat' dir='ltr'>haec</span> <span class='ocrx_word' id='word_1_90' title='bbox 542 1263 713 1326; x_wconf 86' lang='lat' dir='ltr'>opinio</span> <span class='ocrx_word' id='word_1_91' title='bbox 742 1261 1001 1311; x_wconf 83' lang='lat' dir='ltr'>Graeciam</span> <span class='ocrx_word' id='word_1_92' title='bbox 1035 1261 1212 1327; x_wconf 86' lang='lat' dir='ltr'>opple-</span> 
     </span>
     <span class='ocr_line' id='line_1_16' title="bbox 270 1331 1213 1396; baseline 0.001 -17"><span class='ocrx_word' id='word_1_93' title='bbox 270 1332 369 1390; x_wconf 87' lang='lat' dir='ltr'>vit,</span> <span class='ocrx_word' id='word_1_94' title='bbox 403 1332 627 1380; x_wconf 84' lang='lat' dir='ltr'>vinctum</span> <span class='ocrx_word' id='word_1_95' title='bbox 662 1331 934 1381; x_wconf 84' lang='lat' dir='ltr'>Saturnum</span> <span class='ocrx_word' id='word_1_96' title='bbox 973 1333 1141 1396; x_wconf 86' lang='lat' dir='ltr'>ipsum</span> <span class='ocrx_word' id='word_1_97' title='bbox 1182 1347 1213 1380; x_wconf 90' lang='lat' dir='ltr'>a</span> 
     </span>
    </p>
   </div>
   <div class='ocr_carea' id='block_1_5' title="bbox 270 1399 1211 1463">
    <p class='ocr_par' dir='ltr' id='par_1_5' title="bbox 270 1399 1211 1463">
     <span class='ocr_line' id='line_1_17' title="bbox 270 1399 1211 1463; baseline 0.002 -15"><span class='ocrx_word' id='word_1_98' title='bbox 270 1399 376 1449; x_wconf 87' lang='lat' dir='ltr'>filio</span> <span class='ocrx_word' id='word_1_99' title='bbox 395 1401 537 1463; x_wconf 86' lang='lat' dir='ltr'>Iove,</span> <span class='ocrx_word' id='word_1_100' title='bbox 579 1401 653 1450; x_wconf 88' lang='lat' dir='ltr'>lb.</span> <span class='ocrx_word' id='word_1_101' title='bbox 676 1401 725 1461; x_wconf 88' lang='grc'>2,</span> <span class='ocrx_word' id='word_1_102' title='bbox 746 1401 831 1462; x_wconf 89' lang='grc'>24,</span> <span class='ocrx_word' id='word_1_103' title='bbox 854 1399 939 1450; x_wconf 88' lang='grc'>63.</span> <span class='ocrx_word' id='word_1_104' title='bbox 983 1425 1043 1436; x_wconf 90' lang='grc'><strong>-</strong></span> <span class='ocrx_word' id='word_1_105' title='bbox 1078 1403 1211 1450; x_wconf 89' lang='lat' dir='ltr'>Iovis</span> 
     </span>
    </p>
   </div>
   <div class='ocr_carea' id='block_1_6' title="bbox 186 1468 1211 1519">
    <p class='ocr_par' dir='ltr' id='par_1_6' title="bbox 186 1468 1211 1519">
     <span class='ocr_line' id='line_1_18' title="bbox 186 1468 1211 1519; baseline 0 -1"><span class='ocrx_word' id='word_1_106' title='bbox 186 1494 197 1498; x_wconf 87' lang='lat'>-</span> <span class='ocrx_word' id='word_1_107' title='bbox 274 1469 339 1519; x_wconf 87' lang='lat' dir='ltr'>de</span> <span class='ocrx_word' id='word_1_108' title='bbox 390 1468 535 1518; x_wconf 86' lang='lat' dir='ltr'>Creta</span> <span class='ocrx_word' id='word_1_109' title='bbox 589 1470 755 1518; x_wconf 87' lang='lat' dir='ltr'>insula</span> <span class='ocrx_word' id='word_1_110' title='bbox 803 1477 1056 1518; x_wconf 83' lang='lat' dir='ltr'>certamen</span> <span class='ocrx_word' id='word_1_111' title='bbox 1098 1485 1211 1518; x_wconf 88' lang='lat' dir='ltr'>cum</span> 
     </span>
    </p>
   </div>
   <div class='ocr_carea' id='block_1_7' title="bbox 270 1537 1210 1741">
    <p class='ocr_par' dir='ltr' id='par_1_7' title="bbox 270 1537 1210 1741">
     <span class='ocr_line' id='line_1_19' title="bbox 270 1537 1207 1603; baseline -0.002 -16"><span class='ocrx_word' id='word_1_112' title='bbox 270 1539 514 1603; x_wconf 84' lang='lat' dir='ltr'><strong>Apolline</strong></span> <span class='ocrx_word' id='word_1_113' title='bbox 532 1539 785 1598; x_wconf 79' lang='lat' dir='ltr'>secunde,</span> <span class='ocrx_word' id='word_1_114' title='bbox 824 1539 897 1588; x_wconf 90' lang='lat' dir='ltr'>lb.</span> <span class='ocrx_word' id='word_1_115' title='bbox 920 1537 951 1589; x_wconf 90' lang='lat'><strong>3</strong></span> <span class='ocrx_word' id='word_1_116' title='bbox 968 1576 983 1600; x_wconf 88' lang='lat'>,</span> <span class='ocrx_word' id='word_1_117' title='bbox 1005 1537 1071 1588; x_wconf 89' lang='grc'>23</span> <span class='ocrx_word' id='word_1_118' title='bbox 1088 1575 1101 1598; x_wconf 95' lang='grc'>,</span> <span class='ocrx_word' id='word_1_119' title='bbox 1122 1539 1207 1588; x_wconf 88' lang='grc'>57.</span> 
     </span>
     <span class='ocr_line' id='line_1_20' title="bbox 272 1608 1210 1673; baseline -0.001 -16"><span class='ocrx_word' id='word_1_120' title='bbox 272 1608 591 1673; x_wconf 85' lang='lat' dir='ltr'>-Iuppiter</span> <span class='ocrx_word' id='word_1_121' title='bbox 624 1609 735 1657; x_wconf 86' lang='lat' dir='ltr'>sive</span> <span class='ocrx_word' id='word_1_122' title='bbox 764 1609 955 1670; x_wconf 74' lang='lat' dir='ltr'>Minoa,</span> <span class='ocrx_word' id='word_1_123' title='bbox 991 1608 1054 1657; x_wconf 83' lang='lat' dir='ltr'>de</span> <span class='ocrx_word' id='word_1_124' title='bbox 1074 1609 1210 1658; x_wconf 82' lang='lat' dir='ltr'>Iovis</span> 
     </span>
     <span class='ocr_line' id='line_1_21' title="bbox 273 1676 1202 1741; baseline -0.001 -14"><span class='ocrx_word' id='word_1_125' title='bbox 273 1678 481 1740; x_wconf 86' lang='lat' dir='ltr'>quidem</span> <span class='ocrx_word' id='word_1_126' title='bbox 515 1677 791 1738; x_wconf 80' lang='lat' dir='ltr'>sententia,</span> <span class='ocrx_word' id='word_1_127' title='bbox 828 1685 883 1726; x_wconf 91' lang='lat' dir='ltr'>ut</span> <span class='ocrx_word' id='word_1_128' title='bbox 920 1679 1101 1741; x_wconf 64' lang='lat' dir='ltr'>poetae</span> <span class='ocrx_word' id='word_1_129' title='bbox 1135 1676 1202 1727; x_wconf 81' lang='lat' dir='ltr'>fe-</span> 
     </span>
    </p>
   </div>
   <div class='ocr_carea' id='block_1_8' title="bbox 270 1745 1237 1811">
    <p class='ocr_par' dir='ltr' id='par_1_8' title="bbox 270 1745 1237 1811">
     <span class='ocr_line' id='line_1_22' title="bbox 270 1745 1237 1811; baseline 0.002 -15"><span class='ocrx_word' id='word_1_130' title='bbox 270 1754 407 1806; x_wconf 87' lang='lat' dir='ltr'>runt,</span> <span class='ocrx_word' id='word_1_131' title='bbox 446 1746 646 1797; x_wconf 83' lang='lat' dir='ltr'>Cretum</span> <span class='ocrx_word' id='word_1_132' title='bbox 671 1745 811 1811; x_wconf 81' lang='lat' dir='ltr'>leges</span> <span class='ocrx_word' id='word_1_133' title='bbox 840 1747 1028 1808; x_wconf 77' lang='lat' dir='ltr'>sanxit,</span> <span class='ocrx_word' id='word_1_134' title='bbox 1050 1745 1205 1798; x_wconf 85' lang='lat' dir='ltr'>Tusc.</span> <span class='ocrx_word' id='word_1_135' title='bbox 1228 1745 1237 1752; x_wconf 79' lang='grc'><strong><em>’</em></strong></span> 
     </span>
    </p>
   </div>
   <div class='ocr_carea' id='block_1_9' title="bbox 204 1815 1213 3539">
    <p class='ocr_par' dir='ltr' id='par_1_9' title="bbox 204 1815 1213 3539">
     <span class='ocr_line' id='line_1_23' title="bbox 272 1815 1211 1876; baseline 0 -12"><span class='ocrx_word' id='word_1_136' title='bbox 272 1817 326 1876; x_wconf 88' lang='grc'>2,</span> <span class='ocrx_word' id='word_1_137' title='bbox 347 1815 429 1876; x_wconf 89' lang='grc'>14,</span> <span class='ocrx_word' id='word_1_138' title='bbox 450 1815 533 1868; x_wconf 87' lang='grc'>34.</span> <span class='ocrx_word' id='word_1_139' title='bbox 556 1841 621 1852; x_wconf 88' lang='lat'>-——</span> <span class='ocrx_word' id='word_1_140' title='bbox 642 1815 874 1864; x_wconf 78' lang='lat' dir='ltr'><strong>Athletae</strong></span> <span class='ocrx_word' id='word_1_141' title='bbox 898 1829 953 1864; x_wconf 88' lang='lat' dir='ltr'>se</span> <span class='ocrx_word' id='word_1_142' title='bbox 974 1821 1211 1864; x_wconf 81' lang='lat' dir='ltr'>exercent</span> 
     </span>
     <span class='ocr_line' id='line_1_24' title="bbox 270 1882 1212 1951; baseline 0.002 -18"><span class='ocrx_word' id='word_1_143' title='bbox 270 1885 383 1934; x_wconf 88' lang='lat' dir='ltr'>Iovi</span> <span class='ocrx_word' id='word_1_144' title='bbox 415 1883 665 1951; x_wconf 75' lang='lat' dir='ltr'>Olympio,</span> <span class='ocrx_word' id='word_1_145' title='bbox 704 1885 779 1934; x_wconf 92' lang='lat' dir='ltr'>Ib.</span> <span class='ocrx_word' id='word_1_146' title='bbox 804 1885 853 1950; x_wconf 88' lang='lat'>2,</span> <span class='ocrx_word' id='word_1_147' title='bbox 894 1884 975 1941; x_wconf 90' lang='grc'>17,</span> <span class='ocrx_word' id='word_1_148' title='bbox 1019 1882 1104 1935; x_wconf 98' lang='grc'>40.</span> <span class='ocrx_word' id='word_1_149' title='bbox 1138 1911 1212 1925; x_wconf 91' lang='lat'>·-·</span> 
     </span>
     <span class='ocr_line' id='line_1_25' title="bbox 272 1954 1209 2019; baseline 0.001 -16"><span class='ocrx_word' id='word_1_150' title='bbox 272 1955 502 2017; x_wconf 87' lang='lat' dir='ltr'>Iuppiter</span> <span class='ocrx_word' id='word_1_151' title='bbox 531 1963 689 2015; x_wconf 81' lang='lat' dir='ltr'>nutu,</span> <span class='ocrx_word' id='word_1_152' title='bbox 738 1961 792 2003; x_wconf 90' lang='lat' dir='ltr'>ut</span> <span class='ocrx_word' id='word_1_153' title='bbox 830 1954 902 2003; x_wconf 89' lang='lat' dir='ltr'>ait</span> <span class='ocrx_word' id='word_1_154' title='bbox 940 1956 1209 2019; x_wconf 79' lang='lat' dir='ltr'>Homerus,</span> 
     </span>
     <span class='ocr_line' id='line_1_26' title="bbox 270 2022 1211 2089; baseline 0.002 -18"><span class='ocrx_word' id='word_1_155' title='bbox 270 2030 433 2072; x_wconf 84' lang='lat' dir='ltr'>totum</span> <span class='ocrx_word' id='word_1_156' title='bbox 458 2022 724 2089; x_wconf 73' lang='lat' dir='ltr'>Olympum</span> <span class='ocrx_word' id='word_1_157' title='bbox 765 2025 1109 2088; x_wconf 86' lang='lat' dir='ltr'>convertebat,</span> <span class='ocrx_word' id='word_1_158' title='bbox 1149 2024 1211 2073; x_wconf 86' lang='lat' dir='ltr'>de</span> 
     </span>
     <span class='ocr_line' id='line_1_27' title="bbox 270 2091 1209 2156; baseline 0.004 -17"><span class='ocrx_word' id='word_1_159' title='bbox 270 2107 315 2139; x_wconf 86' lang='lat' dir='ltr'>r.</span> <span class='ocrx_word' id='word_1_160' title='bbox 334 2107 386 2156; x_wconf 87' lang='lat' dir='ltr'>p.</span> <span class='ocrx_word' id='word_1_161' title='bbox 411 2092 458 2155; x_wconf 91' lang='lat'>1,</span> <span class='ocrx_word' id='word_1_162' title='bbox 481 2092 565 2153; x_wconf 82' lang='lat'>36,</span> <span class='ocrx_word' id='word_1_163' title='bbox 597 2092 681 2143; x_wconf 88' lang='grc'>56.</span> <span class='ocrx_word' id='word_1_164' title='bbox 726 2118 794 2129; x_wconf 92' lang='lat'>—-</span> <span class='ocrx_word' id='word_1_165' title='bbox 829 2094 965 2143; x_wconf 87' lang='lat' dir='ltr'>Iovis</span> <span class='ocrx_word' id='word_1_166' title='bbox 984 2091 1209 2155; x_wconf 68' lang='lat' dir='ltr'>satelleS,</span> 
     </span>
     <span class='ocr_line' id='line_1_28' title="bbox 270 2160 1208 2225; baseline 0.004 -16"><span class='ocrx_word' id='word_1_167' title='bbox 270 2162 305 2213; x_wconf 89' lang='lat' dir='ltr'>i.</span> <span class='ocrx_word' id='word_1_168' title='bbox 326 2177 372 2209; x_wconf 89' lang='lat' dir='ltr'>e.</span> <span class='ocrx_word' id='word_1_169' title='bbox 396 2160 590 2223; x_wconf 86' lang='lat' dir='ltr'>aquila,</span> <span class='ocrx_word' id='word_1_170' title='bbox 622 2162 685 2211; x_wconf 86' lang='lat' dir='ltr'>de</span> <span class='ocrx_word' id='word_1_171' title='bbox 705 2162 861 2211; x_wconf 87' lang='lat' dir='ltr'>divin.</span> <span class='ocrx_word' id='word_1_172' title='bbox 886 2162 913 2211; x_wconf 93' lang='lat'>1</span> <span class='ocrx_word' id='word_1_173' title='bbox 931 2197 947 2225; x_wconf 91' lang='lat'><strong><em>‚</em></strong></span> <span class='ocrx_word' id='word_1_174' title='bbox 970 2163 1065 2222; x_wconf 87' lang='grc'><strong>47,</strong></span> <span class='ocrx_word' id='word_1_175' title='bbox 1089 2161 1208 2213; x_wconf 92' lang='grc'><strong>106.</strong></span> 
     </span>
     <span class='ocr_line' id='line_1_29' title="bbox 271 2230 1213 2291; baseline 0.003 -13"><span class='ocrx_word' id='word_1_176' title='bbox 271 2256 339 2265; x_wconf 84' lang='lat'>-—</span> <span class='ocrx_word' id='word_1_177' title='bbox 358 2236 393 2277; x_wconf 85' lang='lat' dir='ltr'><strong>A</strong></span> <span class='ocrx_word' id='word_1_178' title='bbox 405 2246 493 2279; x_wconf 85' lang='lat' dir='ltr'>ves</span> <span class='ocrx_word' id='word_1_179' title='bbox 514 2230 859 2280; x_wconf 85' lang='lat' dir='ltr'>internunciae</span> <span class='ocrx_word' id='word_1_180' title='bbox 877 2232 1031 2291; x_wconf 79' lang='lat' dir='ltr'>IoviS,</span> <span class='ocrx_word' id='word_1_181' title='bbox 1052 2232 1116 2281; x_wconf 86' lang='lat' dir='ltr'>de</span> <span class='ocrx_word' id='word_1_182' title='bbox 1136 2232 1213 2281; x_wconf 80' lang='lat' dir='ltr'>di-</span> 
     </span>
     <span class='ocr_line' id='line_1_30' title="bbox 272 2297 1207 2360; baseline 0.002 -13"><span class='ocrx_word' id='word_1_183' title='bbox 272 2300 381 2349; x_wconf 86' lang='lat' dir='ltr'>vin.</span> <span class='ocrx_word' id='word_1_184' title='bbox 400 2300 451 2360; x_wconf 89' lang='lat'>2,</span> <span class='ocrx_word' id='word_1_185' title='bbox 473 2298 561 2357; x_wconf 86' lang='lat'>34,</span> <span class='ocrx_word' id='word_1_186' title='bbox 586 2300 670 2351; x_wconf 89' lang='grc'><strong>72.</strong></span> <span class='ocrx_word' id='word_1_187' title='bbox 695 2306 743 2349; x_wconf 84' lang='lat' dir='ltr'>et</span> <span class='ocrx_word' id='word_1_188' title='bbox 764 2297 850 2358; x_wconf 83' lang='lat'>35,</span> <span class='ocrx_word' id='word_1_189' title='bbox 876 2299 963 2351; x_wconf 90' lang='grc'><strong>73.</strong></span> <span class='ocrx_word' id='word_1_190' title='bbox 986 2327 1051 2336; x_wconf 86' lang='lat'><em>-</em></span> <span class='ocrx_word' id='word_1_191' title='bbox 1072 2302 1207 2350; x_wconf 82' lang='lat' dir='ltr'>Iovis</span> 
     </span>
     <span class='ocr_line' id='line_1_31' title="bbox 274 2368 1207 2433; baseline 0.002 -16"><span class='ocrx_word' id='word_1_192' title='bbox 274 2376 378 2433; x_wconf 88' lang='lat' dir='ltr'>opt.</span> <span class='ocrx_word' id='word_1_193' title='bbox 420 2382 557 2419; x_wconf 69' lang='lat' dir='ltr'>mair.</span> <span class='ocrx_word' id='word_1_194' title='bbox 602 2368 879 2419; x_wconf 82' lang='lat' dir='ltr'>consiliarii</span> <span class='ocrx_word' id='word_1_195' title='bbox 920 2377 1071 2433; x_wconf 85' lang='lat' dir='ltr'>atque</span> <span class='ocrx_word' id='word_1_196' title='bbox 1118 2370 1207 2419; x_wconf 82' lang='lat' dir='ltr'>ad·</span> 
     </span>
     <span class='ocr_line' id='line_1_32' title="bbox 270 2437 1208 2503; baseline 0.003 -17"><span class='ocrx_word' id='word_1_197' title='bbox 270 2437 491 2487; x_wconf 86' lang='lat' dir='ltr'>ministri</span> <span class='ocrx_word' id='word_1_198' title='bbox 530 2452 749 2502; x_wconf 84' lang='lat' dir='ltr'>augures</span> <span class='ocrx_word' id='word_1_199' title='bbox 760 2473 781 2498; x_wconf 87' lang='lat'><em>‚</em></span> <span class='ocrx_word' id='word_1_200' title='bbox 812 2437 875 2487; x_wconf 82' lang='lat' dir='ltr'>de</span> <span class='ocrx_word' id='word_1_201' title='bbox 912 2438 1013 2503; x_wconf 83' lang='lat' dir='ltr'>leg.</span> <span class='ocrx_word' id='word_1_202' title='bbox 1039 2437 1089 2498; x_wconf 87' lang='lat'>3,</span> <span class='ocrx_word' id='word_1_203' title='bbox 1126 2438 1208 2501; x_wconf 85' lang='lat'>19,</span> 
     </span>
     <span class='ocr_line' id='line_1_33' title="bbox 270 2506 1211 2571; baseline 0 -16"><span class='ocrx_word' id='word_1_204' title='bbox 270 2506 357 2557; x_wconf 82' lang='lat'>43.</span> <span class='ocrx_word' id='word_1_205' title='bbox 391 2532 457 2541; x_wconf 93' lang='lat'>—-</span> <span class='ocrx_word' id='word_1_206' title='bbox 493 2506 733 2571; x_wconf 82' lang='lat' dir='ltr'>Augures</span> <span class='ocrx_word' id='word_1_207' title='bbox 777 2522 951 2557; x_wconf 87' lang='lat' dir='ltr'>omnes</span> <span class='ocrx_word' id='word_1_208' title='bbox 986 2522 1149 2569; x_wconf 83' lang='lat' dir='ltr'>usque</span> <span class='ocrx_word' id='word_1_209' title='bbox 1178 2522 1211 2555; x_wconf 92' lang='lat' dir='ltr'>a</span> 
     </span>
     <span class='ocr_line' id='line_1_34' title="bbox 272 2574 1204 2627; baseline -0.002 -2"><span class='ocrx_word' id='word_1_210' title='bbox 272 2574 490 2625; x_wconf 87' lang='lat' dir='ltr'>Romulo</span> <span class='ocrx_word' id='word_1_211' title='bbox 542 2576 873 2627; x_wconf 84' lang='lat' dir='ltr'>decreverunt</span> <span class='ocrx_word' id='word_1_212' title='bbox 931 2577 1051 2626; x_wconf 88' lang='lat' dir='ltr'>Iove</span> <span class='ocrx_word' id='word_1_213' title='bbox 1103 2575 1204 2625; x_wconf 81' lang='lat' dir='ltr'>ful-</span> 
     </span>
     <span class='ocr_line' id='line_1_35' title="bbox 270 2645 1206 2710; baseline 0.001 -17"><span class='ocrx_word' id='word_1_214' title='bbox 270 2651 422 2709; x_wconf 81' lang='lat' dir='ltr'>gente</span> <span class='ocrx_word' id='word_1_215' title='bbox 443 2658 555 2693; x_wconf 89' lang='lat' dir='ltr'>cum</span> <span class='ocrx_word' id='word_1_216' title='bbox 578 2646 771 2709; x_wconf 90' lang='lat' dir='ltr'>populo</span> <span class='ocrx_word' id='word_1_217' title='bbox 794 2646 883 2710; x_wconf 85' lang='lat' dir='ltr'>agi</span> <span class='ocrx_word' id='word_1_218' title='bbox 904 2645 1048 2695; x_wconf 76' lang='lat' dir='ltr'>nefas</span> <span class='ocrx_word' id='word_1_219' title='bbox 1078 2660 1206 2710; x_wconf 84' lang='lat' dir='ltr'>esse,</span> 
     </span>
     <span class='ocr_line' id='line_1_36' title="bbox 270 2713 1211 2777; baseline 0.002 -16"><span class='ocrx_word' id='word_1_220' title='bbox 270 2716 323 2762; x_wconf 88' lang='lat' dir='ltr'>in</span> <span class='ocrx_word' id='word_1_221' title='bbox 344 2713 604 2763; x_wconf 80' lang='lat' dir='ltr'>Vatinium</span> <span class='ocrx_word' id='word_1_222' title='bbox 637 2714 701 2777; x_wconf 88' lang='lat'>8,</span> <span class='ocrx_word' id='word_1_223' title='bbox 737 2713 824 2764; x_wconf 87' lang='grc'><strong>20.</strong></span> <span class='ocrx_word' id='word_1_224' title='bbox 873 2740 936 2750; x_wconf 87' lang='lat'>—-</span> <span class='ocrx_word' id='word_1_225' title='bbox 973 2715 1093 2764; x_wconf 84' lang='lat' dir='ltr'>Iove</span> <span class='ocrx_word' id='word_1_226' title='bbox 1132 2722 1211 2763; x_wconf 90' lang='lat' dir='ltr'>to-</span> 
     </span>
     <span class='ocr_line' id='line_1_37' title="bbox 270 2782 1212 2850; baseline 0 -19"><span class='ocrx_word' id='word_1_227' title='bbox 270 2791 425 2831; x_wconf 80' lang='lat' dir='ltr'>nante</span> <span class='ocrx_word' id='word_1_228' title='bbox 443 2818 457 2840; x_wconf 93' lang='lat'>,</span> <span class='ocrx_word' id='word_1_229' title='bbox 497 2782 789 2850; x_wconf 76' lang='lat' dir='ltr'>fulgurante</span> <span class='ocrx_word' id='word_1_230' title='bbox 808 2784 1011 2832; x_wconf 83' lang='lat' dir='ltr'>coniitia</span> <span class='ocrx_word' id='word_1_231' title='bbox 1030 2782 1212 2848; x_wconf 88' lang='lat' dir='ltr'>populi</span> 
     </span>
     <span class='ocr_line' id='line_1_38' title="bbox 269 2852 1213 2917; baseline -0.001 -16"><span class='ocrx_word' id='word_1_232' title='bbox 269 2852 459 2901; x_wconf 88' lang='lat' dir='ltr'>habere</span> <span class='ocrx_word' id='word_1_233' title='bbox 488 2852 631 2903; x_wconf 79' lang='lat' dir='ltr'>nefas</span> <span class='ocrx_word' id='word_1_234' title='bbox 653 2854 834 2903; x_wconf 82' lang='lat' dir='ltr'>dicitur</span> <span class='ocrx_word' id='word_1_235' title='bbox 873 2854 924 2901; x_wconf 90' lang='lat' dir='ltr'>in</span> <span class='ocrx_word' id='word_1_236' title='bbox 954 2852 1213 2917; x_wconf 82' lang='lat' dir='ltr'>augurali-</span> 
     </span>
     <span class='ocr_line' id='line_1_39' title="bbox 269 2921 1209 2985; baseline 0.002 -16"><span class='ocrx_word' id='word_1_237' title='bbox 269 2921 367 2969; x_wconf 87' lang='lat' dir='ltr'>bus</span> <span class='ocrx_word' id='word_1_238' title='bbox 418 2922 823 2984; x_wconf 72' lang='lat' dir='ltr'>commentariiS,</span> <span class='ocrx_word' id='word_1_239' title='bbox 866 2922 929 2971; x_wconf 89' lang='lat' dir='ltr'>de</span> <span class='ocrx_word' id='word_1_240' title='bbox 964 2922 1123 2972; x_wconf 86' lang='lat' dir='ltr'>divin.</span> <span class='ocrx_word' id='word_1_241' title='bbox 1156 2923 1209 2985; x_wconf 78' lang='lat'>2,</span> 
     </span>
     <span class='ocr_line' id='line_1_40' title="bbox 273 2989 1207 3054; baseline 0.003 -16"><span class='ocrx_word' id='word_1_242' title='bbox 273 2989 365 3054; x_wconf 85' lang='lat'>18,</span> <span class='ocrx_word' id='word_1_243' title='bbox 388 2990 475 3039; x_wconf 89' lang='lat'>42.</span> <span class='ocrx_word' id='word_1_244' title='bbox 515 3018 582 3026; x_wconf 91' lang='lat'>—</span> <span class='ocrx_word' id='word_1_245' title='bbox 619 2992 754 3041; x_wconf 87' lang='lat' dir='ltr'>Iovis</span> <span class='ocrx_word' id='word_1_246' title='bbox 780 2990 999 3052; x_wconf 86' lang='lat' dir='ltr'>fulmen,</span> <span class='ocrx_word' id='word_1_247' title='bbox 1041 2992 1116 3041; x_wconf 81' lang='lat' dir='ltr'>lb.</span> <span class='ocrx_word' id='word_1_248' title='bbox 1156 2992 1207 3051; x_wconf 90' lang='grc'>2,</span> 
     </span>
     <span class='ocr_line' id='line_1_41' title="bbox 274 3056 1209 3124; baseline 0.001 -17"><span class='ocrx_word' id='word_1_249' title='bbox 274 3056 365 3119; x_wconf 89' lang='grc'>18,</span> <span class='ocrx_word' id='word_1_250' title='bbox 404 3057 489 3109; x_wconf 87' lang='grc'>43.</span> <span class='ocrx_word' id='word_1_251' title='bbox 531 3084 600 3095; x_wconf 92' lang='grc'><strong>-</strong></span> <span class='ocrx_word' id='word_1_252' title='bbox 636 3060 863 3124; x_wconf 86' lang='lat' dir='ltr'>Iuppiter</span> <span class='ocrx_word' id='word_1_253' title='bbox 883 3061 994 3124; x_wconf 84' lang='lat' dir='ltr'>ipse</span> <span class='ocrx_word' id='word_1_254' title='bbox 1013 3060 1110 3109; x_wconf 90' lang='lat' dir='ltr'>hoc</span> <span class='ocrx_word' id='word_1_255' title='bbox 1129 3060 1209 3108; x_wconf 86' lang='lat' dir='ltr'>ius</span> 
     </span>
     <span class='ocr_line' id='line_1_42' title="bbox 270 3127 1206 3194; baseline 0.005 -18"><span class='ocrx_word' id='word_1_256' title='bbox 270 3128 442 3177; x_wconf 81' lang='lat' dir='ltr'>sanxit</span> <span class='ocrx_word' id='word_1_257' title='bbox 455 3164 469 3187; x_wconf 94' lang='lat'>,</span> <span class='ocrx_word' id='word_1_258' title='bbox 506 3136 563 3177; x_wconf 86' lang='lat' dir='ltr'>ut</span> <span class='ocrx_word' id='word_1_259' title='bbox 584 3130 751 3179; x_wconf 84' lang='lat' dir='ltr'>omnia</span> <span class='ocrx_word' id='word_1_260' title='bbox 770 3165 782 3185; x_wconf 92' lang='lat'><strong><em>‚</em></strong></span> <span class='ocrx_word' id='word_1_261' title='bbox 821 3144 951 3190; x_wconf 87' lang='lat' dir='ltr'>quae</span> <span class='ocrx_word' id='word_1_262' title='bbox 968 3130 1044 3179; x_wconf 91' lang='lat' dir='ltr'>rei</span> <span class='ocrx_word' id='word_1_263' title='bbox 1064 3127 1206 3194; x_wconf 84' lang='lat' dir='ltr'>publ.</span> 
     </span>
     <span class='ocr_line' id='line_1_43' title="bbox 271 3194 1207 3263; baseline 0 -18"><span class='ocrx_word' id='word_1_264' title='bbox 271 3194 501 3245; x_wconf 84' lang='lat' dir='ltr'>salubria</span> <span class='ocrx_word' id='word_1_265' title='bbox 518 3206 687 3247; x_wconf 82' lang='lat' dir='ltr'>essent</span> <span class='ocrx_word' id='word_1_266' title='bbox 701 3235 717 3262; x_wconf 90' lang='lat'>,</span> <span class='ocrx_word' id='word_1_267' title='bbox 756 3196 985 3263; x_wconf 78' lang='lat' dir='ltr'>legitima</span> <span class='ocrx_word' id='word_1_268' title='bbox 1006 3205 1054 3247; x_wconf 89' lang='lat' dir='ltr'>et</span> <span class='ocrx_word' id='word_1_269' title='bbox 1075 3199 1207 3247; x_wconf 84' lang='lat' dir='ltr'>iusta</span> 
     </span>
     <span class='ocr_line' id='line_1_44' title="bbox 204 3264 1205 3331; baseline 0.004 -18"><span class='ocrx_word' id='word_1_270' title='bbox 204 3275 215 3287; x_wconf 79' lang='grc'><em>“</em></span> <span class='ocrx_word' id='word_1_271' title='bbox 268 3264 601 3326; x_wconf 85' lang='lat' dir='ltr'>haberentur,</span> <span class='ocrx_word' id='word_1_272' title='bbox 635 3266 855 3331; x_wconf 80' lang='lat' dir='ltr'>Philipp.</span> <span class='ocrx_word' id='word_1_273' title='bbox 883 3267 972 3329; x_wconf 95' lang='grc'>11,</span> <span class='ocrx_word' id='word_1_274' title='bbox 1003 3266 1099 3330; x_wconf 90' lang='grc'>12,</span> <span class='ocrx_word' id='word_1_275' title='bbox 1120 3266 1205 3317; x_wconf 92' lang='grc'>28.</span> 
     </span>
     <span class='ocr_line' id='line_1_45' title="bbox 268 3334 1209 3400; baseline -0.001 -17"><span class='ocrx_word' id='word_1_276' title='bbox 268 3358 338 3371; x_wconf 91' lang='lat'>-·</span> <span class='ocrx_word' id='word_1_277' title='bbox 374 3334 422 3383; x_wconf 81' lang='lat' dir='ltr'>A</span> <span class='ocrx_word' id='word_1_278' title='bbox 456 3335 579 3385; x_wconf 87' lang='lat' dir='ltr'>Iove</span> <span class='ocrx_word' id='word_1_279' title='bbox 611 3336 797 3400; x_wconf 80' lang='lat' dir='ltr'>vulgus</span> <span class='ocrx_word' id='word_1_280' title='bbox 830 3338 1028 3385; x_wconf 88' lang='lat' dir='ltr'>somnia</span> <span class='ocrx_word' id='word_1_281' title='bbox 1064 3341 1209 3398; x_wconf 87' lang='lat' dir='ltr'>putat</span> 
     </span>
     <span class='ocr_line' id='line_1_46' title="bbox 268 3400 1204 3467; baseline 0.005 -17"><span class='ocrx_word' id='word_1_282' title='bbox 268 3400 499 3453; x_wconf 85' lang='lat' dir='ltr'>homines</span> <span class='ocrx_word' id='word_1_283' title='bbox 518 3405 677 3465; x_wconf 87' lang='lat' dir='ltr'>mitti,</span> <span class='ocrx_word' id='word_1_284' title='bbox 699 3405 763 3454; x_wconf 83' lang='lat' dir='ltr'>de</span> <span class='ocrx_word' id='word_1_285' title='bbox 782 3418 833 3457; x_wconf 87' lang='lat' dir='ltr'>n.</span> <span class='ocrx_word' id='word_1_286' title='bbox 861 3405 913 3457; x_wconf 77' lang='lat' dir='ltr'>d.</span> <span class='ocrx_word' id='word_1_287' title='bbox 936 3404 987 3462; x_wconf 86' lang='lat'>3,</span> <span class='ocrx_word' id='word_1_288' title='bbox 1006 3402 1093 3467; x_wconf 85' lang='grc'>40,</span> <span class='ocrx_word' id='word_1_289' title='bbox 1116 3404 1204 3455; x_wconf 90' lang='grc'>95.</span> 
     </span>
     <span class='ocr_line' id='line_1_47' title="bbox 269 3470 1207 3539; baseline -0.002 -18"><span class='ocrx_word' id='word_1_290' title='bbox 269 3494 336 3507; x_wconf 89' lang='lat'>--</span> <span class='ocrx_word' id='word_1_291' title='bbox 355 3470 647 3539; x_wconf 76' lang='lat' dir='ltr'>‘Principio</span> <span class='ocrx_word' id='word_1_292' title='bbox 678 3471 901 3523; x_wconf 81' lang='lat' dir='ltr'>aetherio</span> <span class='ocrx_word' id='word_1_293' title='bbox 922 3474 1207 3523; x_wconf 85' lang='lat' dir='ltr'>flammatus</span> 
     </span>
    </p>
   </div>
   <div class='ocr_carea' id='block_1_10' title="bbox 1347 369 2291 3397">
    <p class='ocr_par' dir='ltr' id='par_1_10' title="bbox 1351 369 2290 984">
     <span class='ocr_line' id='line_1_48' title="bbox 1358 369 2288 436; baseline 0.008 -20"><span class='ocrx_word' id='word_1_294' title='bbox 1358 369 1588 432; x_wconf 87' lang='lat' dir='ltr'>Iuppiter</span> <span class='ocrx_word' id='word_1_295' title='bbox 1609 369 1715 432; x_wconf 82' lang='lat' dir='ltr'>igni</span> <span class='ocrx_word' id='word_1_296' title='bbox 1736 372 1944 420; x_wconf 85' lang='lat' dir='ltr'>vertitur</span> <span class='ocrx_word' id='word_1_297' title='bbox 1961 377 2098 436; x_wconf 85' lang='lat' dir='ltr'>etc.’,</span> <span class='ocrx_word' id='word_1_298' title='bbox 2129 373 2190 422; x_wconf 86' lang='lat' dir='ltr'>de</span> <span class='ocrx_word' id='word_1_299' title='bbox 2212 373 2288 422; x_wconf 82' lang='lat' dir='ltr'>di-</span> 
     </span>
     <span class='ocr_line' id='line_1_49' title="bbox 1354 437 2290 500; baseline 0.007 -15"><span class='ocrx_word' id='word_1_300' title='bbox 1354 439 1459 488; x_wconf 87' lang='lat' dir='ltr'>vin.</span> <span class='ocrx_word' id='word_1_301' title='bbox 1490 437 1536 500; x_wconf 90' lang='lat'>1,</span> <span class='ocrx_word' id='word_1_302' title='bbox 1583 437 1664 500; x_wconf 91' lang='lat' dir='ltr'>ll,</span> <span class='ocrx_word' id='word_1_303' title='bbox 1705 438 1784 489; x_wconf 88' lang='lat'>17.</span> <span class='ocrx_word' id='word_1_304' title='bbox 1825 467 1891 476; x_wconf 86' lang='lat'><em>-</em></span> <span class='ocrx_word' id='word_1_305' title='bbox 1929 439 2113 492; x_wconf 83' lang='lat' dir='ltr'>Sancta</span> <span class='ocrx_word' id='word_1_306' title='bbox 2154 443 2290 492; x_wconf 88' lang='lat' dir='ltr'>Iovis</span> 
     </span>
     <span class='ocr_line' id='line_1_50' title="bbox 1355 507 2286 574; baseline 0.006 -20"><span class='ocrx_word' id='word_1_307' title='bbox 1355 507 1586 570; x_wconf 79' lang='lat' dir='ltr'>specieS,</span> <span class='ocrx_word' id='word_1_308' title='bbox 1625 507 1697 556; x_wconf 88' lang='lat' dir='ltr'>Ib.</span> <span class='ocrx_word' id='word_1_309' title='bbox 1722 507 1749 556; x_wconf 94' lang='lat'>1</span> <span class='ocrx_word' id='word_1_310' title='bbox 1774 543 1786 566; x_wconf 92' lang='lat'>‚</span> <span class='ocrx_word' id='word_1_311' title='bbox 1815 508 1878 559; x_wconf 89' lang='grc'><strong>12</strong></span> <span class='ocrx_word' id='word_1_312' title='bbox 1895 545 1909 567; x_wconf 95' lang='grc'>,</span> <span class='ocrx_word' id='word_1_313' title='bbox 1929 508 2014 559; x_wconf 89' lang='grc'>20.</span> <span class='ocrx_word' id='word_1_314' title='bbox 2055 511 2118 560; x_wconf 89' lang='lat' dir='ltr'>cl.</span> <span class='ocrx_word' id='word_1_315' title='bbox 2145 511 2212 562; x_wconf 88' lang='lat' dir='ltr'>ib.</span> <span class='ocrx_word' id='word_1_316' title='bbox 2235 514 2286 574; x_wconf 89' lang='lat'>2,</span> 
     </span>
     <span class='ocr_line' id='line_1_51' title="bbox 1353 575 2290 644; baseline 0.005 -21"><span class='ocrx_word' id='word_1_317' title='bbox 1353 575 1420 626; x_wconf 91' lang='grc'>20</span> <span class='ocrx_word' id='word_1_318' title='bbox 1437 610 1451 633; x_wconf 94' lang='grc'>,</span> <span class='ocrx_word' id='word_1_319' title='bbox 1467 575 1554 628; x_wconf 90' lang='grc'>46.</span> <span class='ocrx_word' id='word_1_320' title='bbox 1594 575 1668 628; x_wconf 89' lang='lat' dir='ltr'>lb.</span> <span class='ocrx_word' id='word_1_321' title='bbox 1689 576 1740 634; x_wconf 85' lang='lat'>2,</span> <span class='ocrx_word' id='word_1_322' title='bbox 1759 575 1846 632; x_wconf 88' lang='grc'>21,</span> <span class='ocrx_word' id='word_1_323' title='bbox 1866 579 1954 627; x_wconf 87' lang='grc'>47.</span> <span class='ocrx_word' id='word_1_324' title='bbox 1983 604 2040 614; x_wconf 89' lang='grc'><strong>-</strong></span> <span class='ocrx_word' id='word_1_325' title='bbox 2063 581 2290 644; x_wconf 86' lang='lat' dir='ltr'>Iuppiter</span> 
     </span>
     <span class='ocr_line' id='line_1_52' title="bbox 1353 643 2285 710; baseline 0.005 -18"><span class='ocrx_word' id='word_1_326' title='bbox 1353 643 1632 703; x_wconf 76' lang='lat' dir='ltr'>altisonuS‚</span> <span class='ocrx_word' id='word_1_327' title='bbox 1686 645 1750 692; x_wconf 83' lang='lat' dir='ltr'>de</span> <span class='ocrx_word' id='word_1_328' title='bbox 1794 645 1892 709; x_wconf 81' lang='lat' dir='ltr'>leg.</span> <span class='ocrx_word' id='word_1_329' title='bbox 1940 647 1965 695; x_wconf 90' lang='lat'><em>1</em></span> <span class='ocrx_word' id='word_1_330' title='bbox 1992 684 2005 706; x_wconf 87' lang='lat'><strong><em>‚</em></strong></span> <span class='ocrx_word' id='word_1_331' title='bbox 2051 647 2114 710; x_wconf 85' lang='lat'>1,</span> <span class='ocrx_word' id='word_1_332' title='bbox 2157 649 2190 697; x_wconf 88' lang='grc'>2</span> <span class='ocrx_word' id='word_1_333' title='bbox 2227 649 2285 697; x_wconf 90' lang='lat' dir='ltr'>cl.</span> 
     </span>
     <span class='ocr_line' id='line_1_53' title="bbox 1352 711 2290 780; baseline 0.004 -19"><span class='ocrx_word' id='word_1_334' title='bbox 1352 711 1539 778; x_wconf 83' lang='lat' dir='ltr'>fragm.</span> <span class='ocrx_word' id='word_1_335' title='bbox 1571 727 1624 777; x_wconf 84' lang='lat' dir='ltr'>p.</span> <span class='ocrx_word' id='word_1_336' title='bbox 1648 711 1768 764; x_wconf 89' lang='grc'><strong>338.</strong></span> <span class='ocrx_word' id='word_1_337' title='bbox 1809 741 1875 749; x_wconf 94' lang='lat'>—-</span> <span class='ocrx_word' id='word_1_338' title='bbox 1914 717 2047 764; x_wconf 88' lang='lat' dir='ltr'>Iovis</span> <span class='ocrx_word' id='word_1_339' title='bbox 2083 719 2290 780; x_wconf 86' lang='lat' dir='ltr'>signum</span> 
     </span>
     <span class='ocr_line' id='line_1_54' title="bbox 1353 784 2290 846; baseline 0.004 -16"><span class='ocrx_word' id='word_1_340' title='bbox 1353 795 1412 830; x_wconf 91' lang='lat' dir='ltr'>eo</span> <span class='ocrx_word' id='word_1_341' title='bbox 1449 784 1562 846; x_wconf 84' lang='lat' dir='ltr'>ipso</span> <span class='ocrx_word' id='word_1_342' title='bbox 1612 788 1857 846; x_wconf 87' lang='lat' dir='ltr'>tempore,</span> <span class='ocrx_word' id='word_1_343' title='bbox 1895 799 1993 845; x_wconf 93' lang='lat' dir='ltr'>quo</span> <span class='ocrx_word' id='word_1_344' title='bbox 2029 784 2178 834; x_wconf 85' lang='lat' dir='ltr'>fiebat</span> <span class='ocrx_word' id='word_1_345' title='bbox 2214 789 2290 834; x_wconf 89' lang='lat' dir='ltr'>in-</span> 
     </span>
     <span class='ocr_line' id='line_1_55' title="bbox 1353 850 2284 912; baseline 0.003 -12"><span class='ocrx_word' id='word_1_346' title='bbox 1353 850 1543 902; x_wconf 82' lang='lat' dir='ltr'>dicium</span> <span class='ocrx_word' id='word_1_347' title='bbox 1591 852 1954 901; x_wconf 83' lang='lat' dir='ltr'>coniurationis</span> <span class='ocrx_word' id='word_1_348' title='bbox 1998 853 2048 901; x_wconf 87' lang='lat' dir='ltr'>in</span> <span class='ocrx_word' id='word_1_349' title='bbox 2086 863 2284 912; x_wconf 85' lang='lat' dir='ltr'>senatu,</span> 
     </span>
     <span class='ocr_line' id='line_1_56' title="bbox 1351 919 2288 985; baseline 0.004 -17"><span class='ocrx_word' id='word_1_350' title='bbox 1351 919 1553 970; x_wconf 88' lang='lat' dir='ltr'>biennio</span> <span class='ocrx_word' id='word_1_351' title='bbox 1586 927 1858 984; x_wconf 83' lang='lat' dir='ltr'>postquam</span> <span class='ocrx_word' id='word_1_352' title='bbox 1897 929 2006 970; x_wconf 88' lang='lat' dir='ltr'>erat</span> <span class='ocrx_word' id='word_1_353' title='bbox 2051 921 2288 985; x_wconf 86' lang='lat' dir='ltr'>locatum,</span> 
     </span>
    </p>

    <p class='ocr_par' dir='ltr' id='par_1_11' title="bbox 1351 989 2286 1053">
     <span class='ocr_line' id='line_1_57' title="bbox 1351 989 2286 1053; baseline 0.003 -16"><span class='ocrx_word' id='word_1_354' title='bbox 1351 989 1402 1037; x_wconf 90' lang='lat' dir='ltr'>in</span> <span class='ocrx_word' id='word_1_355' title='bbox 1418 989 1670 1053; x_wconf 81' lang='lat' dir='ltr'>Capitolio</span> <span class='ocrx_word' id='word_1_356' title='bbox 1690 989 2020 1052; x_wconf 84' lang='lat' dir='ltr'>collocatum,</span> <span class='ocrx_word' id='word_1_357' title='bbox 2047 993 2109 1041; x_wconf 83' lang='lat' dir='ltr'>de</span> <span class='ocrx_word' id='word_1_358' title='bbox 2131 992 2286 1041; x_wconf 89' lang='lat' dir='ltr'>divin.</span> 
     </span>
    </p>

    <p class='ocr_par' dir='ltr' id='par_1_12' title="bbox 1355 1057 2289 1125">
     <span class='ocr_line' id='line_1_58' title="bbox 1355 1057 2289 1125; baseline 0 -17"><span class='ocrx_word' id='word_1_359' title='bbox 1355 1060 1406 1118; x_wconf 89' lang='lat'>2,</span> <span class='ocrx_word' id='word_1_360' title='bbox 1440 1057 1636 1120; x_wconf 91' lang='grc'><strong>20,16.</strong></span> <span class='ocrx_word' id='word_1_361' title='bbox 1675 1084 1745 1095; x_wconf 86' lang='lat'><em>-</em></span> <span class='ocrx_word' id='word_1_362' title='bbox 1777 1061 1913 1108; x_wconf 86' lang='lat' dir='ltr'>Iovis</span> <span class='ocrx_word' id='word_1_363' title='bbox 1951 1061 2114 1125; x_wconf 86' lang='lat' dir='ltr'>stella,</span> <span class='ocrx_word' id='word_1_364' title='bbox 2154 1059 2289 1123; x_wconf 82' lang='grc' dir='ltr'><em>φαέ-</em></span> 
     </span>
    </p>

    <p class='ocr_par' dir='ltr' id='par_1_13' title="bbox 1352 1093 2286 1192">
     <span class='ocr_line' id='line_1_59' title="bbox 1352 1093 2286 1192; baseline 0.004 -18"><span class='ocrx_word' id='word_1_365' title='bbox 1352 1093 1524 1190; x_wconf 54' lang='grc' dir='ltr'><strong>θΗων,</strong></span> <span class='ocrx_word' id='word_1_366' title='bbox 1551 1128 1684 1176; x_wconf 88' lang='lat' dir='ltr'>den.</span> <span class='ocrx_word' id='word_1_367' title='bbox 1708 1128 1758 1178; x_wconf 84' lang='grc'>(1.</span> <span class='ocrx_word' id='word_1_368' title='bbox 1783 1129 1836 1187; x_wconf 87' lang='grc'>2,</span> <span class='ocrx_word' id='word_1_369' title='bbox 1875 1127 1960 1192; x_wconf 89' lang='grc'>20,</span> <span class='ocrx_word' id='word_1_370' title='bbox 1997 1130 2084 1183; x_wconf 88' lang='grc'>52.</span> <span class='ocrx_word' id='word_1_371' title='bbox 2136 1130 2212 1181; x_wconf 90' lang='lat' dir='ltr'>lb.</span> <span class='ocrx_word' id='word_1_372' title='bbox 2235 1131 2286 1185; x_wconf 90' lang='grc'>2,</span> 
     </span>
    </p>

    <p class='ocr_par' dir='ltr' id='par_1_14' title="bbox 1354 1194 2288 1257">
     <span class='ocr_line' id='line_1_60' title="bbox 1354 1194 2288 1257; baseline 0.003 -12"><span class='ocrx_word' id='word_1_373' title='bbox 1354 1194 1674 1257; x_wconf 82' lang='lat'>46,119.—-</span> <span class='ocrx_word' id='word_1_374' title='bbox 1695 1194 1849 1246; x_wconf 83' lang='lat' dir='ltr'>Stella</span> <span class='ocrx_word' id='word_1_375' title='bbox 1869 1199 2004 1247; x_wconf 89' lang='lat' dir='ltr'>Iovis</span> <span class='ocrx_word' id='word_1_376' title='bbox 2023 1199 2288 1249; x_wconf 87' lang='lat' dir='ltr'>autVene-</span> 
     </span>
    </p>

    <p class='ocr_par' dir='ltr' id='par_1_15' title="bbox 1348 1265 2290 2088">
     <span class='ocr_line' id='line_1_61' title="bbox 1352 1265 2288 1318; baseline 0.001 -5"><span class='ocrx_word' id='word_1_377' title='bbox 1352 1266 1424 1314; x_wconf 86' lang='lat' dir='ltr'>ris</span> <span class='ocrx_word' id='word_1_378' title='bbox 1443 1265 1708 1315; x_wconf 86' lang='lat' dir='ltr'>coniuncta</span> <span class='ocrx_word' id='word_1_379' title='bbox 1737 1281 1849 1315; x_wconf 88' lang='lat' dir='ltr'>cum</span> <span class='ocrx_word' id='word_1_380' title='bbox 1879 1266 2024 1316; x_wconf 88' lang='lat' dir='ltr'>Luna</span> <span class='ocrx_word' id='word_1_381' title='bbox 2054 1269 2118 1317; x_wconf 86' lang='lat' dir='ltr'>ad</span> <span class='ocrx_word' id='word_1_382' title='bbox 2151 1275 2288 1318; x_wconf 79' lang='lat' dir='ltr'>ortus</span> 
     </span>
     <span class='ocr_line' id='line_1_62' title="bbox 1353 1332 2286 1397; baseline 0.002 -15"><span class='ocrx_word' id='word_1_383' title='bbox 1353 1348 1623 1397; x_wconf 89' lang='lat' dir='ltr'>puerorum</span> <span class='ocrx_word' id='word_1_384' title='bbox 1643 1332 1899 1390; x_wconf 78' lang='lat' dir='ltr'>salutaria,</span> <span class='ocrx_word' id='word_1_385' title='bbox 1937 1335 2137 1386; x_wconf 85' lang='lat' dir='ltr'>Saturni</span> <span class='ocrx_word' id='word_1_386' title='bbox 2159 1337 2286 1384; x_wconf 84' lang='lat' dir='ltr'>Mar·</span> 
     </span>
     <span class='ocr_line' id='line_1_63' title="bbox 1351 1403 2287 1464; baseline 0.002 -13"><span class='ocrx_word' id='word_1_387' title='bbox 1351 1405 1486 1454; x_wconf 86' lang='lat' dir='ltr'>tisve</span> <span class='ocrx_word' id='word_1_388' title='bbox 1526 1403 1804 1464; x_wconf 85' lang='lat' dir='ltr'>contraria,</span> <span class='ocrx_word' id='word_1_389' title='bbox 1847 1403 1908 1452; x_wconf 90' lang='lat' dir='ltr'>de</span> <span class='ocrx_word' id='word_1_390' title='bbox 1936 1403 2093 1456; x_wconf 86' lang='lat' dir='ltr'>divin.</span> <span class='ocrx_word' id='word_1_391' title='bbox 2119 1405 2145 1453; x_wconf 94' lang='lat'>1</span> <span class='ocrx_word' id='word_1_392' title='bbox 2163 1439 2178 1462; x_wconf 92' lang='lat'>,</span> <span class='ocrx_word' id='word_1_393' title='bbox 2201 1403 2287 1464; x_wconf 86' lang='lat'>39,</span> 
     </span>
     <span class='ocr_line' id='line_1_64' title="bbox 1354 1471 2290 1536; baseline -0.001 -14"><span class='ocrx_word' id='word_1_394' title='bbox 1354 1471 1437 1522; x_wconf 89' lang='grc'><strong>85.</strong></span> <span class='ocrx_word' id='word_1_395' title='bbox 1484 1496 1553 1506; x_wconf 89' lang='grc'><strong>-</strong></span> <span class='ocrx_word' id='word_1_396' title='bbox 1592 1471 1728 1520; x_wconf 86' lang='lat' dir='ltr'>Iovis</span> <span class='ocrx_word' id='word_1_397' title='bbox 1749 1471 1898 1519; x_wconf 85' lang='lat' dir='ltr'>stella</span> <span class='ocrx_word' id='word_1_398' title='bbox 1915 1471 2178 1520; x_wconf 89' lang='lat' dir='ltr'>hominum</span> <span class='ocrx_word' id='word_1_399' title='bbox 2197 1487 2290 1536; x_wconf 83' lang='lat' dir='ltr'>ge-</span> 
     </span>
     <span class='ocr_line' id='line_1_65' title="bbox 1351 1539 2288 1605; baseline -0.001 -17"><span class='ocrx_word' id='word_1_400' title='bbox 1351 1541 1459 1589; x_wconf 86' lang='lat' dir='ltr'>neri</span> <span class='ocrx_word' id='word_1_401' title='bbox 1481 1553 1727 1605; x_wconf 84' lang='lat' dir='ltr'>prospera</span> <span class='ocrx_word' id='word_1_402' title='bbox 1762 1547 1810 1588; x_wconf 87' lang='lat' dir='ltr'>et</span> <span class='ocrx_word' id='word_1_403' title='bbox 1837 1539 2106 1601; x_wconf 75' lang='lat' dir='ltr'>salutaria,</span> <span class='ocrx_word' id='word_1_404' title='bbox 2145 1541 2208 1589; x_wconf 86' lang='lat' dir='ltr'>de</span> <span class='ocrx_word' id='word_1_405' title='bbox 2245 1556 2288 1588; x_wconf 88' lang='lat' dir='ltr'>r.</span> 
     </span>
     <span class='ocr_line' id='line_1_66' title="bbox 1353 1607 2290 1674; baseline 0.004 -18"><span class='ocrx_word' id='word_1_406' title='bbox 1353 1625 1406 1674; x_wconf 89' lang='lat' dir='ltr'>p.</span> <span class='ocrx_word' id='word_1_407' title='bbox 1437 1607 1488 1670; x_wconf 88' lang='grc'>6,</span> <span class='ocrx_word' id='word_1_408' title='bbox 1530 1608 1612 1670; x_wconf 89' lang='grc'>17,</span> <span class='ocrx_word' id='word_1_409' title='bbox 1661 1609 1744 1662; x_wconf 88' lang='grc'><strong>17.</strong></span> <span class='ocrx_word' id='word_1_410' title='bbox 1785 1608 1971 1673; x_wconf 83' lang='lat' dir='ltr'>fragm.</span> <span class='ocrx_word' id='word_1_411' title='bbox 2011 1625 2063 1674; x_wconf 87' lang='lat' dir='ltr'>p.</span> <span class='ocrx_word' id='word_1_412' title='bbox 2083 1607 2290 1661; x_wconf 78' lang='lat'>341.—</span> 
     </span>
     <span class='ocr_line' id='line_1_67' title="bbox 1351 1676 2286 1742; baseline 0.004 -16"><span class='ocrx_word' id='word_1_413' title='bbox 1351 1677 1546 1726; x_wconf 86' lang='lat' dir='ltr'>Aedem</span> <span class='ocrx_word' id='word_1_414' title='bbox 1567 1679 1618 1725; x_wconf 89' lang='lat' dir='ltr'>in</span> <span class='ocrx_word' id='word_1_415' title='bbox 1631 1676 1878 1742; x_wconf 85' lang='lat' dir='ltr'>Capitolio</span> <span class='ocrx_word' id='word_1_416' title='bbox 1899 1679 2008 1729; x_wconf 89' lang='lat' dir='ltr'>Iovi</span> <span class='ocrx_word' id='word_1_417' title='bbox 2031 1685 2132 1742; x_wconf 89' lang='lat' dir='ltr'>opt.</span> <span class='ocrx_word' id='word_1_418' title='bbox 2149 1693 2286 1730; x_wconf 78' lang='lat' dir='ltr'>maX.</span> 
     </span>
     <span class='ocr_line' id='line_1_68' title="bbox 1351 1745 2288 1811; baseline -0.001 -15"><span class='ocrx_word' id='word_1_419' title='bbox 1351 1746 1484 1796; x_wconf 89' lang='lat' dir='ltr'>bello</span> <span class='ocrx_word' id='word_1_420' title='bbox 1515 1745 1704 1796; x_wconf 86' lang='lat' dir='ltr'>Sabino</span> <span class='ocrx_word' id='word_1_421' title='bbox 1733 1748 1871 1796; x_wconf 88' lang='lat' dir='ltr'>vovit</span> <span class='ocrx_word' id='word_1_422' title='bbox 1901 1747 1960 1801; x_wconf 88' lang='lat' dir='ltr'>L.</span> <span class='ocrx_word' id='word_1_423' title='bbox 1986 1749 2288 1811; x_wconf 87' lang='lat' dir='ltr'>Tarquinius</span> 
     </span>
     <span class='ocr_line' id='line_1_69' title="bbox 1348 1815 2290 1880; baseline 0.001 -16"><span class='ocrx_word' id='word_1_424' title='bbox 1348 1815 1553 1864; x_wconf 86' lang='lat' dir='ltr'>Priscus</span> <span class='ocrx_word' id='word_1_425' title='bbox 1573 1817 1636 1866; x_wconf 88' lang='lat' dir='ltr'>de</span> <span class='ocrx_word' id='word_1_426' title='bbox 1655 1832 1695 1864; x_wconf 90' lang='lat' dir='ltr'>r.</span> <span class='ocrx_word' id='word_1_427' title='bbox 1732 1832 1786 1880; x_wconf 89' lang='lat' dir='ltr'>p.</span> <span class='ocrx_word' id='word_1_428' title='bbox 1807 1817 1840 1866; x_wconf 94' lang='lat'>2</span> <span class='ocrx_word' id='word_1_429' title='bbox 1856 1854 1871 1877; x_wconf 91' lang='lat'><strong><em>‚</em></strong></span> <span class='ocrx_word' id='word_1_430' title='bbox 1888 1817 1972 1880; x_wconf 69' lang='grc'>20,</span> <span class='ocrx_word' id='word_1_431' title='bbox 1996 1817 2080 1870; x_wconf 89' lang='grc'>36.</span> <span class='ocrx_word' id='word_1_432' title='bbox 2101 1843 2172 1854; x_wconf 89' lang='lat'><em>-</em></span> <span class='ocrx_word' id='word_1_433' title='bbox 2189 1820 2290 1866; x_wconf 89' lang='lat' dir='ltr'>Ae·</span> 
     </span>
     <span class='ocr_line' id='line_1_70' title="bbox 1351 1884 2287 1952; baseline 0.002 -19"><span class='ocrx_word' id='word_1_434' title='bbox 1351 1884 1576 1934; x_wconf 85' lang='lat' dir='ltr'>dificavit</span> <span class='ocrx_word' id='word_1_435' title='bbox 1593 1885 1896 1949; x_wconf 86' lang='lat' dir='ltr'>Tarquinius</span> <span class='ocrx_word' id='word_1_436' title='bbox 1917 1885 2195 1952; x_wconf 72' lang='lat' dir='ltr'>SuperbuS,</span> <span class='ocrx_word' id='word_1_437' title='bbox 2213 1887 2287 1935; x_wconf 87' lang='lat' dir='ltr'>lb.</span> 
     </span>
     <span class='ocr_line' id='line_1_71' title="bbox 1351 1956 2290 2021; baseline -0.001 -16"><span class='ocrx_word' id='word_1_438' title='bbox 1351 1957 1402 2017; x_wconf 89' lang='lat'>2,</span> <span class='ocrx_word' id='word_1_439' title='bbox 1423 1956 1511 2016; x_wconf 89' lang='lat'>24,</span> <span class='ocrx_word' id='word_1_440' title='bbox 1525 1956 1613 2005; x_wconf 85' lang='lat'>44.</span> <span class='ocrx_word' id='word_1_441' title='bbox 1636 1980 1701 1991; x_wconf 88' lang='lat'>—</span> <span class='ocrx_word' id='word_1_442' title='bbox 1722 1956 1858 2005; x_wconf 83' lang='lat' dir='ltr'>Iovis</span> <span class='ocrx_word' id='word_1_443' title='bbox 1875 1956 2144 2021; x_wconf 83' lang='lat' dir='ltr'>Capitolini</span> <span class='ocrx_word' id='word_1_444' title='bbox 2163 1964 2290 2005; x_wconf 86' lang='lat' dir='ltr'>tem-</span> 
     </span>
     <span class='ocr_line' id='line_1_72' title="bbox 1351 1990 2285 2088; baseline 0.003 -18"><span class='ocrx_word' id='word_1_445' title='bbox 1351 1990 1529 2088; x_wconf 77' lang='lat' dir='ltr'>plum,</span> <span class='ocrx_word' id='word_1_446' title='bbox 1565 2024 1632 2073; x_wconf 82' lang='lat' dir='ltr'>ad</span> <span class='ocrx_word' id='word_1_447' title='bbox 1651 2024 1771 2075; x_wconf 88' lang='lat' dir='ltr'>Her.</span> <span class='ocrx_word' id='word_1_448' title='bbox 1793 2028 1856 2087; x_wconf 89' lang='grc'>4,</span> <span class='ocrx_word' id='word_1_449' title='bbox 1881 2024 1978 2088; x_wconf 89' lang='grc'>55,</span> <span class='ocrx_word' id='word_1_450' title='bbox 2010 2025 2096 2079; x_wconf 87' lang='grc'>68.</span> <span class='ocrx_word' id='word_1_451' title='bbox 2141 2026 2285 2074; x_wconf 88' lang='lat' dir='ltr'>Verr.</span> 
     </span>
    </p>

    <p class='ocr_par' dir='ltr' id='par_1_16' title="bbox 1353 2092 2291 2159">
     <span class='ocr_line' id='line_1_73' title="bbox 1353 2092 2291 2159; baseline -0.001 -17"><span class='ocrx_word' id='word_1_452' title='bbox 1353 2098 1576 2142; x_wconf 86' lang='lat' dir='ltr'>accusat.</span> <span class='ocrx_word' id='word_1_453' title='bbox 1619 2095 1694 2157; x_wconf 91' lang='lat'>4,</span> <span class='ocrx_word' id='word_1_454' title='bbox 1748 2092 1851 2153; x_wconf 89' lang='lat'>28,</span> <span class='ocrx_word' id='word_1_455' title='bbox 1896 2094 1982 2146; x_wconf 85' lang='lat'>64.</span> <span class='ocrx_word' id='word_1_456' title='bbox 2035 2122 2106 2133; x_wconf 92' lang='lat'>-—-</span> <span class='ocrx_word' id='word_1_457' title='bbox 2168 2095 2291 2159; x_wconf 90' lang='lat' dir='ltr'>Iup-</span> 
     </span>
    </p>

    <p class='ocr_par' dir='ltr' id='par_1_17' title="bbox 1351 2160 2285 2227">
     <span class='ocr_line' id='line_1_74' title="bbox 1351 2160 2285 2227; baseline 0.001 -16"><span class='ocrx_word' id='word_1_458' title='bbox 1351 2162 1484 2227; x_wconf 87' lang='lat' dir='ltr'>piter</span> <span class='ocrx_word' id='word_1_459' title='bbox 1505 2160 1841 2227; x_wconf 68' lang='lat' dir='ltr'>Capitolium,</span> <span class='ocrx_word' id='word_1_460' title='bbox 1867 2163 1937 2212; x_wconf 88' lang='lat' dir='ltr'>Ib.</span> <span class='ocrx_word' id='word_1_461' title='bbox 1955 2164 2018 2227; x_wconf 88' lang='grc'>5,</span> <span class='ocrx_word' id='word_1_462' title='bbox 2053 2164 2146 2225; x_wconf 89' lang='grc'>72,</span> <span class='ocrx_word' id='word_1_463' title='bbox 2169 2162 2285 2213; x_wconf 89' lang='lat'>184.</span> 
     </span>
    </p>

    <p class='ocr_par' dir='ltr' id='par_1_18' title="bbox 1347 2230 2290 3397">
     <span class='ocr_line' id='line_1_75' title="bbox 1352 2230 2288 2312; baseline 0 -32"><span class='ocrx_word' id='word_1_464' title='bbox 1352 2257 1422 2268; x_wconf 82' lang='lat'><em>—</em></span> <span class='ocrx_word' id='word_1_465' title='bbox 1472 2233 1644 2282; x_wconf 83' lang='lat' dir='ltr'>lovem</span> <span class='ocrx_word' id='word_1_466' title='bbox 1684 2230 2022 2296; x_wconf 84' lang='lat' dir='ltr'>Capitolinum</span> <span class='ocrx_word' id='word_1_467' title='bbox 2081 2240 2288 2312; x_wconf 78' lang='lat' dir='ltr'>propter</span> 
     </span>
     <span class='ocr_line' id='line_1_76' title="bbox 1348 2299 2290 2367; baseline -0.002 -16"><span class='ocrx_word' id='word_1_468' title='bbox 1348 2299 1594 2351; x_wconf 87' lang='lat' dir='ltr'>beneficia</span> <span class='ocrx_word' id='word_1_469' title='bbox 1623 2302 1847 2367; x_wconf 86' lang='lat' dir='ltr'>populus</span> <span class='ocrx_word' id='word_1_470' title='bbox 1879 2301 2136 2351; x_wconf 86' lang='lat' dir='ltr'>Romanus</span> <span class='ocrx_word' id='word_1_471' title='bbox 2158 2303 2290 2365; x_wconf 87' lang='lat' dir='ltr'>opti-</span> 
     </span>
     <span class='ocr_line' id='line_1_77' title="bbox 1349 2372 2288 2434; baseline 0 -15"><span class='ocrx_word' id='word_1_472' title='bbox 1349 2384 1506 2432; x_wconf 88' lang='lat' dir='ltr'>mum,</span> <span class='ocrx_word' id='word_1_473' title='bbox 1541 2376 1752 2434; x_wconf 86' lang='lat' dir='ltr'>propter</span> <span class='ocrx_word' id='word_1_474' title='bbox 1769 2372 1875 2418; x_wconf 86' lang='lat' dir='ltr'>vim</span> <span class='ocrx_word' id='word_1_475' title='bbox 1894 2372 2176 2419; x_wconf 87' lang='lat' dir='ltr'>maximum</span> <span class='ocrx_word' id='word_1_476' title='bbox 2199 2384 2288 2419; x_wconf 88' lang='lat' dir='ltr'>no-</span> 
     </span>
     <span class='ocr_line' id='line_1_78' title="bbox 1348 2438 2289 2503; baseline 0.001 -16"><span class='ocrx_word' id='word_1_477' title='bbox 1348 2438 1586 2498; x_wconf 80' lang='lat' dir='ltr'>minavit,</span> <span class='ocrx_word' id='word_1_478' title='bbox 1609 2438 1672 2486; x_wconf 88' lang='lat' dir='ltr'>de</span> <span class='ocrx_word' id='word_1_479' title='bbox 1691 2438 1841 2487; x_wconf 85' lang='lat' dir='ltr'>domo</span> <span class='ocrx_word' id='word_1_480' title='bbox 1863 2452 1958 2485; x_wconf 88' lang='lat' dir='ltr'>sua</span> <span class='ocrx_word' id='word_1_481' title='bbox 1973 2438 2058 2503; x_wconf 89' lang='grc'>57,</span> <span class='ocrx_word' id='word_1_482' title='bbox 2082 2439 2197 2488; x_wconf 92' lang='grc'><strong>144.</strong></span> <span class='ocrx_word' id='word_1_483' title='bbox 2219 2464 2289 2473; x_wconf 86' lang='lat'>-—</span> 
     </span>
     <span class='ocr_line' id='line_1_79' title="bbox 1348 2503 2288 2570; baseline -0.002 -13"><span class='ocrx_word' id='word_1_484' title='bbox 1348 2508 1482 2557; x_wconf 84' lang='lat' dir='ltr'>Iovis</span> <span class='ocrx_word' id='word_1_485' title='bbox 1502 2505 1768 2555; x_wconf 86' lang='lat' dir='ltr'>Dodonaei</span> <span class='ocrx_word' id='word_1_486' title='bbox 1801 2505 2058 2555; x_wconf 87' lang='lat' dir='ltr'>oraculum</span> <span class='ocrx_word' id='word_1_487' title='bbox 2088 2520 2117 2555; x_wconf 88' lang='lat' dir='ltr'>a</span> <span class='ocrx_word' id='word_1_488' title='bbox 2136 2503 2288 2570; x_wconf 88' lang='lat' dir='ltr'>Spar·</span> 
     </span>
     <span class='ocr_line' id='line_1_80' title="bbox 1353 2573 2286 2640; baseline 0 -15"><span class='ocrx_word' id='word_1_489' title='bbox 1353 2578 1491 2627; x_wconf 83' lang='lat' dir='ltr'>tiatis</span> <span class='ocrx_word' id='word_1_490' title='bbox 1509 2576 1743 2640; x_wconf 86' lang='lat' dir='ltr'>petitum,</span> <span class='ocrx_word' id='word_1_491' title='bbox 1765 2574 1829 2624; x_wconf 88' lang='lat' dir='ltr'>de</span> <span class='ocrx_word' id='word_1_492' title='bbox 1852 2574 2010 2629; x_wconf 85' lang='lat' dir='ltr'>divin.</span> <span class='ocrx_word' id='word_1_493' title='bbox 2030 2575 2081 2636; x_wconf 90' lang='lat'>1,</span> <span class='ocrx_word' id='word_1_494' title='bbox 2101 2573 2185 2635; x_wconf 83' lang='lat'>34,</span> <span class='ocrx_word' id='word_1_495' title='bbox 2199 2574 2286 2629; x_wconf 89' lang='grc'>76.</span> 
     </span>
     <span class='ocr_line' id='line_1_81' title="bbox 1349 2643 2287 2708; baseline 0 -13"><span class='ocrx_word' id='word_1_496' title='bbox 1349 2648 1424 2698; x_wconf 94' lang='lat' dir='ltr'>Ib.</span> <span class='ocrx_word' id='word_1_497' title='bbox 1447 2648 1501 2708; x_wconf 90' lang='lat'>2,</span> <span class='ocrx_word' id='word_1_498' title='bbox 1531 2643 1618 2704; x_wconf 90' lang='grc'>32,</span> <span class='ocrx_word' id='word_1_499' title='bbox 1641 2644 1729 2695; x_wconf 93' lang='grc'>69.</span> <span class='ocrx_word' id='word_1_500' title='bbox 1755 2670 1812 2681; x_wconf 90' lang='lat'><em>-</em></span> <span class='ocrx_word' id='word_1_501' title='bbox 1833 2646 1969 2695; x_wconf 87' lang='lat' dir='ltr'>Iovis</span> <span class='ocrx_word' id='word_1_502' title='bbox 1994 2645 2287 2695; x_wconf 86' lang='lat' dir='ltr'>Hammonis</span> 
     </span>
     <span class='ocr_line' id='line_1_82' title="bbox 1353 2713 2289 2784; baseline 0.001 -19"><span class='ocrx_word' id='word_1_503' title='bbox 1353 2713 1616 2765; x_wconf 87' lang='lat' dir='ltr'>oraculum</span> <span class='ocrx_word' id='word_1_504' title='bbox 1653 2728 1684 2763; x_wconf 89' lang='lat' dir='ltr'>a</span> <span class='ocrx_word' id='word_1_505' title='bbox 1714 2714 2132 2784; x_wconf 81' lang='lat' dir='ltr'>Lacedaemoniis</span> <span class='ocrx_word' id='word_1_506' title='bbox 2167 2730 2289 2766; x_wconf 88' lang='lat' dir='ltr'>cou-</span> 
     </span>
     <span class='ocr_line' id='line_1_83' title="bbox 1351 2784 2284 2846; baseline 0.005 -13"><span class='ocrx_word' id='word_1_507' title='bbox 1351 2784 1541 2833; x_wconf 89' lang='lat' dir='ltr'>sultum</span> <span class='ocrx_word' id='word_1_508' title='bbox 1559 2820 1572 2841; x_wconf 93' lang='lat'>,</span> <span class='ocrx_word' id='word_1_509' title='bbox 1615 2785 1679 2833; x_wconf 89' lang='lat' dir='ltr'>de</span> <span class='ocrx_word' id='word_1_510' title='bbox 1705 2784 1862 2837; x_wconf 84' lang='lat' dir='ltr'>divin.</span> <span class='ocrx_word' id='word_1_511' title='bbox 1891 2784 1917 2834; x_wconf 94' lang='lat'>1</span> <span class='ocrx_word' id='word_1_512' title='bbox 1934 2821 1948 2846; x_wconf 93' lang='lat'>‚</span> <span class='ocrx_word' id='word_1_513' title='bbox 1971 2784 2038 2836; x_wconf 88' lang='grc'>43</span> <span class='ocrx_word' id='word_1_514' title='bbox 2059 2822 2071 2845; x_wconf 94' lang='grc'>,</span> <span class='ocrx_word' id='word_1_515' title='bbox 2092 2786 2177 2839; x_wconf 89' lang='grc'>95.</span> <span class='ocrx_word' id='word_1_516' title='bbox 2218 2787 2284 2838; x_wconf 83' lang='lat' dir='ltr'>cl.</span> 
     </span>
     <span class='ocr_line' id='line_1_84' title="bbox 1350 2852 2288 2914; baseline 0.003 -12"><span class='ocrx_word' id='word_1_517' title='bbox 1350 2855 1417 2903; x_wconf 87' lang='lat' dir='ltr'>ib.</span> <span class='ocrx_word' id='word_1_518' title='bbox 1441 2854 1489 2912; x_wconf 90' lang='lat'>1,</span> <span class='ocrx_word' id='word_1_519' title='bbox 1523 2852 1572 2914; x_wconf 92' lang='grc'>1,</span> <span class='ocrx_word' id='word_1_520' title='bbox 1603 2854 1655 2907; x_wconf 88' lang='grc'>3.</span> <span class='ocrx_word' id='word_1_521' title='bbox 1689 2880 1758 2889; x_wconf 95' lang='grc'><strong>-</strong></span> <span class='ocrx_word' id='word_1_522' title='bbox 1791 2853 1909 2904; x_wconf 84' lang='lat' dir='ltr'>Alia</span> <span class='ocrx_word' id='word_1_523' title='bbox 1928 2856 2170 2907; x_wconf 87' lang='lat' dir='ltr'>Romanis</span> <span class='ocrx_word' id='word_1_524' title='bbox 2195 2854 2288 2905; x_wconf 86' lang='lat' dir='ltr'>Ca-</span> 
     </span>
     <span class='ocr_line' id='line_1_85' title="bbox 1347 2922 2288 2987; baseline 0.001 -16"><span class='ocrx_word' id='word_1_525' title='bbox 1347 2922 1569 2987; x_wconf 84' lang='lat' dir='ltr'>pitolini,</span> <span class='ocrx_word' id='word_1_526' title='bbox 1607 2922 1711 2973; x_wconf 89' lang='lat' dir='ltr'>alia</span> <span class='ocrx_word' id='word_1_527' title='bbox 1730 2924 1871 2973; x_wconf 77' lang='lat' dir='ltr'>Afris</span> <span class='ocrx_word' id='word_1_528' title='bbox 1894 2925 2188 2974; x_wconf 85' lang='lat' dir='ltr'>Hammonis</span> <span class='ocrx_word' id='word_1_529' title='bbox 2209 2926 2288 2973; x_wconf 88' lang='lat' dir='ltr'>Io-</span> 
     </span>
     <span class='ocr_line' id='line_1_86' title="bbox 1351 2992 2288 3057; baseline 0.004 -16"><span class='ocrx_word' id='word_1_530' title='bbox 1351 2992 1427 3041; x_wconf 83' lang='lat' dir='ltr'>vis</span> <span class='ocrx_word' id='word_1_531' title='bbox 1449 2992 1664 3057; x_wconf 81' lang='lat' dir='ltr'>species,</span> <span class='ocrx_word' id='word_1_532' title='bbox 1699 2994 1764 3041; x_wconf 86' lang='lat' dir='ltr'>de</span> <span class='ocrx_word' id='word_1_533' title='bbox 1783 3008 1832 3042; x_wconf 87' lang='lat' dir='ltr'>n.</span> <span class='ocrx_word' id='word_1_534' title='bbox 1853 2993 1903 3042; x_wconf 88' lang='lat' dir='ltr'>d.</span> <span class='ocrx_word' id='word_1_535' title='bbox 1927 2992 1978 3053; x_wconf 89' lang='lat'>1,</span> <span class='ocrx_word' id='word_1_536' title='bbox 2000 2994 2084 3053; x_wconf 91' lang='grc'>29,</span> <span class='ocrx_word' id='word_1_537' title='bbox 2105 2993 2192 3045; x_wconf 90' lang='grc'>82.</span> <span class='ocrx_word' id='word_1_538' title='bbox 2219 3018 2288 3029; x_wconf 90' lang='lat'><em>-</em></span> 
     </span>
     <span class='ocr_line' id='line_1_87' title="bbox 1349 3061 2286 3126; baseline 0.001 -16"><span class='ocrx_word' id='word_1_539' title='bbox 1349 3062 1578 3126; x_wconf 82' lang='lat' dir='ltr'>Iuppiter</span> <span class='ocrx_word' id='word_1_540' title='bbox 1597 3075 1797 3125; x_wconf 85' lang='lat' dir='ltr'>semper</span> <span class='ocrx_word' id='word_1_541' title='bbox 1828 3062 2068 3110; x_wconf 87' lang='lat' dir='ltr'>barbatus</span> <span class='ocrx_word' id='word_1_542' title='bbox 2087 3096 2101 3121; x_wconf 96' lang='lat'>,</span> <span class='ocrx_word' id='word_1_543' title='bbox 2140 3061 2210 3110; x_wconf 92' lang='lat' dir='ltr'>Ib.</span> <span class='ocrx_word' id='word_1_544' title='bbox 2235 3062 2286 3118; x_wconf 88' lang='grc'>2,</span> 
     </span>
     <span class='ocr_line' id='line_1_88' title="bbox 1347 3128 2288 3193; baseline -0.001 -15"><span class='ocrx_word' id='word_1_545' title='bbox 1347 3128 1432 3193; x_wconf 90' lang='grc'>30,</span> <span class='ocrx_word' id='word_1_546' title='bbox 1453 3128 1541 3181; x_wconf 91' lang='lat'>83.</span> <span class='ocrx_word' id='word_1_547' title='bbox 1575 3130 1649 3178; x_wconf 90' lang='lat' dir='ltr'>Ib.</span> <span class='ocrx_word' id='word_1_548' title='bbox 1665 3130 1718 3193; x_wconf 86' lang='lat'>2,</span> <span class='ocrx_word' id='word_1_549' title='bbox 1730 3129 1815 3188; x_wconf 83' lang='lat'>36,</span> <span class='ocrx_word' id='word_1_550' title='bbox 1839 3128 1958 3181; x_wconf 89' lang='grc'><strong>100.</strong></span> <span class='ocrx_word' id='word_1_551' title='bbox 1976 3129 2288 3193; x_wconf 83' lang='lat' dir='ltr'>—Iuppiter</span> 
     </span>
     <span class='ocr_line' id='line_1_89' title="bbox 1349 3196 2284 3263; baseline -0.001 -16"><span class='ocrx_word' id='word_1_552' title='bbox 1349 3196 1635 3261; x_wconf 83' lang='lat' dir='ltr'>hospitalis,</span> <span class='ocrx_word' id='word_1_553' title='bbox 1657 3198 1722 3246; x_wconf 84' lang='lat' dir='ltr'>ad</span> <span class='ocrx_word' id='word_1_554' title='bbox 1747 3198 1804 3257; x_wconf 86' lang='lat' dir='ltr'>Q.</span> <span class='ocrx_word' id='word_1_555' title='bbox 1822 3196 1884 3252; x_wconf 80' lang='lat' dir='ltr'>fr.</span> <span class='ocrx_word' id='word_1_556' title='bbox 1905 3198 1956 3256; x_wconf 88' lang='lat'>2,</span> <span class='ocrx_word' id='word_1_557' title='bbox 1978 3197 2042 3248; x_wconf 94' lang='grc'>10</span> <span class='ocrx_word' id='word_1_558' title='bbox 2060 3196 2203 3263; x_wconf 86' lang='grc'><strong>(12),</strong></span> <span class='ocrx_word' id='word_1_559' title='bbox 2235 3197 2284 3247; x_wconf 88' lang='grc'>3.</span> 
     </span>
     <span class='ocr_line' id='line_1_90' title="bbox 1347 3264 2286 3329; baseline -0.002 -14"><span class='ocrx_word' id='word_1_560' title='bbox 1347 3294 1414 3302; x_wconf 88' lang='grc'>-</span> <span class='ocrx_word' id='word_1_561' title='bbox 1434 3266 1570 3315; x_wconf 82' lang='lat' dir='ltr'>Iovis</span> <span class='ocrx_word' id='word_1_562' title='bbox 1589 3266 1927 3329; x_wconf 85' lang='lat' dir='ltr'>imperatoris,</span> <span class='ocrx_word' id='word_1_563' title='bbox 1941 3280 2091 3329; x_wconf 85' lang='lat' dir='ltr'>quem</span> <span class='ocrx_word' id='word_1_564' title='bbox 2107 3264 2286 3315; x_wconf 85' lang='lat' dir='ltr'>Graeci</span> 
     </span>
     <span class='ocr_line' id='line_1_91' title="bbox 1351 3332 2284 3397; baseline -0.001 -12"><span class='ocrx_word' id='word_1_565' title='bbox 1351 3334 1502 3385; x_wconf 86' lang='lat' dir='ltr'>Urion</span> <span class='ocrx_word' id='word_1_566' title='bbox 1523 3336 1810 3395; x_wconf 84' lang='lat' dir='ltr'>nominant,</span> <span class='ocrx_word' id='word_1_567' title='bbox 1843 3334 2170 3384; x_wconf 81' lang='lat' dir='ltr'>simulacrum</span> <span class='ocrx_word' id='word_1_568' title='bbox 2191 3332 2284 3397; x_wconf 74' lang='lat' dir='ltr'>Sy·</span> 
     </span>
    </p>
   </div>
   <div class='ocr_carea' id='block_1_11' title="bbox 1349 3401 2283 3535">
    <p class='ocr_par' dir='ltr' id='par_1_19' title="bbox 1349 3401 2283 3535">
     <span class='ocr_line' id='line_1_92' title="bbox 1349 3401 2282 3463; baseline -0.001 -11"><span class='ocrx_word' id='word_1_569' title='bbox 1349 3401 1544 3452; x_wconf 86' lang='lat' dir='ltr'>racusis</span> <span class='ocrx_word' id='word_1_570' title='bbox 1583 3403 1806 3452; x_wconf 85' lang='lat' dir='ltr'>ablatum</span> <span class='ocrx_word' id='word_1_571' title='bbox 1842 3418 1873 3453; x_wconf 90' lang='lat' dir='ltr'>a</span> <span class='ocrx_word' id='word_1_572' title='bbox 1909 3405 2096 3463; x_wconf 86' lang='lat' dir='ltr'>Verre,</span> <span class='ocrx_word' id='word_1_573' title='bbox 2133 3403 2282 3453; x_wconf 82' lang='lat' dir='ltr'>Verr.</span> 
     </span>
     <span class='ocr_line' id='line_1_93' title="bbox 1349 3470 2283 3535; baseline 0.003 -16"><span class='ocrx_word' id='word_1_574' title='bbox 1349 3477 1568 3521; x_wconf 84' lang='lat' dir='ltr'>accusat.</span> <span class='ocrx_word' id='word_1_575' title='bbox 1589 3473 1641 3532; x_wconf 87' lang='grc'>4,</span> <span class='ocrx_word' id='word_1_576' title='bbox 1653 3472 1746 3535; x_wconf 80' lang='grc'><strong>’57,</strong></span> <span class='ocrx_word' id='word_1_577' title='bbox 1766 3472 1883 3524; x_wconf 89' lang='grc'><strong>128.</strong></span> <span class='ocrx_word' id='word_1_578' title='bbox 1939 3472 2003 3522; x_wconf 88' lang='lat' dir='ltr'>cl.</span> <span class='ocrx_word' id='word_1_579' title='bbox 2034 3474 2104 3523; x_wconf 89' lang='lat' dir='ltr'>ib.</span> <span class='ocrx_word' id='word_1_580' title='bbox 2125 3474 2178 3535; x_wconf 87' lang='grc'>4,</span> <span class='ocrx_word' id='word_1_581' title='bbox 2197 3470 2283 3529; x_wconf 88' lang='grc'>58,</span> 
     </span>
    </p>
   </div>
  </div>
 </body>
</html>
