2500 3850
522 198 586 246 1..
621 195 820 245 enno.
853 194 1219 244 METELLUS
1247 217 1324 227 -
1353 193 1989 254 Q.0AEc.STAT1Us.
2216 185 2297 244 55

277 366 536 420 pronepos
557 353 862 415 (stemmatis
887 349 1004 417 24.)
1027 379 1094 388 —
1111 351 1224 400 Tri-

277 425 446 473 bunus
464 423 537 488 pl.
559 439 606 474 a.
621 422 744 476 679.
767 430 816 471 et
836 437 966 472 anno
987 422 1222 487 proximo

276 494 508 558 legatuS,
543 493 608 541 de
639 493 764 558 imp.
800 490 893 545 Cn.
925 490 1105 555 Pomp.
1139 489 1220 556 19,

272 561 367 613 58.
399 589 468 597 —
499 561 686 611 Consul
719 575 833 611 cum
863 561 922 620 Q.
953 560 1222 609 Hortensio

275 645 325 683 a.
364 645 416 681 ιι.
453 645 496 679 c.
536 629 657 683 685.
695 657 761 668 --
791 630 968 681 Verris
1007 629 1221 694 amicus,

269 700 422 748 Verr.
447 699 555 748 Act.
583 700 610 748 1
625 735 639 762 ,
659 698 710 762 9,
734 698 817 749 26.
842 726 908 735 -
929 699 1050 748 Eius
1069 699 1223 748 bene-

269 768 408 817 ficiis
442 767 536 817 Dio
574 767 878 818 Halaesinus
907 769 1034 818 civis
1071 767 1217 816 Rom.

271 835 474 901 factae,
499 839 644 886 Verr.
666 844 888 886 accusat.
908 838 960 901 2,
981 837 1030 900 7,
1054 835 1136 889 19.
1151 863 1218 873 -

273 904 338 958 L.
383 904 593 955 Flaccus
638 905 831 955 bellum
873 903 1108 956 Cretense
1153 921 1219 954 ex

273 985 461 1039 magna
478 983 621 1039 parte
640 976 799 1040 gessit
819 981 968 1036 atque
985 989 1086 1024 una
1103 987 1218 1025 cum

267 1057 472 1093 summo
495 1045 796 1108 imperatore
811 1044 867 1102 Q.
886 1042 1085 1094 Metello
1103 1059 1217 1093 sus-

265 1113 451 1174 tinuit,
491 1127 584 1176 pro
607 1112 784 1162 Flacco
809 1111 870 1176 3,
899 1113 952 1166 6.
975 1139 1043 1150 --
1068 1111 1217 1162 Creta

270 1179 466 1230 Metelli
485 1182 668 1232 virtute
686 1189 882 1240 nostra,
910 1183 983 1232 lb.
1012 1181 1074 1232 13
1091 1218 1106 1245 ,
1128 1180 1214 1235 30.

272 1249 349 1297 Ib.
373 1247 457 1313 40,
482 1248 598 1301 100.
621 1277 689 1288 --
708 1250 1062 1315 Triumphavit
1083 1265 1133 1302 a.
1159 1265 1210 1298 ιι.

266 1334 317 1368 c.
349 1317 492 1379 692„
521 1319 572 1368 in
600 1319 767 1373 Pison.
787 1320 885 1383 24,
917 1319 1003 1372 58.
1027 1347 1094 1356 --
1115 1320 1216 1368 Le-

268 1394 422 1452 gatus
443 1387 509 1437 ad
530 1387 721 1438 Galliae
740 1389 974 1439 civitates
1005 1389 1211 1450 missus,

160 1515 168 1521 ·
271 1472 318 1504 a.
345 1471 399 1509 ιι.
428 1470 472 1504 c.
491 1455 620 1520 694,
650 1457 717 1507 ad
733 1458 837 1506 Att.
863 1457 922 1520 1,
945 1456 1038 1516 19,
1058 1458 1111 1508 2.
1149 1458 1210 1507 cl.

305 1539 365 1574 ro
391 1523 566 1578 Planc.
590 1525 673 1590 ll,
693 1527 779 1577 27.
820 1539 912 1591 pro
945 1525 1104 1576 Balbo
1123 1526 1210 1591 25,

305 1592 355 1643 6.
379 1621 446 1630 ——-
473 1593 566 1659 Ep.
589 1594 653 1643 ad
671 1593 813 1648 Brut.
838 1595 887 1657 1,
905 1593 960 1644 8.

187 1659 260 1712 L.
289 1659 575 1714 Caecilius
601 1661 868 1714 Metellus
885 1698 900 1725 ,
935 1664 995 1722 Q.
1023 1663 1210 1714 Metelli

267 1730 483 1796 Cretici,
514 1747 621 1783 cos.
656 1748 704 1788 a.
731 1749 784 1782 ιι.
812 1749 856 1784 c.
879 1731 1000 1783 685.
1035 1733 1210 1796 frater,

267 1815 376 1852 cos.
413 1801 525 1865 ips'e
555 1816 604 1849 a.
639 1817 689 1850 ιι.
724 1818 769 1856 c.
804 1800 926 1852 686.
963 1799 1052 1867 (Ν.
1093 1799 1210 1867 25.)

262 1869 473 1919 Praetor
493 1869 590 1919 fuit
608 1885 654 1919 a.
679 1886 730 1925 u.
752 1888 799 1922 c.
820 1869 961 1933 683„
979 1885 1070 1936 pro
1089 1872 1210 1921 Tul-

265 1940 336 1987 lio
356 1941 403 2002 5.
431 1938 516 1990 39.
539 1966 606 1977 ·-
633 1940 808 1991 Verris
830 1955 1092 1993 successor
1113 1956 1207 2006 pro

261 2017 500 2073 praetore
515 2006 742 2059 Siciliam
761 2010 1038 2075 obtinebat,
1058 2011 1205 2061 Verr.

263 2080 380 2127 Act.
405 2076 456 2137 1,
487 2078 539 2141 9,
574 2079 658 2129 27.
698 2086 918 2128 accusat.
951 2079 1001 2143 2,
1031 2080 1085 2138 4,
1119 2077 1205 2129 10.

260 2172 328 2183 --
354 2147 478 2195 Eius
508 2146 712 2210 laudes,
743 2151 887 2199 Verr.
923 2146 988 2209 3,
1019 2146 1099 2209 16,
1138 2147 1206 2198 43

264 2230 378 2278 sqq.
391 2212 552 2265 Simul
567 2222 718 2279 atque
731 2216 904 2267 Cicero
915 2216 968 2264 in
980 2214 1204 2265 Sici-liam

259 2285 427 2345 venit,
453 2292 674 2335 mutatus
695 2293 789 2349 est,
813 2286 958 2335 Verr.
983 2291 1207 2336 accusat.

261 2353 293 2401 2
311 2388 327 2413 ,
348 2350 444 2411 26,
462 2352 549 2404 63.
569 2354 642 2404 Ib.
662 2357 723 2417 2,
746 2354 832 2417 56,
856 2352 975 2405 138.
996 2380 1062 2390 -
1083 2354 1207 2403 Eius

259 2423 405 2470 iussu
440 2424 693 2486 repositae
715 2422 770 2473 C.
800 2424 977 2474 Verris
1010 2430 1208 2473 statuae

257 2504 290 2539 a
309 2488 650 2556 Centuripinis
681 2492 929 2553 deiectae,
952 2492 1100 2541 Verr.
1123 2506 1208 2541 ac-

257 2568 419 2607 cusat.
454 2561 514 2623 2,
551 2558 649 2624 67,
696 2560 813 2612 162.
847 2588 914 2597 -
947 2560 1129 2611 Multos
1153 2562 1206 2610 in

260 2628 475 2678 Verrem
488 2635 642 2679 testes
657 2630 872 2695 imperio
891 2635 938 2678 et
955 2636 1206 2694 potestate

257 2698 532 2760 determit,
570 2699 716 2750 Verr.
757 2707 977 2749 accusat.
1015 2696 1076 2761 3,
1113 2697 1202 2761 53,

261 2765 379 2814 122.
423 2765 488 2815 cl.
514 2767 585 2819 ib.
608 2767 667 2830 5,
702 2768 797 2831 21,
829 2768 916 2818 55.
951 2769 1095 2819 Verr.
1119 2780 1202 2817 ac-

257 2842 421 2886 cusat.
454 2832 517 2897 3,
551 2835 641 2894 65,
677 2836 797 2886 152.
821 2864 887 2873 --
915 2837 1038 2886 Eius
1067 2834 1202 2885 filius

257 2901 557 2954 adolescens
599 2902 828 2970 (stemm.
864 2904 948 2956 31.
955 2902 1007 2969 ),
1048 2906 1199 2956 Verr.

258 2979 484 3021 accusat.
503 2972 553 3034 3,
576 2972 664 3037 68,
687 2974 804 3027 159.

184 3036 266 3090 Μ.
309 3038 592 3091 Caecilius
636 3040 936 3106 Metellus,
989 3057 1198 3107 praece·

255 3109 424 3159 dentis
452 3109 610 3159 frater
627 3110 950 3176 (stemmatis
967 3112 1055 3166 26.
1063 3109 1110 3176 ).
1131 3140 1198 3149 -—

253 3176 321 3225 M.
343 3178 543 3229 Metello
563 3180 775 3247 obtigit,
795 3188 848 3230 ut
865 3181 1098 3246 (praetor
1115 3197 1198 3229 ur-

253 3245 420 3297 banus
450 3262 501 3301 a.
537 3263 590 3297 ιι.
624 3264 672 3297 c.
699 3217 818 3303 68'5.
827 3246 852 3312 )
875 3251 938 3300 de
968 3251 1200 3315 pecuniis

1365 351 1457 400 dos
1476 350 1805 416 gladiatorios
1826 350 1965 402 dedit
1984 367 2033 402 a.
2048 367 2099 402 ιι.
2116 367 2159 402 c.
2178 352 2301 420 694,

1362 420 1428 469 ad
1452 421 1553 470 Att.
1574 419 1771 483 2,1,1.

1293 486 1358 538 Ia.
1384 486 1665 538 Caecilius
1687 485 1750 538 Ia
1773 485 1835 538 F.
1857 487 1920 540 Ia.
1941 487 2009 540 N.
2031 488 2298 544 Metellus

1362 559 1594 607 tribunus
1618 556 1690 620 pl.
1728 571 1775 610 a.
1806 573 1855 608 u.
1887 575 1931 610 c.
1967 557 2086 608 705.
2106 558 2302 625 (Stem-

1366 628 1515 676 matis
1538 625 1621 679 31.
1628 623 1799 688 )Eum
1823 627 1980 676 voluit
2008 627 2195 678 Caesar
2216 644 2303 679 oc-

1364 697 1494 759 cidi,
1526 695 1592 745 ad
1623 695 1729 748 Att.
1760 695 1851 760 10,
1871 697 1933 759 4,
1964 695 2017 747 8.
2057 697 2128 746 lb.
2152 697 2217 761 8,
2248 699 2298 750 6.

1360 792 1427 802 -
1458 765 1587 814 Eum
1616 763 1763 814 Italia
1792 764 2094 829 prohibebat
2116 764 2302 818 Caesar

1360 831 1704 898 a.uc..706,
1726 834 1917 883 adAtt.
1948 833 2041 898 ll,
2062 837 2122 895 7,
2150 837 2201 890 2.
2234 863 2301 874 ——-

1358 903 1479 952 Eius
1520 918 1698 955 socrus
1741 901 1945 966 Clodia,
1999 904 2067 954 ad
2106 904 2206 954 Αιι.
2248 907 2297 972 9,

1360 971 1483 1034 6,3.

1292 1035 1637 1126 (Caecilius)
1666 1039 1952 1092 Metellus.
1990 1043 2066 1092 De
2094 1043 2296 1094 Metello

1358 1100 1463 1174 οὐχ
1494 1101 1623 1174 ὁσίη
1660 1109 2058 1175 φθιμένοισιν,
2098 1108 2192 1164 sed
2223 1123 2301 1163 ta-

1354 1194 1469 1230 men
1500 1179 1673 1230 multis
1692 1181 1841 1230 annis
1870 1181 1993 1232 civis
2022 1197 2170 1234 nemo
2193 1189 2300 1232 erat

1352 1257 1603 1313 mortuuS,
1627 1249 1715 1312 qui
1732 1250 2003 1312 quidem..
2063 1252 2163 1301 ,τιὰ
2192 1253 2295 1301 Att.

1352 1319 1556 1380 4,,72.

1284 1386 1355 1452 Q.
1378 1354 1659 1437 Caecilius
1680 1383 1874 1452 Niger,
1897 1385 2117 1450 SiculuS,
2143 1401 2297 1450 quae-

1353 1453 1539 1505 storC
1551 1455 1725 1505 Verris
1752 1470 1845 1518 per
1873 1463 2031 1504 totam
2061 1451 2298 1506 Divina-

1354 1523 1568 1574 tionem
1604 1524 1786 1572 acriter
1827 1524 2143 1589 exagitatur,
2188 1539 2298 1574 ma-

1350 1609 1544 1724 ιιιὲιιιέἐ9
1554 1592 1753 1642 divin.'
1738 1607 1791 1644 ιιι
1818 1592 1997 1644 Caecil.
2021 1591 2084 1658 8,
2105 1593 2186 1644 27.
2218 1594 2293 1646 Ib.

1281 1729 1362 1782 Μ.
1386 1727 1700 1794 Caecilius,
1720 1730 1875 1781 frater
1896 1731 1955 1790 Q.
1980 1731 2187 1783 Caecilii
2205 1733 2294 1783 Ni·

1350 1801 1455 1865 gri.
1500 1799 1770 1872 familiaris
1798 1800 1853 1849 C.
1890 1802 2096 1866 Verris,
2131 1803 2289 1853 divin.

1348 1868 1476 1928 inQ.
1502 1869 1687 1920 Caecil.
1710 1869 1761 1931 9,
1783 1869 1867 1919 29.

1270 1938 1343 1990 Ia.
1376 1937 1660 1990 Caecilius
1702 1907 1922 2003 R'ufus,
1958 1940 2111 1990 frater
2136 1942 2295 1991 uteri-

1346 2022 1443 2057 nus
1474 2010 1530 2058 P.
1555 2008 1727 2058 Sullae
1746 2008 1841 2073 (ad
1870 2008 1928 2067 Q.
1960 2008 2025 2059 fr.
2046 2009 2097 2073 3,
2117 2009 2167 2073 3,
2190 2008 2290 2075 2.),

1348 2076 1512 2139 qualis
1547 2079 1600 2126 in
1638 2079 1929 2143 rogatione,
1980 2093 2133 2141 quam
2172 2094 2293 2144 pro-

1346 2146 1593 2211 mulgavit
1612 2161 1713 2197 non
1738 2146 1801 2196 de
1832 2145 2079 2209 tollenda,
2112 2148 2207 2197 sed
2230 2148 2293 2199 de

1346 2214 1564 2265 levanda
1585 2215 1867 2265 calamitate
1884 2215 2057 2267 fratris
2080 2216 2158 2265 sui
2180 2216 2292 2267 fue-

1338 2285 1439 2349 rit,
1461 2299 1553 2349 pro
1574 2282 1715 2334 Sulla
1732 2286 1817 2347 22,
1836 2284 1922 2335 62.
1946 2312 2013 2321 -—
2036 2285 2290 2335 Tribunus

1346 2352 1419 2418 pl.
1436 2353 1506 2414 (ιι.
1523 2370 1575 2405 ιι.
1596 2370 1643 2403 c.
1659 2350 1811 2415 691.)
1831 2354 2062 2419 agrariae
2086 2352 2191 2418 legi
2213 2355 2289 2403 in-

1346 2432 1677 2471 tercessorem
1696 2436 1752 2471 se
1777 2421 1889 2471 fore
1908 2420 2172 2486 professus
2193 2430 2287 2484 est,

1345 2506 1439 2556 pro
1470 2488 1613 2539 Sulla
1638 2488 1735 2553 23,
1757 2488 1844 2542 65.
1866 2516 1932 2525 -
1956 2490 2014 2539 L.
2041 2488 2287 2541 Caecilius

1346 2562 1505 2609 iratus
1558 2559 1615 2618 Q.
1664 2557 1923 2622 Ciceroni,
1971 2557 2205 2622 placatus
2258 2574 2290 2609 a

1346 2627 1534 2691 Marco,
1558 2643 1669 2678 a.u.
1688 2643 1734 2677 o.
1756 2625 1899 2692 695„
1923 2627 1989 2677 ad
2009 2628 2067 2688 Q.
2086 2627 2150 2677 fr.
2170 2628 2216 2691 l,
2232 2629 2284 2693 2,

1346 2698 1399 2749 2.
1419 2697 1470 2759 S.
1496 2694 1553 2749 6.
1573 2725 1640 2733 --
1658 2698 1865 2748 Praetor
1880 2696 2135 2763 (urbanus
2158 2713 2205 2749 a.
2231 2712 2283 2747 ιι.

1344 2782 1389 2816 c.
1413 2764 1567 2831 697.)
1587 2764 1929 2833 promulgavit
1946 2766 2010 2817 de
2028 2767 2286 2818 Ciceronis

1342 2836 1506 2885 salute
1530 2850 1644 2885 eum
1682 2834 1894 2902 collegis
1926 2851 2088 2902 paene
2118 2837 2282 2886 omni-

1343 2905 1466 2968 bu8‚
1495 2912 1615 2971 post
1640 2906 1751 2958 red.
1783 2907 1834 2957 in
1865 2920 1975 2960 sen.
2006 2906 2067 2970 9,
2106 2906 2192 2959 22.
2216 2931 2283 2941 -

1340 2975 1465 3025 Eius
1485 2983 1779 3041 oppugnata
1801 2976 1981 3025 domus
1996 2990 2026 3024 a
2042 2976 2099 3024 P.
2120 2973 2285 3025 Clodii

1340 3043 1530 3109 operis,
1552 3058 1645 3109 pro
1664 3044 1769 3093 Mil.
1795 3044 1876 3109 14,
1899 3043 1985 3095 38.
2000 3042 2141 3101 —,P.
2164 3041 2281 3092 Sul-

1338 3113 1419 3163 lae
1450 3112 1607 3163 frater
1632 3112 1947 3177 subscriptor
1983 3113 2036 3161 in
2074 3126 2283 3161 accusa-

1336 3184 1474 3233 tione
1504 3183 1566 3231 A.
1575 3181 1793 3233 Gabinii
1826 3196 1873 3231 a.
1893 3198 1947 3234 u.
1969 3196 2013 3229 c.
2041 3178 2180 3244 700„
2215 3180 2282 3229 ad

1340 3249 1399 3309 Q.
1425 3250 1489 3302 fr.
1518 3250 1568 3313 3,
1592 3250 1643 3313 3,
1665 3251 1715 3299 2.

255 3317 552 3380 repetundis
580 3324 872 3381 quaereret,
911 3319 1059 3368 Verr.
1085 3320 1197 3369 Act.
1270 3317 1335 3368 C.
1358 3315 1641 3368 Caecilius
1660 3314 1899 3383 Statius,
1923 3319 2133 3368 Insuber
2160 3316 2274 3367 Gal-

258 3384 315 3446 1,
336 3384 400 3448 8,
425 3386 512 3435 21.
537 3386 804 3437 ——Verris
832 3388 1195 3453 amicissimus,

253 3425 1197 3519 1b.9‚26.1b.10‚30e131.-Lu-

1339 3386 1438 3451 lus,
1462 3395 1757 3437 mortuusa.
1779 3403 1829 3436 u.
1854 3402 1897 3437 c.
1918 3386 2040 3437 586.
2065 3384 2278 3436 —Cae-

1338 3454 1487 3505 cilius
1518 3455 1735 3505 fortasse
1765 3470 1993 3505 summus
2016 3458 2167 3520 poeta
2194 3468 2279 3502 oo-
