2500 3850
11 1832 12 1843 ⁴
9 1600 22 1771 -Ἦ-ΕἸιε
9 1424 22 1589 rmum-”rs
11 1380 14 1413 -
9 1274 14 1365 “·“-·--
9 1244 12 1263 -’
11 1216 14 1225 >
9 1190 12 1199 ·
11 1150 13 1155 ·
11 1078 13 1081 ’

809 171 960 220 SEX.
987 171 1278 220 STATIUS
1300 193 1388 204 -
1410 170 1659 219 ὅτοισι.
1861 210 1867 216 .
2022 147 2027 150 ’
2154 161 2281 224 375

259 344 377 377 cum
426 329 620 393 perisse
663 326 929 392 naufragio
970 341 1020 379 a.
1056 343 1108 376 u.
1151 343 1198 383 c.

261 395 410 459 708.,Δ
439 398 506 447 ad
523 397 625 445 Att.
652 395 734 454 12,
753 397 804 454 2,
826 395 874 446 1.
895 421 966 432 —-
983 397 1042 446 L.
1066 395 1203 446 Mur-

259 481 352 516 cus
373 464 498 524 etQ.
521 463 746 528 Crispu8‚
776 465 1128 529 imperatores,
1150 466 1202 514 in

259 532 408 599 Syria
427 535 682 583 exercitus
707 531 762 586 C.
787 531 962 582 Cassio
982 534 1202 584 tradide-

260 608 380 650 runt
399 599 448 652 a.
468 618 518 652 u.
535 617 583 652 c.
603 601 744 659 711..
768 601 975 652 Cassius
993 603 1057 652 ad
1077 601 1197 652 fam.

259 671 345 734 12,
371 670 453 732 11,
480 671 529 724 1.
555 671 618 720 cl.
640 685 720 734 ep.
743 670 810 720 ad
827 670 968 728 Brut.
989 673 1040 731 2,
1064 671 1112 723 5.
1131 697 1202 708 —-·

258 738 319 787 L.
360 737 550 788 Statius
585 739 786 788 Murcus
820 754 1051 803 procos,
1084 739 1200 790 Phi-

261 808 391 872 lipp.
417 808 500 870 11,
538 808 618 872 12,
653 806 738 860 30.

185 873 320 927 Sex.
363 873 600 940 Statius,
631 879 932 942 negotiator,
966 889 1200 926 necessa-

259 946 367 994 rius
402 944 488 995 Cn.
527 945 775 1010 Pompeii.
827 945 887 994 Ei
922 945 1200 1010 praefectu-

258 1027 367 1062 ram
402 1014 610 1079 negavit
647 1013 853 1079 Cicero,
893 1015 959 1064 ad
994 1015 1100 1064 Att.
1144 1013 1196 1079 6,

181 1116 398 1200 Stellas
454 1166 662 1217 campus
723 1152 778 1199 in
835 1153 1203 1212 mediterranea

259 1218 553 1284 Campania.
626 1220 754 1270 Eum
794 1221 957 1271 dividi
995 1221 1204 1272 iubebat

253 1287 313 1336 P.
334 1288 532 1349 Rullus,
573 1289 635 1338 de
664 1289 778 1354 lege
810 1305 920 1354 agr.
945 1289 988 1348 1,
1025 1291 1076 1351 7,
1113 1290 1198 1341 20.

253 1382 326 1392 —
343 1355 566 1406 Stellatis
585 1373 724 1422 ager,
759 1359 831 1408 Ib.
854 1360 906 1420 2,
935 1357 1023 1421 31,
1042 1357 1128 1408 85.

184 1422 442 1490 Sterope,
461 1425 648 1485 Pleias,
671 1427 808 1478 Arat.
826 1443 878 1478 v,
903 1425 1025 1479 270.

181 1490 566 1544 Stesichorus.
640 1494 767 1543 Eum
798 1508 900 1544 non
936 1495 1105 1560 coiigit
1144 1495 1198 1544 in

255 1563 368 1613 suis
381 1564 562 1614 studiis
580 1563 930 1612 obmutescere
941 1569 1195 1626 senectus,

252 1632 320 1681 de
341 1647 448 1683 sen.
467 1634 517 1696 7,
538 1630 622 1682 23.
638 1631 994 1682 ——Stesichori
1013 1633 1198 1697 poetae

257 1707 424 1750 statua
457 1714 606 1763 quae,
645 1708 751 1749 erat
777 1701 1029 1764 Thermis,
1064 1701 1197 1750 seni-

253 1768 322 1818 lis
342 1771 568 1828 incurva,
593 1785 708 1818 cum
727 1769 879 1831 libre,
899 1784 1098 1819 summo
1117 1785 1195 1818 ar-

253 1838 410 1890 tificio
430 1837 582 1901 facta,
615 1840 763 1889 Verr.
785 1847 1006 1891 accusat.
1025 1841 1076 1899 2,
1109 1838 1192 1901 35,

253 1906 340 1959 87.
379 1934 446 1943 -
476 1906 758 1958 Stesichori
790 1908 1097 1969 versiculus,
1129 1907 1198 1958 a'd

252 1979 356 2028 Att.
377 1978 428 2037 9,
465 1976 548 2041 13,
585 1979 632 2030 1.

181 2043 455 2097 Sthenius
476 2045 850 2107 Thenmitanus,
877 2049 1026 2098 Verr.
1049 2062 1194 2096 accu-

255 2116 417 2178 sat.2,
451 2115 534 2174 34,
569 2116 654 2167 83.
689 2117 836 2180 11).2,
871 2115 956 2176 36,
991 2115 1076 2165 88.
1117 2116 1192 2165 lb.

254 2186 307 2243 2,
337 2183 424 2246 46,
458 2151 575 2233 11⁹3.
625 2186 774 2234 Verr.
807 2192 1027 2233 accusat.
1060 2186 1111 2249 2,
1141 2185 1192 2250 5,

251 2219 1192 2317 4⁹2,1091b.„.2491281b.’}3

181 2385 431 2453 Stilpho,
465 2402 688 2451 persona
716 2389 1033 2450 Terentiana,
1069 2397 1194 2439 orat.

252 2458 341 2518 47,
383 2456 500 2507 157.

181 2523 369 2593 Stilpo
404 2524 735 2591 Megarensis,
775 2526 992 2575 Zenonis
1023 2526 1196 2576 Gittiei

251 2594 1194 2727 {522221132‘3‘..}T..i{i¹zt’.?.;?212‘322

251 2733 470 2793 teribus,
526 2733 618 2781 sed
654 2734 837 2782 minuti
875 2732 1191 2798 philosophi,

253 2816 470 2863 quorum
498 2810 614 2851 sunt
645 2809 870 2852 contorta
895 2810 944 2852 et
963 2800 1194 2852 aculeata

251 2871 498 2931 quaedam
534 2868 884 2934 σοφίσματα,
914 2872 1076 2921 Acad.
1111 2886 1189 2936 pr.

290 2939 428 2999 2,4,
467 2937 551 2988 75.
580 2964 650 2976 —-
683 2936 867 3005 Stilpo,
906 2940 1192 3005 Megaricus

249 3006 606 3072 philosophus,
645 3016 824 3058 acutus
860 3024 984 3060 sane
1016 3009 1190 3075 homo,

253 3076 315 3126 de
335 3076 439 3125 fato
459 3074 626 3135 5,10.

178 3142 360 3195 Stoici
379 3148 441 3194 ab
463 3145 777 3209 Antisthene,
802 3148 865 3197 de
885 3128 1009 3197 orat.
1031 3147 1082 3207 3,
1105 3148 1189 3207 17,

251 3214 337 3267 62.
359 3241 429 3250 —-
450 3212 604 3263 Stoici
628 3230 692 3264 ex
712 3216 946 3266 omnibus
962 3216 1190 3281 philoso-

251 3282 368 3344 phis
397 3281 617 3345 plurima
645 3293 974 3341 novaverant,
1009 3285 1073 3334 dc
1099 3284 1188 3333 fin.

247 3348 301 3409 3,
324 3353 374 3411 2,
395 3350 444 3400 5.
460 3375 527 3387 —
545 3354 678 3402 Vera
697 3351 1002 3419 elegansque
1009 3350 1188 3418 philo-

247 3418 371 3481 phia
403 3419 552 3469 ducta
586 3434 616 3469 a
635 3418 876 3471 Socrate
864 3437 914 3471 in
932 3422 1189 3487 Peripate-

1340 328 1453 377 ticis
1474 327 1641 377 adhuc
1657 328 1936 392 permansit
1955 335 2003 378 et
2023 329 2159 379 idem
2180 329 2282 380 alio

1340 397 1494 446 modo
1536 396 1821 446 dicentibus
1860 396 2073 459 Stoicis,
2126 414 2283 462 quum

1340 465 1634 515 Academici
1680 479 1855 514 eorum
1910 469 2281 518 controversias

1342 534 1702 598 disceptarent,
1731 534 1935 584 Tuscul.
1955 537 2009 599 4,
2038 533 2088 596 3,
2110 535 2163 586 6.
2201 537 2276 586 Ib.

1341 605 1392 664 4,
1435 601 1487 663 5,
1530 600 1581 652 9.
1622 603 1697 654 lb.
1728 604 1781 662 4,
1821 601 1873 663 6,
1912 602 1993 652 12.
2026 630 2099 641 -—
2122 602 2283 655 Stoici

1342 686 1497 733 quum
1510 686 1540 720 a
1550 670 1902 735 Peripateticis
1914 673 2281 723 etAcademicis

1342 741 1513 789 omnia
1548 739 1947 804 transtulissent,
1990 743 2281 792 nominibus

1341 808 1457 858 aliis
1492 809 1698 858 easdem
1732 823 1815 859 res
1843 811 2004 859 secuti
2034 818 2177 874 sunt,
2219 811 2283 860 de

1342 877 1431 930 fin.
1452 879 1506 938 5,
1526 877 1576 936 8,
1599 878 1684 931 22.
1706 903 1777 916 --
1795 877 1951 928 Stoici
1976 891 2007 928 a
2025 881 2282 945 Peripate-

1340 947 1455 996 ticis
1492 953 1542 996 et
1565 947 1884 996 Academicis
1912 949 2085 999 verbis
2116 950 2283 1014 magis

1341 1030 1492 1076 quam
1518 1015 1783 1065 sententiis
1811 1016 2079 1077 differunt,
2112 1017 2278 1070 Acad.

1339 1099 1418 1148 pr.
1440 1085 1491 1143 2,
1518 1083 1573 1146 5,
1607 1083 1937 1137 15.--1nter
1964 1099 2053 1136 eos
2085 1094 2135 1135 et
2152 1088 2281 1136 Aca-

1340 1153 1565 1202 demicos
1597 1160 1672 1203 est
1699 1168 1802 1204 non
1832 1155 1896 1204 de
1916 1156 2161 1214 terminis,
2189 1156 2283 1204 sed

1340 1223 1405 1272 de
1461 1228 1569 1271 tota
1628 1224 1963 1290 possessione
2008 1227 2279 1283 contentio,

1340 1290 1500 1343 Acad.
1524 1305 1603 1354 pr.
1632 1294 1683 1350 2,
1715 1291 1805 1355 43,
1843 1292 1960 1344 132.
1991 1320 2061 1329 -
2088 1294 2281 1344 Verum

1338 1374 1441 1409 non
1476 1372 1606 1420 esse,
1643 1358 1781 1420 quod
1819 1361 2079 1411 contendit
2106 1363 2284 1411 Antio-

1340 1426 1485 1486 chuS,
1513 1426 1700 1476 Stoicis
1722 1442 1837 1476 cum
1856 1425 2206 1494 Peripateticis
2225 1440 2282 1480 re

1340 1497 1631 1558 concinere,
1667 1497 1836 1546 verbis
1873 1497 2181 1564 discrepare,
2216 1498 2281 1548 de

1336 1579 1388 1616 n.
1416 1565 1467 1614 d.
1494 1564 1543 1629 1,
1578 1565 1628 1626 7,
1664 1565 1745 1618 16.
1782 1591 1851 1600 -—
1882 1566 2042 1616 Stoici
2060 1568 2279 1618 maxime

1338 1632 1457 1682 forti
1484 1639 1553 1696 et,
1584 1640 1640 1682 ut
1666 1634 1739 1684 ita
1759 1635 1945 1695 dicam,
1976 1637 2114 1685 virili
2129 1644 2279 1686 utun

1336 1709 1418 1750 tur
1426 1703 1620 1752 ratione
1632 1709 1782 1765 atque
1794 1706 2060 1765 sententia,
2071 1705 2275 1755 Tuscul.

1336 1769 1389 1831 3,
1427 1771 1509 1831 10,
1542 1771 1625 1821 22.
1648 1795 1713 1807 —
1741 1770 1870 1821 Sunt
1888 1772 2148 1824 Socratica
2168 1775 2277 1840 ple-

1334 1854 1493 1918 raque
1516 1839 1769 1889 mirabilia
1795 1841 2114 1910 Stoicorum,
2146 1857 2278 1906 quae

1334 1900 1636 1972 παράδοξοι
1655 1911 1993 1975 nominantur,
2014 1913 2176 1966 Acad.
2197 1927 2275 1978 pr.

1334 1978 1389 2041 2,
1420 1979 1507 2036 44,
1538 1975 1656 2032 136.
1678 1980 2089 2046 —Percipiendi
2106 1984 2187 2033 vis
2206 1984 2279 2031 ita

1336 2046 1575 2096 definitur
1594 2061 1623 2095 a
1636 2044 1840 2129 Stoicis,
1854 2058 1910 2098 ut
1930 2060 2115 2117 negent
2129 2051 2279 2113 quid-

1335 2131 1489 2178 quam
1517 2130 1673 2180 posse
1705 2118 1901 2183 percipi
1931 2120 2030 2169 nisi
2059 2120 2161 2171 tale
2188 2134 2277 2170 ve-

1333 2200 1463 2249 rum,
1487 2183 1638 2247 quale
1650 2184 1837 2235 falsum
1849 2200 1963 2237 esse
1978 2203 2079 2238 non
2090 2188 2273 2255 possit,

1334 2254 1398 2304 de
1422 2253 1511 2307 fin.
1540 2253 1593 2317 5,
1624 2254 1709 2313 26,
1740 2255 1822 2307 76.
1842 2282 1913 2292 -
1942 2255 2103 2307 Stoici
2122 2258 2279 2308 multa

1333 2321 1467 2373 falsa
1502 2337 1617 2372 esse
1648 2324 1823 2374 dicunt
1849 2325 2103 2389 longeque
2130 2326 2278 2376 aliter

1334 2406 1391 2442 se
1416 2390 1606 2441 habere
1637 2406 1697 2441 ac
1728 2395 1963 2443 sensibus
1988 2396 2275 2456 videantur,

1332 2460 1495 2512 Acad.
1530 2474 1612 2523 pr.
1641 2463 1693 2521 2,
1731 2459 1817 2521 31,
1857 2461 1977 2512 101.
2018 2489 2081 2499 -
2121 2462 2279 2515 Stoici

1332 2528 1597 2577 iudicandi
1647 2530 1756 2579 vias
1795 2528 2069 2596 diligenter
2103 2546 2277 2597 perse-

1333 2598 1437 2646 cuti
1464 2604 1583 2647 sunt
1613 2613 1673 2647 ea
1698 2598 1941 2662 scientia,
1976 2615 2127 2663 quam
2152 2597 2275 2650 διοι-

1330 2656 1593 2730 λεκτικὴν
1638 2667 1926 2751 appellant,
1984 2670 2276 2721 inveniendi

1333 2742 1518 2800 artem,
1557 2749 1688 2798 quae
1717 2732 1925 2802 τοπικὴ
1957 2738 2238 2802 dicitur,--

1331 2809 1489 2853 totam
1508 2804 1831 2867 reliquerunt,
1857 2809 2015 2873 topic.
2038 2810 2090 2872 2,
2118 2810 2169 2861 6
2210 2808 2275 2862 cl.

1331 2874 1393 2922 de
1412 2872 1499 2925 fin.
1521 2875 1575 2933 4,
1607 2876 1661 2936 4,
1696 2875 1781 2941 10.
1801 2876 2047 2926 ——Stoici
2067 2878 2275 2927 soi-item

1330 2948 1381 2991 et
1398 2911 1761 3007 ψευδόμενον
1777 2944 1992 3011 plagas
1980 2947 2080 3010 ipsi
2098 2952 2274 2997 contra

1329 3019 1683 3073 setexuerunt,
1703 3014 1865 3066 Acad.
1881 3029 1960 3077 pr.
1974 3015 2025 3073 2,
2041 3014 2130 3079 48,
2149 3014 2270 3064 147.

1328 3102 1397 3113 ··-
1424 3080 1657 3132 Breviter
1691 3082 1971 3147 astringere
2000 3082 2167 3133 solent
2192 3097 2273 3131 ar-

1328 3155 1597 3213 gumenta,
1637 3149 1842 3201 Tuscul.
1882 3149 1940 3209 3,
1977 3150 2036 3211 6,
2079 3150 2160 3201 13.
2201 3178 2273 3189 —-

1330 3215 1492 3265 Stoici
1521 3216 1814 3279 irridentur,
1849 3218 1917 3269 de
1938 3227 2065 3269 orat.
2100 3220 2150 3279 3,
2185 3218 2269 3281 18,

1328 3284 1397 3335 65
1414 3299 1525 3348 sqq.
1544 3312 1611 3321 —
1630 3283 1788 3335 Stoici
1806 3289 2024 3338 traducti
2044 3304 2075 3337 a
2094 3289 2262 3353 dispu-

1324 3353 1482 3403 tando
1535 3355 1603 3403 ad
1653 3355 1919 3407 dicendum
1972 3357 2271 3421 plerumque

1326 3422 1507 3487 inopes
1525 3424 1860 3488 reperiuntur,
1879 3426 2023 3478 Brut.
2038 3426 2123 3487 31,
2147 3425 2263 3479 118.
