2500 3850
770 208 1145 257 SALENTINI
1169 229 1254 239 ·--
1279 208 1642 257 SAMNITES.

156 362 458 427 Salentini,
494 365 716 450 pop-ulus
739 359 1016 425 Calabriae,
1050 378 1175 427 quo-

223 449 338 482 rum
360 442 511 497 caput
531 427 783 494 Salentia,
820 450 910 498 pro
932 432 1051 483 Sex.
1073 432 1173 482 Ro-

228 503 335 551 scio
358 501 590 562 46,132.
932 520 935 525 ·

160 568 458 620 Salernum
475 607 489 634 ,
528 572 774 636 oppidum
796 571 1170 620 Picentinorum

228 640 281 687 in
298 639 485 703 Magna
506 638 733 703 Graecia,
762 640 915 690 hodie
926 638 1163 703 Salei-720,

228 708 295 757 ad
312 707 427 757 Her.
452 710 506 768 4,
532 708 619 771 51,
649 709 736 761 64.

157 772 302 826 Salii
315 776 487 825 Martis
506 778 817 826 sacerdotes.
832 803 897 813 —
920 774 1169 827 Saliorum

226 859 424 905 verena,
462 845 527 895 de
550 853 677 900 orat.
702 844 761 906 3,
800 845 899 904 51,
944 844 1060 897 197.
1100 871 1169 883 —

226 912 483 963 Saliorum
514 916 685 975 curia,
721 930 852 977 quae
887 921 966 963 est
997 916 1051 963 in
1072 914 1167 961 Pa-

225 982 373 1043 latio,
412 983 465 1032 in
503 997 565 1032 ea
590 985 723 1033 situs
740 990 845 1032 erat
867 982 1070 1034 Romuli
1103 982 1166 1030 li-

226 1058 374 1115 tuuS,
413 1052 477 1101 de
515 1052 676 1102 divin.
720 1053 780 1113 1,
822 1051 917 1113 17,
962 1050 1046 1102 30.
1096 1077 1165 1087 -—

223 1118 429 1184 Epulati
472 1135 649 1171 sumus
689 1120 933 1170 Saliarem
972 1122 1020 1169 in
1056 1136 1165 1171 mo-

228 1189 365 1251 dum,
396 1190 463 1239 ad
483 1191 585 1239 Att.
608 1192 659 1251 5,
684 1188 735 1252 9,
762 1190 809 1239 1.

2085 178 2092 183 ’
2127 198 2253 261 345

1317 364 1446 414 stius
1470 362 1641 413 officio
1654 366 1811 414 vincit
1832 381 2023 427 omneS,
2046 367 2113 416 ad
2126 366 2253 419 fam..

1318 433 1398 491 14,
1419 435 1471 493 4,
1499 432 1549 482 6.
1579 460 1650 469 —-
1672 431 1864 484 Cicero
1887 450 1999 485 cum
2025 434 2256 485 Salustio

1315 499 1603 550 Ciceronem
1657 515 1809 551 suum
1863 503 1927 552 ad
1982 502 2251 554 Caesarem

1310 570 1510 619 mittere
1532 571 1801 636 cogitabat,
1835 572 1902 621 ad
1921 571 2025 622 Att.
2047 573 2127 630 11,
2156 575 2244 635 17,

1313 639 1360 691 1.
1400 638 1462 687 cl.
1501 640 1564 688 ad
1595 640 1717 693 fam.
1750 640 1834 700 14,
1863 639 1948 691 11.
1989 668 2054 677 -
2092 642 2249 691 Aiunt

1311 720 1412 757 non
1432 707 1576 773 nulli,
1597 709 1719 757 item
1740 708 2014 770 salustiae,
2046 708 2248 759 Cicero·

1309 791 1425 825 nem
1479 778 1766 841 oportuisse
1812 792 2052 828 accusare
2098 777 2248 828 Gabi-

1309 846 1452 894 nium
1471 860 1519 895 a.
1542 861 1596 895 u.
1619 861 1664 894 c.
1687 846 1828 907 700„
1851 848 1916 895 ad
1941 846 1998 905 Q.
2023 846 2086 895 fr.
2122 846 2172 912 3,
2193 849 2258 907 4„

1307 914 1339 963 2
1361 922 1408 963 et
1429 914 1477 966 3.
1502 940 1572 951 —
1591 913 1870 965 Consilium
1893 916 1980 965 dat
2012 914 2242 965 Ciceroni

1309 984 1372 1031 de
1405 984 1773 1047 componendis
1801 984 1941 1034 libris
1971 985 2033 1034 de
2066 1001 2120 1035 re
2148 1000 2256 1050 pu·-

1306 1050 1456 1114 blica,
1494 1052 1565 1101 Ib.
1591 1052 1642 1113 3,
1664 1052 1716 1113 5,
1739 1054 1787 1105 1.
1825 1053 1888 1102 de
1913 1054 2069 1103 divin.
2091 1052 2254 1117 1,28,.

1239 1185 1302 1237 C.
1328 1186 1630 1249 Salustius,
1661 1191 1728 1241 ad
1747 1189 1868 1240 fam.
1895 1192 1945 1252 2,
1972 1192 2052 1253 17,
2073 1194 2120 1245 1.
2149 1200 2152 1202 ’

158 1254 535 1307 Salinator.V.
550 1256 627 1307 Μ.
646 1254 841 1307 Livius
857 1254 1161 1307 {alinaton
1232 1254 1297 1305 P.
1328 1255 1612 1308 Salustius
1628 1294 1643 1321 ,
1683 1258 1748 1307 ad
1769 1261 1872 1313 Att.
1900 1260 1985 1320 11,
2007 1259 2092 1321 11,
2115 1262 2167 1311 2.

159 1322 483 1376 ΙαΙῙιιεῑίιιε.
517 1328 583 1376 V.
598 1324 899 1376 Salustius.

158 1390 437 1444 Salmacis
460 1394 694 1459 Nympha
722 1394 878 1443 fontis
902 1395 1161 1461 cognomi·

226 1464 305 1512 nis
343 1462 480 1527 apud
516 1463 954 1523 Halicarnassum,
994 1465 1165 1513 iuncta

230 1546 343 1580 cum
363 1531 807 1597 Hermaphrodito,
845 1532 1086 1596 probrum
1111 1532 1163 1581 in

156 1616 541 1720 Seieugglltitillrlrg,
558 1598 1164 1733 edeffiffbgfisigfutglbme-

228 1745 361 1786 tores
386 1739 667 1802 (duumviri
696 1740 794 1788 iuri
814 1737 1057 1801 dicundo)
1070 1738 1163 1787 Ca-

226 1820 359 1869 puae
380 1805 631 1867 coloniae,
654 1808 716 1857 (13
737 1806 850 1873 lege
869 1822 979 1873 agr.
1008 1808 1057 1865 2,
1077 1808 1160 1867 34,

154 1941 320 1994 Salus
342 1946 469 2006 dea,
504 1946 689 2012 deleg.
720 1947 879 2006 2,11,
904 1947 987 1997 28.
1024 1946 1089 1995 (13
1109 1959 1159 1996 n.

226 2013 275 2062 (1.
306 2014 357 2072 2,
378 2013 461 2073 23,
492 2014 579 2066 61.
614 2042 681 2051 —
710 2014 834 2064 Eius
859 2015 1041 2064 natalis
1060 2014 1161 2065 No-

226 2082 305 2130 nis
336 2049 613 2132 Sextilibus
650 2083 1030 2145 celebrabatur,
1066 2098 1159 2148 pro

226 2147 388 2202 Sestio
412 2151 664 2217 63,131.
711 2153 777 2202 ad
806 2152 1080 2214 Att.4,1‚
1107 2154 1157 2202 4.

225 2245 294 2255 —
316 2218 506 2271 Salutis
529 2222 818 2286 augurium,
840 2221 901 2270 (13
922 2221 1081 2272 divin.
1107 2222 1155 2280 1,

223 2289 576 2348 47‚105.-—
617 2291 977 2350 Proverbium;
1007 2291 1162 2352 Ipsa·

225 2324 373 2406 Sal'us
425 2366 475 2407 te
532 2373 739 2410 servare
782 2371 883 2407 non
936 2361 1156 2422 potest’,

222 2427 365 2475 Verr
411 2435 635 2480 accusat.
685 2427 882 2490 3,57‚
931 2425 1047 2476 131.

225 2493 493 2544 Caesarem
530 2489 785 2546 σύννοιαν
818 2494 1026 2552 Quirino
1057 2507 1162 2542 ma-

222 2564 330 2612 vult
350 2561 526 2614 Cicero
556 2580 708 2627 quam
737 2561 924 2626 Saluti,
968 2563 1033 2612 ad
1052 2563 1157 2614 Au.

228 2631 308 2695 12,
336 2634 423 2697 45,
445 2632 495 2682 3.
636 2668 647 2680 ,

152 2697 454 2764 Salustius,
476 2699 687 2751 Salustii
708 2699 1067 2765 Empedoclea,
1099 2700 1163 2749 ad

226 2768 284 2826 Q.
310 2767 371 2819 fr.
396 2771 459 2830 2,
483 2768 517 2818 9
536 2769 667 2834 (11),
699 2771 751 2820 4.

154 2833 217 2885 G.
246 2834 533 2886 Salustius
550 2834 793 2900 Crispus
815 2833 1157 2902 (historicus),

220 2903 338 2953 trib.
360 2903 434 2966 pl.
461 2918 510 2951 a.
546 2921 597 2954 u.
631 2921 677 2956 c.
712 2903 830 2956 702.
870 2931 939 2942 —
975 2904 1159 2956 Caesar

221 2973 375 3021 etiam
388 2970 609 3024 Salustio
630 2974 843 3039 ignovit,
860 2973 926 3024 ad
946 2975 1050 3028 Au.
1074 2975 1154 3040 11,

152 3107 252 3158 Gn
274 3106 590 3170 Salustius,
627 3119 681 3161 ut
699 3112 928 3172 videtur,
962 3079 1158 3164 Cicero-

222 3177 301 3226 nis
332 3178 508 3228 cliens.
584 3180 745 3232 Homo
780 3181 1050 3243 litteratus,
1089 3181 1155 3230 ad

222 3245 281 3303 Q.
308 3245 371 3297 fr.
393 3245 445 3307 3,
464 3247 516 3309 5,
542 3248 588 3299 1.
627 3277 699 3288 —-
734 3250 863 3300 Eum
892 3251 1155 3299 restituere

219 3315 274 3362 in
303 3313 479 3366 Luceii
500 3325 719 3368 veterem
741 3320 957 3385 gratiam
980 3316 1153 3367 Cicero

221 3395 321 3432 non
345 3385 527 3448 potuit,
566 3388 633 3436 ad
652 3389 754 3436 Att.
777 3389 826 3446 1,
848 3387 899 3447 3,
921 3387 971 3438 3.
1008 3387 1083 3435 Ib.
1107 3387 1155 3444 1,

225 3450 318 3516 11,
341 3453 387 3503 1.
424 3454 498 3502 1b.
522 3454 605 3514 11,
629 3455 711 3520 11,
730 3457 779 3505 2.
802 3482 871 3492 —-
897 3453 987 3506 Cn.
1009 3451 1159 3503 Salu-

1230 2490 1530 2544 Samnites.

1237 1322 1306 1389 Q.
1339 1322 1702 1375 Salvidienus
1730 1325 1950 1389 Rufus,
1987 1327 2254 1379 Octaviani·

1305 1394 1824 1459 studiosissimusAEp.
1841 1396 1907 1443 ad
1921 1395 2058 1443 Brut.
2088 1396 2134 1455 1,
2157 1397 2241 1448 17.

1233 1459 1461 1512 Salvius
1485 1463 1695 1511 libertus
1720 1463 2016 1526 depravavit
2033 1464 2242 1513 Horten-

1306 1532 1440 1584 sium
1459 1532 1634 1591 filium,
1657 1531 1723 1580 ad
1744 1533 1846 1581 Att.
1877 1530 1957 1595 10,
1985 1530 2066 1585 18.
2105 1534 2148 1584 l.

1234 1595 1484 1663 Salvius,
1507 1614 1685 1651 servus
1712 1601 1946 1650 librarius
1970 1599 2152 1660 Attici,
2177 1602 2257 1650 ad..

1307 1669 1406 1717 Att.
1434 1668 1524 1729 13,
1546 1671 1633 1729 44,
1659 1666 1710 1719 3.
1735 1697 1803 1705 —
1827 1672 2127 1735 Anagnosta
2152 1673 2242 1719 At-

1301 1736 1405 1800 tici,
1441 1738 1506 1787 ad
1525 1739 1628 1787 Att.
1660 1737 1738 1794 16,
1760 1740 1811 1798 2,
1835 1739 1888 1789 6.
1945 1739 2012 1788 ad
2043 1739 2163 1791 fam.
2185 1737 2239 1801 9,

1306 1804 1388 1866 10,
1411 1806 1454 1855 1.
1493 1808 1559 1856 ad
1576 1807 1680 1857 Att.
1711 1806 1762 1866 9,
1778 1808 1826 1864 7,
1849 1808 1895 1855 1.
1935 1808 2000 1855 ad
2020 1804 2078 1865 Q.
2103 1806 2164 1855 fr.
2187 1806 2238 1872 3,

1305 1873 1414 1934 1,6.
1448 1874 1500 1935 §-
1523 1876 1605 1926 21.
1643 1875 1719 1927 Ib.
1741 1874 1793 1938 3,
1813 1876 1862 1934 2,
1886 1876 1936 1926 1.

1234 1941 1650 2005 Samarobriva,
1674 1945 1920 2008 oppidum
1943 1944 2154 2005 Galliae,
2175 1945 2246 1994 ad

1287 2011 1502 2131 41231137,
1528 2013 1678 2075 11‚2.
1719 2015 1791 2060 Ii).
1819 2015 1973 2072 7,12,
2000 2014 2048 2062 1.
2085 2013 2160 2066 lb.
2187 2015 2243 2074 7,

1228 2147 1458 2200 Samiae
1494 2150 1794 2214 capediueS,
1833 2149 2006 2200 Laelio
2047 2151 2097 2204 in
2131 2165 2240 2200 ora-

1298 2220 1436 2268 tione
1456 2226 1760 2269 memoratae
1775 2257 1789 2280 ,
1823 2219 1884 2268 de
1903 2235 1940 2268 r.
1962 2234 2016 2283 p.
2041 2220 2090 2280 6,
2113 2221 2164 2281 2,
2186 2222 2246 2270 2.

1228 2284 1540 2338 Samiarius
1559 2289 1733 2343 exsul,
1770 2287 2063 2338 Dolabellae
2092 2290 2238 2338 iussu

1298 2364 1457 2405 tortor
1485 2364 1534 2405 et
1563 2357 1787 2406 carnifex
1811 2357 2047 2406 Trebonii
2066 2392 2080 2414 ,
2117 2356 2248 2405 Phi-

1301 2425 1428 2488 lipp.
1455 2424 1538 2483 11,
1558 2426 1608 2484 2,
1629 2423 1681 2476 5.

1577 2492 1700 2542 Cum
1724 2491 2036 2542 Samnitibus
2059 2492 2122 2543 de
2145 2494 2248 2542 im·

1300 2563 1443 2627 perio
1469 2561 1828 2623 dimicabatur,
1875 2563 1936 2612 de
1958 2561 2040 2612 off.
2068 2561 2241 2625 1,-12,

1302 2629 1389 2684 38.
1427 2656 1494 2664 —
1526 2629 1613 2678 Eis
1647 2631 1808 2680 dediti
1843 2646 1892 2681 a.
1927 2647 1979 2680 u.
2029 2647 2070 2683 c.
2113 2629 2231 2682 433.

1301 2699 1362 2748 T.
1407 2697 1649 2748 Veturius
1705 2708 1755 2748 et
1807 2699 1895 2767 Sp.
1949 2701 2248 2752 Postumius

1302 2781 1462 2830 coss.,
1500 2768 1560 2816 Ti
1581 2767 1870 2830 Numicius,
1911 2770 1970 2830 Q.
2004 2770 2246 2830 MaeliuS,

1291 2837 1366 2886 (13
1397 2804 1482 2889 of’f.
1518 2835 1577 2901 3,
1621 2838 1715 2900 30,
1761 2838 1878 2890 109.
1906 2839 2065 2888 -De
2110 2853 2236 2889 auio

1298 2904 1600 2955 Samnitium
1641 2922 1938 2973 responsum
1971 2897 2054 2956 Μ.
2081 2907 2246 2970 Curii,

1297 2976 1544 3039 paradox.
1569 2973 1619 3039 6,
1641 2977 1728 3028 48.
1766 3003 1832 3012 —-
1855 2976 2115 3056 Quondam
2143 2973 2246 3022 ho-

1299 3050 1422 3104 stes,
1442 3049 1622 3108 postea
1649 3043 1860 3094 clientes
1880 3044 1965 3120 Μ’.
1989 3035 2143 3106 Curii,
2174 3040 2246 3091 de

1297 3127 1341 3160 r.
1362 3126 1416 3176 Ρ.
1446 3111 1496 3171 3,
1527 3110 1612 3175 28,
1645 3109 1730 3163 40.
1753 3139 1824 3150 --
1853 3101 1944 3159 Μ’.
1969 3110 2151 3160 Curius
2173 3110 2247 3160 (13

1300 3179 1610 3229 Samnitibus
1632 3177 1992 3244 triumphavit,
2035 3179 2098 3228 de
2125 3193 2232 3228 sen.

1301 3247 1385 3309 16,
1403 3246 1490 3296 55.
1516 3247 1789 3297 —Foedus
1809 3262 1922 3296 cum
1941 3247 2004 3296 iis
2025 3247 2232 3310 factum,

1300 3316 1362 3366 (13
1381 3314 1484 3363 inv.
1504 3315 1557 3375 2,
1577 3314 1661 3374 30,
1681 3317 1767 3368 91.
1784 3315 2054 3365 —Eorum
2074 3322 2244 3366 castra

1299 3389 1413 3432 ante
1435 3382 1617 3432 Nolam
1637 3398 1668 3434 a
1688 3383 1826 3434 Sulla
1845 3393 2016 3449 capta,
2040 3385 2103 3435 de
2125 3384 2240 3433 div

1303 3452 1350 3514 1,
1375 3449 1460 3513 33,
1485 3451 1568 3501 72.
