2500 3850
619 232 679 282 Τ.
706 231 935 279 ROSCII
958 232 1207 279 CAPITO
1229 231 1317 279 ET
1337 232 1618 280 MAGNUS
1647 256 1720 264 —
1749 234 2040 281 RULLUS.

294 383 379 435 T.
392 382 588 436 Roscii
604 384 803 451 Capito
824 392 872 437 et
880 384 1141 455 Magnus,
1154 388 1249 438 Am
1258 405 1310 437 e-

373 455 489 519 rini,
516 456 747 505 scelerati
768 454 885 509 Sex.
902 458 1072 510 Roscii
1094 458 1307 517 inimici,

373 538 467 641 8ξο
488 521 605 575 Sex.
628 524 816 575 Roscio
837 525 888 589 6,
912 520 975 575 17
994 525 1208 589 sqq.‘1b.
1224 524 1308 585 35,

293 659 430 711 Sex.
468 658 712 711 Roscius
734 698 749 724 ,
798 664 1092 725 AmerinuS,
1142 669 1306 729 pater.

372 728 495 777 Eius
535 732 667 793 vita,
715 747 905 797 moreS,
961 735 1127 781 exitus
1145 770 1159 795 ‚
1210 748 1305 797 pro

371 796 491 847 Sex.
512 798 697 849 Roscio
729 800 785 862 6,
812 802 876 851 15
905 816 1017 864 sqq.
1046 829 1117 837 -—
1144 802 1304 853 Homo

372 867 669 985 splendidus
712 876 760 918 et
800 871 1051 935 gratiosus
1072 906 1087 931 ,
1137 870 1210 919 Ib.
1250 872 1301 935 7,

290 1000 427 1054 Sex.
468 1004 737 1070 Roscius,
774 1008 1061 1057 Amerinus.
1134 1009 1302 1057 Prima

370 1088 521 1125 causa
553 1075 758 1140 publica
826 1093 881 1127 ro
922 1093 979 1126 eo
1009 1084 1041 1127 a'
1058 1075 1300 1128 Cicerone

372 1142 501 1191 dicta
528 1158 573 1193 a.
601 1161 652 1193 u.
687 1150 742 1195 c.'
798 1146 883 1197 74.
924 1146 1136 1211 multum
1167 1160 1304 1195 com-

371 1226 479 1259 men
488 1213 708 1263 dationis
719 1213 909 1272 habuit,
926 1215 1062 1264 Brut.
1076 1214 1161 1275 90,
1178 1214 1298 1267 314.

369 1310 436 1319 —
452 1279 575 1334 Sex.
599 1282 832 1343 Rosciae,
847 1282 1001 1351 iiliuS,
1025 1299 1123 1346 quo
1149 1284 1301 1334 modo

368 1357 609 1400 tractatus
638 1354 703 1401 sit
734 1367 765 1401 a
788 1353 844 1401 T.
874 1353 1059 1402 Roscio
1096 1350 1300 1418 Magno,

372 1426 687 1480 procuratore
708 1420 1043 1487 Chrysogoni,
1067 1436 1158 1485 pro
1180 1420 1301 1471 Sex.

368 1488 545 1537 Roscio
566 1486 616 1547 8,
642 1490 727 1542 23.
760 1516 829 1528 ——
852 1491 1103 1554 Receptus
1123 1505 1153 1538 a
1178 1488 1304 1539 Cae-

371 1556 488 1605 cilia
505 1594 518 1615 ,
555 1558 627 1607 1b.
653 1556 735 1619 10,
759 1560 843 1609 27:
879 1584 937 1595 —
973 1558 1178 1607 Summo
1196 1564 1304 1609 stu-

370 1626 453 1674 dio
478 1633 527 1675 et
558 1626 892 1691 intelligentia
923 1629 976 1677 in
1005 1628 1205 1678 rusticis
1224 1642 1305 1676 re-

368 1693 483 1755 buS,
505 1696 578 1747 Ib.
600 1696 683 1757 17,
699 1696 784 1747 49.
808 1722 877 1733 —-
899 1696 1037 1755 Quae
1059 1698 1196 1747 domi
1214 1712 1304 1761 ge-

367 1763 522 1811 renda
540 1771 656 1814 sunt
678 1780 739 1813 ea
758 1780 849 1830 per
862 1764 1101 1815 Ceciliam
1120 1766 1304 1815 trausi-

367 1839 577 1897 guntur,
617 1834 717 1883 fori
748 1835 1025 1903 iudiciique
1054 1835 1304 1885 rationem

366 1900 582 1951 Messala
600 1903 853 1970 suscepit,
886 1905 959 1958 Ib.
982 1905 1067 1970 51,
1093 1904 1211 1956 149.
1233 1930 1304 1940 —-

368 1971 429 2018 de
449 1970 534 2019 off.
558 1973 607 2033 2,
634 1973 715 2032 14,
737 1971 823 2024 51.

292 2032 358 2084 Ιι.
380 2036 623 2090 Roscius
644 2039 912 2105 Fabatus,
944 2040 1299 2093 Caesarianus.

364 2134 435 2143 -—
456 2106 789 2159 Condiciones
814 2110 956 2173 pacis
980 2125 1072 2174 per
1100 2111 1157 2160 L.
1178 2108 1302 2160 Cae-

366 2189 532 2225 sarem
568 2184 617 2225 et
644 2179 888 2228 Fabatum
924 2179 1121 2229 adlatae
1154 2178 1305 2229 Pom-

364 2245 483 2306 peio
511 2258 558 2295 a.
578 2260 630 2294 u.
652 2261 697 2298 c.
720 2243 858 2308 705„
892 2247 959 2296 ad
987 2248 1089 2298 Att.
1114 2247 1147 2298 8
1170 2284 1182 2304 ,
1218 2247 1301 2312 12,

365 2311 417 2360 2.
431 2338 501 2348 —
516 2311 573 2360 L.
589 2311 807 2364 Fabatus
826 2315 1015 2364 interiit
1040 2317 1091 2364 in
1107 2318 1302 2380 proelio

364 2379 657 2440 Mutinensi,
698 2383 764 2430 ad
787 2382 908 2431 fam.
937 2383 1017 2442 lo,
1040 2381 1125 2442 33,
1146 2387 1198 2446 4.

294 2445 487 2498 Rosea
508 2449 588 2499 vel
612 2443 822 2513 Rosia,
860 2447 1070 2516 campus
1098 2453 1149 2500 in
1180 2468 1304 2518 agro

364 2516 600 2568 Reatino·
644 2544 709 2556 -
741 2519 955 2568 Velinus
992 2520 1133 2570 lacus
1173 2536 1203 2570 a
1232 2521 1300 2570 M.

365 2585 516 2637 Curio
549 2589 768 2638 emissus
807 2589 859 2636 in
889 2588 1073 2639 Narem
1112 2589 1303 2653 defluit,

365 2669 429 2704 ex
476 2672 575 2720 quo
620 2665 698 2707 est
745 2657 835 2707 illa
874 2658 1066 2707 siccata
1110 2665 1159 2706 et
1209 2658 1304 2708 hu-

362 2724 502 2775 mida
541 2733 712 2778 tamen
764 2728 967 2778 modice
1007 2725 1188 2788 Rosia,
1238 2729 1306 2777 ad

365 2793 468 2844 Att.
490 2795 540 2857 4,
565 2796 646 2853 15,
672 2797 722 2846 5.

295 2857 527 2925 Rostra,
558 2865 693 2914 unde
715 2863 782 2913 ad
800 2865 1045 2930 populum
1075 2867 1301 2929 orabant,

365 2930 413 2977 in
438 2931 602 2982 Pison.
632 2932 683 2992 3,
723 2933 771 2981 7.
826 2934 875 2982 in
894 2930 1181 2996 Vatin.'ll.,
1214 2935 1300 2984 26.

364 2998 428 3046 de
448 2999 535 3050 off.
558 3000 610 3062 3,
631 3001 715 3063 20,
736 3000 823 3052 80.
856 3009 900 3052 et
921 3018 1073 3067 saepe
1092 3003 1235 3052 alias.

298 3062 359 3112 C.
382 3065 719 3120 Rubellinus
758 3085 805 3124 a.
844 3087 897 3120 u.
928 3087 973 3121 c.
994 3069 1114 3124 711.
1150 3071 1302 3122 heres

364 3133 423 3191 Q.
446 3136 600 3199 Turii‚
635 3139 702 3189 ad
720 3139 841 3189 fam.
866 3140 947 3204 12,
968 3141 1053 3193 26.
1077 3140 1125 3191 1.

293 3197 511 3254 Rubico
530 3205 738 3268 fluvius,
752 3209 838 3270 qui
860 3208 972 3257 finis
992 3217 1069 3259 est
1086 3207 1299 3273 Galliae,

362 3271 583 3339 Philipp.
603 3276 653 3335 6,
674 3275 725 3338 3,
744 3276 798 3331 5.

296 3334 532 3404 Rubria,
571 3341 815 3393 Carbonis
836 3347 1118 3407 cuiusdam,
1159 3343 1304 3394 Cice-

364 3410 503 3529 ἕίυἰέ
540 3412 720 3474 amici,
758 3420 945 3478 mater,
985 3415 1051 3464 ad
1084 3413 1207 3464 fam.
1246 3413 1302 3474 9,

435 3512 449 3532 θ
507 3516 522 3530 ο

2256 220 2374 284 341

1379 386 1647 449 Rubrius,
1665 394 1834 438 comes
1851 388 1904 438 C.
1921 390 2111 449 VerriS‚
2127 391 2273 439 Verr.
2296 406 2382 439 ac-

1449 466 1605 509 cusat.
1631 457 1657 506 1
1674 495 1689 519 ,
1709 458 1776 507 25
1793 494 1804 514 ,
1823 456 1906 510 64.
1927 483 1996 493 --
2014 458 2160 508 Alius
2183 459 2382 508 videtur

1449 540 1558 575 esse
1590 525 1649 583 Q.
1669 525 1916 587 Rubrius,
1953 528 2028 579 Ib.
2063 526 2115 585 3,
2150 526 2232 592 80,
2260 528 2375 577 185.

1377 591 1740 657 L.·Rubrius,
1779 610 1933 657 eques
1964 595 2107 646 Rom.
2145 600 2196 645 in
2226 596 2379 661 Syra-

1446 678 1633 713 cusano
1655 666 2078 725 conventu,Verr.
2093 674 2310 716 accusat.
2327 665 2376 725 3,

1375 801 1438 851 L.
1463 798 1712 851 Rubrius
1746 800 1951 851 Casinas
1987 801 2106 850 fecit
2137 802 2379 850 heredem

1442 866 1805 921 M.'Antonium
1822 908 1835 933 ,
1867 870 2086 935 Philipp.
2111 872 2162 931 2,
2185 868 2267 931 16,
2287 868 2372 920 40.

1375 934 1723 1003 omum-tus,
1739 941 1880 989 Verr.
1903 954 2068 987 accus.
2087 937 2137 1001 3,
2153 938 2236 999 80,
2257 938 2374 989 185.

1373 1006 1441 1073 Q.
1473 1004 1722 1057 Rubrius
1743 1007 1960 1067 Varro,
2010 1010 2097 1069 qui
2133 1024 2162 1057 a
2201 1014 2378 1057 senatu

1437 1076 1600 1128 hostis
1621 1080 1737 1125 cum'
1759 1075 1821 1129 C.
1831 1077 1988 1126 Mario
2011 1077 2263 1125 iudicatus
2279 1082 2372 1135 est,

1444 1160 1490 1195 a.
1507 1162 1559 1198 u.
1577 1160 1620 1195 c.
1635 1144 1779 1205 666„
1803 1161 1920 1195 acer
1940 1154 1988 1195 et
2001 1146 2274 1196 vehemens
2297 1159 2378 1193 ac-

1443 1222 1656 1274 cusator,
1688 1214 1822 1263 Brut.
1846 1216 1930 1277 45,
1954 1214 2072 1267 168.

1373 1280 1626 1333 Rudinus
1657 1296 1698 1331 'a
1727 1282 1936 1342 Rudiis,
1980 1282 2242 1333 Calabriae
2285 1298 2380 1347 op-
2406 1290 2413 1297 '

1439 1353 1580 1415 pido.
1618 1352 1836 1401 Ennius:
1879 1351 2241 1401 ‘Nossumus'
2277 1352 2378 1401 Ro-

1423 1420 1581 1469 'mani
1597 1456 1611 1479 ,
1639 1420 1724 1481 qui
1751 1418 1974 1468 iuvimus
1999 1428 2114 1469 ante
2135 1422 2322 1469 Rudini
2338 1424 2375 1480 ³,

1440 1488 1507 1537 vde
1526 1496 1652 1537 orat.
1675 1488 1732 1547 3,
1763 1486 1856 1546 43,
1901 1487 2017 1538 168.
2057 1516 2125 1525 —
2162 1489 2378 1537 Ennium

1441 1556 1698 1605 Rudinum
1735 1556 1992 1607 hominem
2033 1558 2249 1606 maiores
2288 1572 2378 1605 no-

1443 1626 1536 1675 stri
1569 1627 1620 1674 in
1649 1626 1903 1675 civitatem
1935 1634 2254 1691 receperunt,
2285 1641 2379 1690 pro

1447 1694 1634 1743 Archia
1656 1694 1737 1758 10,
1759 1696 1843 1745 22.
1916 1713 1919 1720 ·

1373 1760 1551 1813 Rufio
1568 1800 1581 1825 ,
1631 1763 1782 1813 homo
1834 1778 2014 1828 parum
2071 1774 2270 1829 gratuS,
2313 1763 2378 1813 ad

1445 1835 1544 1881 Att.
1565 1832 1615 1891 5,
1638 1834 1688 1893 2,
1709 1834 1760 1881 2.
1801 1833 1872 1882 lb.
1898 1833 1948 1890 6,
1972 1834 2023 1892 2,
2047 1833 2128 1883 10.
2180 1832 2378 1882 Caelius

1445 1902 1510 1951 ad
1531 1900 1648 1951 fam.
1671 1900 1724 1962 8,
1751 1902 1798 1950 7.

1373 1967 1572 2032 Rufio,
1595 1972 1660 2020 ad
1681 1970 1800 2022 fam.
1825 1974 1872 2036 7,
1895 1971 1982 2030 20,
2004 1971 2054 2020 1.

1373 2033 1566 2102 Rufio,
1597 2039 1766 2088 fictum
1787 2040 1921 2088 servi
1938 2053 2141 2102 nomen,
2171 2051 2262 2104 pro
2287 2038 2378 2087 Mi-

1442 2109 1558 2157 lone
1577 2110 1660 2168 22,
1685 2106 1771 2159 60.

1372 2175 1543 2227 Rufio
1565 2173 1945 2241 vestm-ianus,
1968 2177 2116 2226 homo
2140 2191 2378 2241 nequam,

1443 2247 1506 2296 ad
1530 2247 1630 2297 Att.
1657 2247 1738 2306 14,
1764 2247 1916 2310 14‚'2.
2243 2303 2248 2308 ,

1371 2313 1679 2375 Rufrenus,
1695 2315 1876 2378 Lepidi
1896 2316 2152 2378 adsecula,
2169 2316 2234 2364 ad
2253 2314 2376 2362 fam.

1445 2382 1526 2444 10,
1549 2385 1634 2445 21,
1661 2385 1709 2432 4.

1372 2451 1434 2501 L.
1470 2448 1776 2502 Mescinius
1813 2450 2002 2501 Rufus
2023 2486 2038 2514 ‚
2075 2451 2142 2500 ad
2171 2449 2294 2504 fam.
2327 2451 2378 2507 5,

1445 2521 1528 2573 19.
1558 2545 1626 2555 —-
1655 2519 1781 2568 Eum
1816 2534 1846 2568 a
1879 2520 2028 2568 Paeto
2060 2520 2378 2569 commenda-

1441 2597 1548 2637 tum
1575 2588 1674 2636 sibi
1705 2603 1852 2638 curae
1890 2589 1998 2637 fore
2027 2588 2264 2650 ostendit,
2303 2589 2375 2638 ΙΙ).

1443 2658 1495 2719 9,
1529 2659 1614 2720 24,
1645 2657 1692 2706 1.
1743 2658 1808 2706 V.
1837 2656 1898 2708 L.
1931 2654 2234 2708 Mescinius
2257 2657 2382 2706 Ru-

1441 2724 1555 2777 fus.

1371 2793 1579 2860 Rufus,
1601 2797 1666 2845 ad
1685 2795 1808 2846 fam.
1835 2796 1918 2858 14,
1942 2798 2025 2862 14,
2051 2798 2099 2846 2.

1373 2861 1553 2926 Rulli,
1579 2865 1740 2928 Decii,
1763 2865 1966 2916 Corvini
1987 2867 2124 2932 apud
2144 2867 2377 2927 antiquos

1444 2935 1716 2986 admodum
1761 2936 2108 2986 adolescentes
2147 2932 2380 2982 consules

1445 3002 1564 3053 facti
1579 3039 1593 3064 ,
1619 3011 1782 3053 tantas
1801 3019 1883 3052 res
1906 3008 2190 3068 gesserunt,
2213 3009 2265 3048 ut
2285 3015 2379 3065 po-

1439 3072 1550 3136 puli
1574 3072 1789 3122 Romani
1825 3073 2091 3134 imperium
2129 3071 2377 3130 auxerint,

1441 3155 1557 3189 nom
1565 3155 1622 3190 en
1645 3142 1881 3195 ornarint,
1895 3138 2116 3202 Philipp.
2131 3139 2180 3196 5,
2198 3137 2278 3191 17,
2292 3136 2379 3185 48.

1439 3209 1506 3260 V.
1533 3206 1604 3273 Q.
1627 3205 1840 3256 Fabius
1855 3203 2134 3256 Maximus
2154 3202 2348 3254 Bullia
2362 3231 2380 3240 ·

1441 3290 1565 3324 nus.
2151 3310 2158 3314 .

1372 3341 1581 3393 Rullus
1601 3379 1613 3406 ,
1636 3345 1714 3392 vir
1733 3345 1966 3394 omnibus
1985 3344 2136 3393 rebus
2158 3341 2380 3393 clarissi-

1443 3427 1556 3460 mus
1575 3419 1724 3473 atque
1744 3413 2120 3478 amplissimuS,
2148 3412 2380 3462 tribunus

1443 3479 1604 3544 plebi,
1639 3481 1705 3530 de
1724 3481 1874 3533 domo
1895 3497 1987 3531 sua
2011 3481 2092 3542 16,
2118 3480 2202 3534 43.
