2500 3850
915 183 1177 234 LATINA
1221 209 1297 218 --
1333 187 1662 238 LEBADIA.

242 330 444 385 Latina
477 334 657 400 lingua
678 350 777 385 non
797 339 947 390 modo
966 355 1064 389 non
1087 343 1254 406 inopS,

311 412 365 452 nt
396 403 557 469 vulgo
588 412 793 468 putant,
832 409 925 457 sed
961 409 1258 474 locupletior

311 473 464 590 {gam
485 487 640 535 quam
660 472 880 540 Graeca,
914 477 978 526 de
1009 478 1094 527 fin.
1124 479 1181 542 l,
1206 479 1256 539 3,

241 606 445 660 Latina
464 612 572 671 via,
599 625 691 676 pro
714 611 907 666 Cluent.
931 613 1015 678 59,
1039 615 1156 666 163.

240 693 480 747 Latinae
517 696 801 762 coloniae,
843 715 935 764 pro
977 702 1122 753 Gaec.
1165 701 1251 764 33,

311 764 397 815 98.
431 766 497 816 de
525 767 675 818 domo
704 783 796 818 sua
818 767 904 832 30,
924 770 1008 820 78.

238 849 482 903 Latinae
504 849 685 902 feriae
700 889 713 916 ‚
739 854 805 903 ad
822 855 926 904 Att.
959 855 984 905 1
1002 891 1018 916 ,
1040 854 1089 915 3,
1116 855 1165 905 1.
1188 883 1253 892 —-

312 922 554 981 Latinae,
589 922 652 971 de
673 923 835 976 divin.
862 924 888 973 1
908 960 923 984 ,
955 923 1046 982 11,
1075 923 1155 973 18.
1186 951 1253 960 --

313 990 437 1038 Dies
476 991 575 1041 duo
613 999 729 1056 post
765 992 971 1040 Latinas
1007 992 1253 1044 habentur

311 1059 572 1123 religiosi,
595 1060 660 1108 ad
682 1060 739 1119 Q.
770 1059 833 1112 fr.
854 1062 913 1124 2,
936 1062 995 1122 4,
1019 1063 1070 1110 2.
1114 1063 1175 1112 de
1198 1077 1247 1111 n.

314 1127 363 1176 d.
391 1127 439 1187 1,
460 1127 512 1190 6,
536 1128 619 1178 15.

237 1194 460 1260 Latine,
476 1197 510 1244 i.
527 1211 592 1260 e.,
607 1211 733 1262 pure
750 1205 797 1245 et
814 1199 1077 1249 emendate
1094 1199 1249 1262 loqui,

311 1266 376 1315 de
401 1273 507 1330 opt.
530 1281 648 1329 gen.
672 1281 745 1315 or.
771 1267 822 1325 2,
840 1268 891 1316 4.
934 1316 939 1326 ,

238 1329 453 1386 Latini.
506 1331 643 1384 Socii
679 1343 727 1384 et
757 1335 955 1399 Latini,
990 1351 1083 1400 pro
1119 1335 1249 1386 Sest.

314 1401 399 1463 13,
428 1400 511 1456 30.
554 1405 697 1453 Verr.
726 1413 949 1458 accusat.
978 1406 1029 1466 5,
1058 1406 1142 1466 24,
1164 1405 1249 1460 60.

313 1472 379 1522 de
411 1487 511 1522 am.
544 1471 605 1536 3,
648 1473 727 1526 12,
756 1499 827 1511 -—
860 1475 956 1533 Qui
986 1474 1123 1523 cives
1152 1474 1252 1524 Ro-

312 1543 452 1592 mani
482 1542 535 1590 in
565 1542 789 1591 colonias
812 1541 1017 1592 Latinas
1047 1542 1251 1608 profici-

310 1611 607 1675 scebantur,
642 1610 751 1660 fieri
779 1625 879 1660 non
898 1619 1132 1676 poterant
1148 1612 1251 1661 La-

309 1680 439 1739 tini,
471 1681 573 1729 nisi
602 1687 743 1729 erant
762 1687 995 1730 auctores
1017 1680 1136 1730 facti
1158 1695 1251 1730 no—

310 1763 529 1810 menque
566 1749 837 1810 dederant,
882 1750 944 1800 de
975 1750 1126 1798 domo
1156 1765 1250 1800 sua

312 1816 407 1878 30,
429 1817 514 1869 78.
538 1846 601 1854 —
633 1819 741 1868 Lex
759 1819 939 1878 Furia,
967 1819 1051 1868 lex
1083 1821 1251 1870 Voco-

310 1889 397 1937 nia
412 1922 427 1949 ,
453 1887 845 1939 innumerabiles
865 1888 993 1938 aliae
1022 1888 1163 1954 leges
1186 1888 1249 1938 de

312 1956 454 2006 civili
472 1958 581 2007 iure
602 1966 720 2007 sunt
741 1958 897 2007 latae:
930 1974 1055 2022 quas
1082 1959 1249 2008 Latini

310 2025 609 2088 voluerunt,
639 2027 986 2077 adsciverunt:
1020 2030 1133 2092 ipsa
1161 2028 1249 2077 de-

309 2096 467 2157 nique
498 2096 652 2157 Iulia,
680 2111 781 2159 qua
810 2096 924 2161 lege
958 2098 1135 2147 civitas
1172 2104 1250 2145 est

311 2165 466 2213 sociis
504 2172 552 2213 et
596 2164 793 2214 Latinis
844 2167 986 2229 data,
1036 2173 1122 2225 ut,
1160 2164 1249 2228 qui

310 2233 456 2282 fundi
475 2234 653 2297 populi
680 2234 802 2283 facti
823 2250 923 2284 non
949 2241 1118 2284 essent
1132 2270 1149 2294 ,
1180 2236 1251 2287 οἰ·-ῥ

311 2304 517 2351 vitatem
540 2316 641 2351 non
668 2302 941 2367 haberent,
969 2318 1063 2368 pro
1089 2303 1247 2354 Balbo

314 2369 375 2433 8,
411 2371 497 2421 21.
529 2398 595 2407 —
626 2370 751 2421 Cum
782 2372 977 2422 Latinis
1015 2374 1249 2423 omnibus

314 2438 495 2489 foedus
536 2442 691 2489 ictum
724 2438 813 2508 Sp.
854 2442 1027 2494 Cassio
1068 2442 1250 2491 Postu-

312 2522 395 2557 mo
431 2507 659 2559 Cominio
700 2510 991 2560 consulibus
1028 2526 1075 2563 a.
1113 2527 1165 2562 u.
1202 2526 1247 2558 c.

315 2576 464 2636 261„
489 2592 581 2642 pro
616 2577 775 2628 Balbo
802 2577 895 2643 23,
930 2578 1013 2631 53.
1039 2606 1104 2614 -
1125 2578 1248 2629 Cum

312 2646 508 2695 Latinis
541 2648 604 2695 de
641 2649 853 2712 imperio
894 2648 1245 2707 dimicabatur,

314 2714 378 2764 de
400 2713 483 2763 off.
509 2715 555 2775 1,
580 2715 664 2775 12,
686 2716 770 2769 38.
786 2744 855 2755 —-
873 2716 1042 2765 Latini
1062 2716 1126 2765 ad
1148 2716 1249 2765 Ve-

314 2785 465 2833 serim
496 2799 525 2832 a
558 2784 618 2835 T.
647 2785 837 2835 Manlio
868 2786 1122 2847 Torquato
1151 2792 1251 2834 ter-

313 2852 441 2901 tium
472 2867 575 2906 coe.
596 2870 643 2907 a,
668 2870 721 2909 u.
747 2871 791 2905 c.
820 2855 940 2905 414.
964 2854 1063 2904 fusi
1094 2863 1142 2905 et
1172 2854 1251 2905 fu-

314 2922 452 2986 gati,
477 2923 550 2975 Ib.
578 2920 628 2987 3,
650 2922 736 2986 30,
760 2924 879 2974 112.
921 2979 925 2983 ,

243 3004 435 3058 Latini
467 3008 766 3075 philosophi
802 3008 1021 3061 Graecos
1064 3010 1253 3059 imitari

315 3077 524 3136 debent,
566 3086 621 3127 ut
657 3082 870 3144 poetae,
912 3087 967 3128 ut
1005 3077 1249 3143 oratores,

311 3146 473 3195 Acad.
498 3161 575 3211 pr.
600 3147 648 3207 1,
673 3147 723 3219 3,
748 3148 832 3198 10.

244 3226 433 3281 Latini
464 3246 512 3281 a.
542 3248 594 3281 u.
628 3248 673 3286 c.
708 3232 829 3285 662.
863 3231 986 3285 663.
1018 3232 1260 3299 ῐῐιειςίεῐι·ἰ4

315 3300 518 3351 dicendi
536 3303 853 3361 exstiterunt,
881 3317 1008 3364 quos
1027 3302 1083 3350 L.
1107 3302 1251 3351 Cras-

316 3382 403 3419 sus
424 3383 599 3419 censor
620 3370 783 3421 edicto
806 3369 1061 3421 Ciceronis
1081 3378 1251 3423 sustu-

313 3437 462 3505 lerat,
486 3438 549 3489 de
570 3446 695 3489 orat.
724 3438 773 3501 3,
795 3440 881 3503 24,
903 3437 989 3490 93.

2208 178 2327 244 2-11

1327 341 1682 394 Latinienses
1697 381 1711 408 ,
1732 360 1892 410 prope
1911 347 2140 408 Romam,
2163 349 2226 398 de
2243 347 2335 398 ha-

1395 427 1536 476 rusp.
1559 427 1691 476 resp.
1715 414 1799 475 27,
1821 414 1904 466 59.

1327 477 1668 530 Latiniensis
1699 497 1848 548 ager,
1880 485 1942 535 de
1963 485 2172 553 harusp,
2195 501 2332 550 resp,

1326 549 1592 668 Ῑιιιῖξῖιιῖιὲἑ
1612 619 1816 670 bellum.
1853 621 1991 672 Bello
2012 622 2188 672 Latino
2211 638 2256 673 a.
2281 639 2332 673 ιι.

1397 704 1442 741 c.
1465 686 1586 739 268.
1608 688 1716 739 ludi
1735 691 1894 740 votivi
1915 692 2124 743 maximi
2143 693 2334 740 instau-
2391 713 2400 718 ·

1396 759 1492 805 rati
1521 767 1729 822 propter
1759 757 1836 812 Ti.
1858 761 2032 808 Atinii
2061 762 2332 822 somnium,

1395 826 1458 874 de
1480 825 1638 879 divin.
1665 827 1712 887 1,
1735 827 1818 887 26,
1838 828 1924 880 55.

1324 892 1589 957 LatinuS,
1620 897 1926 957 Venuleius,
1958 897 2218 957 Horatiae,
2261 898 2333 948 le-

1395 965 1528 1028 gati,
1563 971 1617 1012 ut
1635 965 1861 1026 videtur,
1891 965 1944 1014 C.
1982 965 2188 1016 Calvisii
2206 982 2254 1016 a.
2277 983 2330 1021 u.

1393 1048 1438 1080 c.
1463 1032 1583 1085 711.
1601 1069 1614 1093 ‚
1638 1034 1706 1082 ad
1723 1034 1844 1084 fam.
1872 1034 1954 1098 12,
1975 1035 2060 1099 30,
2081 1037 2133 1089 ’7.

1323 1098 1556 1150 Latinus
1577 1115 1732 1186 ager.
1771 1097 1834 1159 V.
1862 1102 2150 1155 Romanus
2173 1119 2328 1171 ager.

1323 1167 1554 1220 Latinus
1600 1164 1922 1235 αττικισμός
1958 1189 2022 1222 ex
2065 1173 2330 1224 intervallo

1322 1241 2044 1360 Laffiffissloaffillllzffildmlasslffi
2069 1243 2135 1360 ld}
2140 1279 2168 1358 ἰ
2177 1243 2240 1358 ilci
2247 1326 2330 1360 um

1393 1391 1424 1424 a
1451 1377 1720 1438 Tarquinio
1754 1376 2016 1444 Superbo,
2050 1380 2111 1427 de
2131 1395 2172 1426 r.
2197 1395 2250 1442 p.
2277 1381 2329 1440 2,

1323 1511 1584 1574 Ῑιιιῐιῐιιιε,
1627 1511 1800 1562 Cariae
1831 1527 2004 1576 monS,
2042 1513 2242 1564 Tuscul.
2281 1516 2327 1576 1,

1392 1579 1477 1641 38,
1497 1579 1583 1634 92.

1321 1649 1539 1702 Latona
1589 1657 1748 1698 mater
1790 1649 2045 1714 Apollinis
2099 1653 2234 1700 tertii
2282 1659 2330 1699 et

1393 1719 1584 1768 Dianae
1603 1720 1854 1770 secundae
1870 1757 1884 1781 ,
1918 1721 1982 1769 de
2002 1735 2051 1768 n.
2077 1721 2126 1770 d.
2154 1719 2184 1774 3
2203 1758 2214 1779 ,
2239 1719 2329 1780 23,

1392 1789 1458 1840 57
1484 1797 1532 1836 et
1557 1789 1642 1840 58.
1665 1813 1733 1824 —-
1750 1789 1976 1838 Latonae
1996 1789 2150 1838 Delus
2179 1789 2329 1840 sedes

1393 1859 1625 1923 antiqua,
1670 1857 1818 1908 Verr.
1859 1869 2076 1909 accusat.
2129 1859 2160 1909 5
2177 1897 2190 1918 ,
2241 1858 2328 1918 72,

1394 1927 1509 1978 185.
1545 1927 1605 1979 el.
1630 1927 1698 1975 ib.
1725 1927 1771 1989 l,
1795 1928 1888 1989 18,
1912 1928 1996 1978 48.
2017 1955 2087 1963 ——
2104 1928 2330 1977 Latonae

1391 2011 1535 2045 soror
1555 1998 1779 2058 Asteria,
1803 1998 1865 2047 (le
1885 2014 1934 2046 n.
1957 1997 2008 2049 d.
2031 1996 2062 2047 3
2079 2034 2092 2056 ,
2120 1997 2210 2059 16,
2242 1998 2327 2051 42.

1390 2066 1464 2114 lb.
1491 2064 1542 2124 3,
1571 2065 1650 2128 18,
1674 2064 1758 2113 46.

1320 2133 1470 2186 Laus
1527 2129 1786 2197 Pompeii
1837 2134 2078 2199 oppidum
2133 2132 2329 2184 Galliae

1391 2202 1711 2266 Cisalpinae,
1745 2202 1900 2253 hodie
1934 2202 2090 2261 Loca,
2126 2206 2331 2255 videtur

1391 2272 1692 2335 quibusdam
1721 2270 1876 2321 latere
1903 2274 1954 2321 in
1978 2272 2325 2332 Blandenone,

1391 2342 1437 2389 si
1463 2340 1646 2405 legitur
1663 2341 1848 2389 Laude
1867 2340 2048 2404 Nouia,
2084 2342 2150 2389 ad
2177 2341 2235 2399 Q.
2260 2341 2322 2394 fr,

1390 2410 1442 2470 2,
1465 2408 1530 2459 13
1551 2405 1691 2473 (15),
1717 2408 1763 2457 1.

1320 2477 1687 2538 Laurentum,
1717 2476 1849 2523 Latii
1871 2476 2113 2539 oppidum
2135 2477 2327 2525 mariti-

1391 2558 1719 2663 ἒέῗὶἕίιιῗῑῖξθ
1737 2542 1958 2661 35‘23331’
1979 2543 2092 2663 {¹⁰3
2097 2544 2326 2663 1330...

1701 2650 1713 2671 ν
1939 2648 1950 2659 ·
2016 2650 2031 2678 2
2091 2648 2109 2673 5
2198 2649 2210 2660 ·

1321 2679 1685 2745 Lautumiae,
1734 2697 1902 2731 career
1947 2682 1998 2732 in
2039 2682 2327 2747 lapicidinis
2428 2686 2432 2689 ’

1387 2766 1547 2817 prope
1585 2750 1864 2815 Syracusas
1901 2766 1934 2800 a
1971 2750 2214 2819 Dionysio
2251 2760 2328 2817 ty-

1389 2835 1548 2869 ranno
1585 2820 1777 2881 factuS,
1823 2822 1971 2873 Verr.
2011 2832 2234 2874 accusat.
2275 2822 2326 2881 5,

1393 2890 1476 2949 27,
1498 2888 1582 2941 68.
1622 2890 1694 2939 lb.
1718 2892 1776 2951 5,
1798 2890 1890 2951 55,
1918 2888 2030 2941 143.
2068 2893 2132 2942 V.
2155 2889 2330 2957 Syra-

1393 2972 1578 3008 cusae.

1323 3024 1690 3090 Lavernium,
1723 3041 1907 3077 nomen
1933 3027 2031 3077 loci
2061 3036 2147 3075 aut.
2170 3026 2274 3075 faui
2299 3042 2330 3075 a

1391 3096 1621 3145 Laverna
1645 3096 1740 3145 dea
1771 3094 1921 3155 dicti,
1953 3095 2019 3144 ad
2046 3094 2150 3144 Att.
2183 3097 2240 3155 7,
2273 3094 2325 3158 8,

1391 3167 1442 3216 4.
1481 3165 1544 3213 de
1563 3162 1666 3212 fato
1686 3162 1866 3227 fragm.
1887 3178 1940 3227 p.
1963 3161 2084 3215 240.

1323 3233 1576 3293 Leaena,
1620 3233 1860 3281 meretrix
1899 3233 2091 3291 Attica,
2141 3230 2324 3295 fragm.

1391 3303 1510 3351 libr.
1535 3300 1597 3348 cle
1617 3299 1782 3365 gloria
1798 3315 1850 3364 p.
1872 3299 1990 3352 293.

1322 3364 1602 3432 Lebadia,
1646 3368 1891 3433 oppidum
1931 3369 2167 3420 Boeotiae
2207 3382 2326 3433 pro-

1389 3448 1504 3505 pter
1533 3436 2037 3557 Trophoniilszx-um
2070 3449 2116 3491 et
2148 3452 2326 3489 oracu-
