2500 3850
858 177 927 225 D..
964 177 1258 226 LAELIUS
1289 201 1362 210 —-
1392 178 1634 228 LAMIA.

268 335 421 386 rentii
486 333 693 386 fabulae
752 341 958 398 propter
1012 334 1217 400 elegan-

269 407 393 454 tiam
440 405 694 452 sermonis
741 405 1045 467 putabantur
1084 417 1115 451 a
1157 402 1211 454 G.

270 473 446 523 Laelio
477 473 661 536 scribi,
702 473 769 522 ad
799 473 901 525 Att.
937 471 999 536 7,
1030 470 1092 530 3,
1130 470 1212 523 10.

271 569 337 578 —-
374 540 431 592 G.
481 540 687 592 Laelius
724 539 979 590 lenitatem
1017 541 1211 602 habuit,

267 612 501 660 deorat.
540 609 603 670 3,
648 610 709 675 7,
755 609 839 660 28.
874 609 1037 658 -C.
1087 609 1216 657 Lae-

269 680 398 742 liae,
448 693 595 728 socer
640 678 699 738 Q.
743 679 897 728 Mucii
941 676 1215 728 Scaevolae

269 748 520 814 auguria,
560 748 636 797 ΙΙ).
680 748 747 810 1,
796 747 864 808 9,
902 745 986 800 35.
1023 774 1095 782 -—
1128 746 1215 794 Di-

268 817 421 866 cendi
444 815 609 880 gloria
635 783 918 883 praestitit,
940 817 1015 866 11).
1049 815 1104 874 1,
1128 813 1211 876 13,

270 885 359 938 58.
379 911 453 922 --
472 883 653 934 Omnia
670 899 903 935 sermone
918 885 1216 934 conficiebat

269 953 449 1020 paullo
468 954 761 1020 intentiore,
784 954 858 1003 lb.
888 955 944 1014 1,
977 953 1070 1015 60,
1090 953 1209 1006 255.

270 1051 337 1059 -
380 1023 543 1074 Laelii
590 1035 732 1074 mens
778 1023 983 1072 videtur
1020 1023 1214 1086 spirare

266 1094 429 1142 etiam
448 1093 501 1141 in
520 1094 723 1157 scriptis
736 1129 749 1149 ‚
768 1092 911 1142 Brut.
932 1093 1018 1152 24,
1040 1089 1124 1141 94.
1146 1117 1217 1128 —-

272 1161 329 1212 G.
352 1161 559 1211 Laelius
580 1171 629 1210 et
650 1161 706 1211 P.
734 1160 1007 1210 Africanus
1028 1161 1081 1210 in
1110 1161 1213 1223 pri-

268 1231 369 1281 mis
392 1230 685 1292 eloquentes
702 1230 893 1292 habiti,
925 1230 996 1278 Ib.
1018 1229 1103 1294 21,
1126 1229 1211 1280 82.

270 1299 339 1350 cl.
361 1299 434 1351 ib.
456 1297 523 1349 86
538 1335 553 1358 ,
575 1299 695 1350 295.
713 1325 783 1336 —-
801 1297 857 1350 C.
877 1298 1109 1348 Laelium
1126 1297 1214 1346 do-

272 1377 411 1419 ctum
436 1361 597 1418 fuisse
614 1369 853 1418 traditum
874 1375 951 1416 est
964 1404 979 1429 ,
1002 1366 1211 1416 Tuscul.

271 1439 325 1500 1,
340 1437 393 1498 3,
413 1437 462 1486 5.
482 1437 770 1488 —Dicendi
791 1436 900 1486 laus
920 1436 1069 1486 estin
1087 1435 1213 1484 Lae-

272 1508 342 1556 lio
381 1505 624 1555 illustrior
664 1521 816 1568 quam
864 1507 916 1554 in
954 1503 1211 1569 Scipione,

269 1576 415 1624 Brut.
450 1574 544 1632 21,
576 1573 657 1625 83.
690 1601 758 1612 --
786 1574 991 1626 Laelius
1022 1589 1070 1622 a.
1096 1589 1146 1622 ιι.
1170 1588 1212 1621 c.

267 1642 389 1695 609.
417 1643 545 1694 dixit
574 1651 746 1693 contra
768 1643 822 1694 G.
843 1643 1026 1692 Licinii
1046 1641 1214 1692 Crassi

268 1714 437 1778 legem
470 1713 533 1762 de
562 1713 886 1771 sacerdotiis,
916 1713 983 1762 de
1002 1727 1103 1760 am.
1125 1711 1208 1772 25,

270 1782 357 1834 96.
392 1781 458 1830 cl.
480 1781 895 1846 der.p.6,2,2.
932 1783 1063 1831 den.
1088 1779 1137 1829 (1.
1158 1777 1208 1838 3,

271 1853 337 1912 2,
361 1849 415 1900 5.
448 1851 524 1900 Ib.
549 1848 609 1909 3,
633 1851 715 1910 17,
736 1849 822 1902 43.
844 1849 989 1902 -Ο.
1009 1847 1211 1898 Laelius

271 1919 335 1980 Q.
369 1917 628 1969 Tuberoni
654 1886 953 1970 A'i'ricanum
990 1933 1213 1969 avuncu-

270 1990 378 2038 ium
398 1988 624 2039 laudanti
643 1989 851 2053 scripsit·
871 1989 1213 2038 laudationem

270 2058 559 2121 funebrem,
581 2059 645 2107 de
666 2066 791 2110 orat.
816 2060 866 2120 2,
885 2056 969 2119 84,
1002 2056 1122 2108 341.
1143 2080 1217 2095 —-·

270 2126 326 2176 G.
361 2125 569 2177 Laelius
604 2126 825 2189 optimus
863 2140 1053 2192 augur,

272 2196 400 2260 lipp.
423 2197 475 2255 2,
498 2194 582 2255 33,
606 2192 692 2245 83.
710 2194 847 2245 —C.
869 2193 1075 2245 Laelius
1090 2192 1213 2243 Dio-

270 2278 456 2330 genem
479 2263 707 2314 Stoicum
736 2264 1059 2323 adolescenS,
1099 2270 1215 2326 post

272 2342 441 2383 autem
461 2332 755 2383 Panaetium
774 2333 1019 2395 audierat,
1042 2333 1105 2381 de
1124 2332 1208 2379 fin.

270 2407 302 2453 2
320 2440 335 2463 ,
360 2400 421 2466 8,
444 2403 529 2452 24.
552 2430 621 2441 —-
642 2400 821 2451 Secum
842 2400 1214 2451 eruditissimos

272 2472 505 2521 homines
522 2486 586 2520 ex
600 2470 810 2521 Graecia
826 2472 995 2536 palam
1012 2484 1214 2533 semper

271 2540 451 2589 habuit
468 2576 483 2599 ,
504 2540 568 2588 de
587 2548 713 2589 orat.
734 2542 786 2600 2,
806 2540 892 2602 37,
916 2539 1033 2589 154.
1050 2564 1114 2575 —·
1131 2538 1213 2587 Ad

268 2606 1209 2744 {¹231ess‘ffsszipi‘ffssssffffiffitffttff33¹5:

180 2750 188 2757 ’
270 2773 340 2781 -
372 2746 493 2796 Eius
520 2748 695 2812 generi
725 2745 779 2797 G.
814 2747 1037 2796 Fannius
1067 2751 1118 2794 et
1150 2744 1210 2801 Q.

271 2815 534 2875 Scaevola,
557 2817 697 2865 Brut.
720 2816 806 2876 26,
831 2816 945 2867 101.
966 2840 1037 2853 -
1054 2813 1215 2864 Laelii

270 2900 428 2949 gener
450 2884 503 2934 C.
528 2886 747 2935 Fannius
772 2886 838 2936 M.
857 2885 913 2934 F.
930 2920 945 2947 ,
968 2884 1107 2936 Brut.
1128 2878 1236 2947 26,Δ

276 2953 396 3005 101.
437 2955 502 3005 de
527 2970 571 3008 r.

272 3023 356 3083 12,
380 3022 432 3088 5,
453 3022 501 3073 3.
528 3050 599 3058 -
621 3024 745 3073 Eius
765 3023 952 3073 dictum
970 3058 983 3082 ,
1006 3020 1069 3079 de
1088 3026 1212 3069 orat.

270 3092 329 3152 2,
354 3090 439 3153 71,
462 3090 580 3145 286.
602 3118 675 3130 -·
696 3093 750 3143 C.
775 3091 980 3142 Laelius
1002 3090 1215 3151 loquens

273 3158 599 3211 induciturin
619 3160 766 3211 libris
786 3160 850 3210 de
867 3176 923 3209 re
942 3158 1087 3225 publ.
1105 3194 1119 3218 ‚
1152 3159 1215 3207 de

272 3244 313 3275 r.
335 3243 387 3292 p.
412 3228 471 3292 1,
498 3230 591 3291 12,
616 3228 697 3280 18.
719 3256 790 3266 -
808 3231 934 3279 Item
956 3230 1008 3277 in
1027 3226 1215 3277 Catone

276 3298 465 3347 maiore
482 3335 497 3360 ,
536 3300 602 3349 de
639 3314 740 3349 am.
798 3299 825 3348 1
844 3334 859 3357 ,
909 3296 959 3347 3.
1011 3302 1120 3344 tum
1164 3298 1215 3344 in

272 3365 475 3430 Laelio,
502 3367 576 3418 ΙΙ).
612 3367 675 3431 1,
710 3368 736 3417 1
770 3382 881 3430 sqq.
924 3366 989 3415 ad
1008 3364 1127 3416 Her.
1161 3366 1213 3427 4,

344 3517 564 3554 CICERO.

599 2970 651 3019 p.
688 2956 751 3015 1,
784 2953 866 3013 12,
904 2952 987 3003 18.
1020 2952 1088 3004 ad
1107 2954 1211 3002 Att.

1093 2124 1213 2174 Phi·
1224 2153 1229 2157 -

2168 171 2290 234 209

1287 335 1354 384 D.
1377 332 1634 398 Laelius,
1665 335 1826 384 bonus
1847 338 1924 386 vir
1955 345 2003 386 et
2024 337 2288 401 litteratus,

1357 411 1662 454 memoratus
1693 404 1971 465 aLucilio,
1999 407 2062 457 de
2082 416 2206 458 orat.
2236 412 2287 473 2,

1355 471 1420 533 6,
1443 471 1527 522 25.
1565 471 2034 536 cl..„defin]37.

1285 541 1354 590 1).
1377 539 1621 604 Laelius,
1644 511 1979 596 accusatorL’.
1991 545 2176 603 Flacci,
2195 561 2288 611 pro

1355 609 1535 660 Flacco
1568 611 2120 675 1‚2.1b.6,14.-
2148 615 2286 666 Idem

1356 686 1663 731 memoratur
1700 683 1760 729 ad
1786 680 1980 742 Att.8,
2023 681 2105 732 11.
2142 683 2201 732 D.
2237 683 2283 734 1.

1355 754 1404 796 et
1423 762 1503 811 ep.
1542 747 1622 798 12.
1656 748 1720 798 Α.
1753 747 1804 801 3.
1825 775 1894 786 —-
1913 751 2160 804 Antonius
2181 752 2286 802 edi-

1354 817 1432 864 xit
1449 818 1520 866 ita
1535 853 1548 876 ,
1580 824 1634 866 ut
1653 817 1941 869 Ciceronem
1965 821 2223 882 exciperet
2241 829 2290 872 et

1354 885 1582 934 Laelium
1600 888 1896 936 nominatim
1915 923 1929 948 ,
1959 889 2034 940 11).
2060 886 2142 949 11,
2163 890 2212 953 7,
2235 883 2285 939 ’2.

1355 953 1420 1003 cl.
1443 955 1514 1004 ib.
1541 953 1622 1018 11,
1649 956 1801 1015 14,1.
1841 957 2130 1019 11).11,15,
2151 959 2197 1009 2.

1286 1021 1522 1074 Laenas.
1557 1024 1620 1077 V.
1645 1022 1900 1089 Popilius
1924 1023 2161 1077 Laenas.

1285 1090 1362 1142 Μ.
1385 1089 1624 1142 Laenius
1643 1091 1878 1144 Flaccus
1898 1095 2052 1144 Attici
2073 1096 2285 1156 amicus,

1353 1161 1537 1210 adAtt.
1561 1161 1622 1220 5,
1647 1161 1744 1225 20,
1773 1162 1932 1216 8.Ι1).
1957 1163 2008 1224 5,
2029 1166 2124 1224 21,
2146 1166 2197 1216 4.
2219 1192 2288 1202 —-

1353 1229 1411 1278 Ei
1447 1231 1818 1294 praefecturam
1854 1235 2059 1297 negavit
2091 1233 2285 1296 Cicero,

1355 1299 1428 1346 lb.
1454 1297 1609 1360 5,21‚
1635 1299 1715 1350 ιο.
1751 1300 1802 1360 6,
1829 1301 1876 1360 ι,
1905 1300 1958 1352 o.
1993 1303 2065 1351 lb.
2088 1300 2138 1361 6,
2159 1301 2212 1362 3,
2233 1306 2292 1356 5.-

1351 1393 1424 1403 —--
1452 1366 1520 1414 Μ.
1557 1367 1778 1417 Laenius
1817 1370 2196 1418 commendatur
2231 1373 2284 1420 P.

1356 1433 1480 1484 Silio
1495 1469 1509 1494 ,
1544 1434 1610 1484 ad
1629 1435 1748 1485 fam.
1767 1435 1856 1494 13,
1877 1435 1962 1495 63,
1987 1437 2038 1490 1.
2058 1461 2130 1474 ·-·—-
2148 1437 2210 1485 A.
2233 1454 2283 1486 u.

1354 1519 1404 1554 u.
1429 1517 1473 1552 c.
1495 1502 1617 1554 696.
1649 1503 1910 1554 Brundisii
1938 1505 1988 1553 in
2017 1504 2177 1554 hortis
2210 1507 2288 1557 Gi-

1355 1585 1590 1622 ceronem
1621 1587 1666 1620 a.
1701 1589 1754 1624 u.
1788 1589 1832 1626 c.
1865 1571 1984 1624 696.
2022 1575 2219 1638 excepit
2239 1585 2288 1624 et

1352 1647 1544 1691 tutatus
1565 1649 1667 1701 est,
1688 1657 1780 1706 pro
1799 1641 1968 1692 Plane:
1991 1643 2076 1705 41,
2104 1642 2188 1694 97.
2221 1643 2285 1692 cl.

1292 1757 1305 1771 „
1351 1711 1416 1760 ad
1439 1710 1558 1758 fam.
1588 1711 1668 1770 14,
1687 1712 1740 1771 4,
1763 1713 1812 1762 2.

1281 1776 1543 1842 Laertes,
1562 1785 1706 1844 pater
1721 1780 1886 1840 Ulixi,
1920 1782 2090 1832 colens
2109 1797 2288 1848 agrum

1353 1855 1402 1897 et
1428 1856 1711 1902 stercorum
1732 1851 1870 1914 apud
1887 1850 2190 1911 Homerum,
2227 1853 2289 1902 de

1353 1932 1460 1966 sen.
1491 1917 1570 1975 15,
1589 1917 1673 1968 54.

1283 1984 1728 2054 Laestrygonia,
1748 1988 2004 2050 Formiae,
2025 1988 2091 2039 ad
2113 1990 2210 2043 Att.
2235 1992 2286 2051 2,

1283 2090 1588 2186 Laetilius,
1607 2122 1760 2175 homo
1779 2140 1875 2175 non
1897 2127 2092 2177 alienus
2113 2142 2142 2175 a
2159 2126 2290 2177 litte-

1354 2195 1451 2253 ris,
1483 2208 1582 2256 quo
1602 2194 1786 2244 Verres
1808 2196 2069 2245 tabellario
2090 2210 2290 2261 semper

1353 2230 1606 2322 utelmtur,
1625 2263 1769 2317 Verr.
1791 2274 2012 2315 accusat.
2034 2266 2085 2325 2,
2101 2264 2185 2329 26,
2200 2264 2285 2315 64.

1284 2326 1550 2382 Laetoria
1567 2331 1666 2380 lex
1701 2334 1765 2389 V.
1787 2330 2077 2383 Plaetoria
2106 2332 2216 2381 lex.

1283 2398 1363 2450 Μ.
1417 2396 1711 2449 Laevinus.
1783 2402 1850 2450 V.
1907 2399 1984 2449 Μ.
2032 2397 2287 2449 Valerius

1353 2465 1652 2518 Laevinus.

1284 2536 1506 2588 Laevus
1527 2532 1774 2599 Cispius,
1793 2536 1852 2588 L.
1877 2535 2049 2584 Planci
2069 2534 2287 2599 legatuS,

1354 2605 1563 2654 Plancus
1585 2606 1651 2654 ad
1671 2603 1792 2657 farn.
1818 2604 1900 2663 10,
1921 2604 2002 2666 18,
2027 2605 2073 2654 l.
2109 2606 2182 2653 lb.
2207 2603 2290 2669 10,

1285 2740 1446 2806 Laia,
1465 2744 1706 2793 meretrix
1721 2741 1933 2793 Athenis
1958 2742 2156 2807 nobilis,
2177 2743 2292 2792 Ari-

1355 2813 1513 2876 stippi
1533 2813 1723 2877 amica,
1743 2813 1808 2863 ad
1831 2812 1950 2863 fam.
1975 2812 2028 2873 9,
2051 2812 2134 2873 26,
2155 2814 2206 2865 2.

1285 2878 1457 2931 Laius
1474 2918 1488 2944 ,
1511 2880 1694 2947 Oedipi
1709 2890 1878 2947 pater,
1905 2882 2110 2934 Tuscul.
2133 2883 2183 2946 4,
2204 2880 2290 2941 33,

1357 2953 1440 3003 71.
1483 2952 1546 3001 de
1567 2950 1670 3001 fato
1695 2950 1778 3011 13,
1798 2950 1886 3003 30.

1286 3016 1512 3083 Lamia,
1565 3020 1746 3069 mulier
1786 3018 2090 3083 Segestana,
2144 3018 2292 3068 Verr.

1357 3095 1581 3141 accusat.
1603 3089 1653 3149 4,
1675 3086 1758 3145 26,
1777 3086 1864 3137 59.

1285 3154 1500 3207 Lamia.
1555 3156 1782 3220 Epistola
1817 3154 2046 3205 Caesaris
2079 3154 2145 3203 ad
2176 3168 2294 3203 eum

1354 3228 1514 3275 missa
1541 3240 1591 3277 a.
1625 3240 1673 3272 u.
1709 3239 1752 3273 c.
1785 3223 1935 3287 709„
1973 3225 2036 3273 ad
2067 3223 2172 3272 Att.
2208 3220 2291 3280 13,

1355 3292 1452 3355 45,
1491 3293 1537 3343 l.
1560 3320 1628 3331 ·—-
1649 3292 1770 3342 Eius
1791 3292 1952 3351 horti,
1979 3293 2050 3342 lb.
2081 3292 2172 3353 12,
2203 3290 2294 3353 21,

1355 3365 1404 3415 2.
1427 3363 1499 3410 11).
1523 3376 1602 3426 ep.
1624 3361 1710 3419 22,
1731 3360 1781 3413 3.
1824 3361 1888 3410 cl.
1912 3362 1979 3411 ib.
2001 3361 2050 3420 5,
2071 3359 2124 3422 8,
2145 3358 2193 3410 3.
2227 3359 2294 3411 V.

1355 3426 1548 3481 Aelius
1581 3424 1797 3480 Lamia.
