2500 3850
255 162 379 224 224
467 175 695 222 L1vms
733 173 999 222 Dnnsns
1032 196 1115 204 --
1146 175 1219 220 M.
1252 173 1482 221 LIVIUS
1520 174 1592 220 M.
1618 172 1681 220 F.
1711 173 1785 220 M.
1817 173 1887 220 N.
1913 172 2356 225 SALmA‘rOR.

324 331 461 384 Brut.
484 331 567 393 62,
597 331 715 380 222.
752 331 838 392 qui
868 344 966 392 quo
1000 331 1151 378 modo
1172 329 1264 378 Ca·

323 403 457 450 tonis
492 399 806 458 avunculus,
858 399 999 451 Bruti
1040 413 1256 464 magnus

254 498 314 539 M.
345 499 495 540 Livius
522 497 687 538 Drusus
720 509 807 539 cos.
838 498 933 538 642.

608 552 615 616 Ι
1186 539 1212 566 ὁ

255 667 315 711 Μ.
343 670 495 712 Livius
522 671 688 712 Drusus

304 722 407 763 trib.
427 721 641 774 p1.†663.

791 787 849 828 M.
884 786 986 827 Cato
1015 785 1256 828 Uticensis.

327 1030 391 1076 M.
442 1027 661 1084 DrusuS,
700 1042 855 1088 quum
900 1026 1264 1075 interficeretur

328 1096 629 1146 Saturninus
660 1109 709 1144 a.
740 1111 791 1147 u.
819 1109 861 1144 c.
883 1094 1027 1160 654„
1067 1110 1159 1160 pro
1180 1110 1264 1144 sa-

322 1166 426 1214 lute
454 1165 707 1212 communi
728 1178 868 1213 arma
888 1164 1051 1227 cepit,
1090 1179 1183 1228 pro
1206 1165 1260 1215 C.

324 1233 701 1298 Rabirio-perd.
736 1233 784 1291 7,
804 1233 887 1286 21.
914 1231 1124 1284 —Eius
1145 1248 1266 1285 con-

324 1303 591 1352 suetudine
612 1317 734 1351 usus
762 1309 837 1352 est
856 1301 1073 1350 Archias
1095 1305 1262 1366 poeta,

324 1387 416 1437 pro
442 1371 625 1420 Archia
647 1371 697 1431 3,
721 1370 771 1421 6.
790 1399 861 1408 -
880 1371 1008 1422 Eum
1035 1372 1195 1421 multa
1211 1373 1266 1420 in

325 1458 378 1490 re
429 1441 573 1506 publ.
626 1440 916 1491 molientem
972 1440 1135 1490 faceto
1184 1457 1264 1490 re-

324 1525 513 1576 sponso
543 1512 839 1574 perstrinxit
871 1509 1086 1561 Granius
1117 1525 1266 1574 prae-

334 1595 425 1636 00,
480 1593 571 1643 pro
624 1579 828 1630 Plancio
873 1579 963 1637 14,
1012 1577 1097 1630 33.
1194 1579 1262 1627 Μ.

324 1648 487 1696 Druso
524 1646 641 1698 trIb.
677 1647 813 1710 pleb.
848 1662 1001 1697 unam
1029 1649 1082 1697 in
1115 1663 1268 1710 eque-

324 1722 475 1781 strem
522 1715 749 1764 ordinem
793 1717 1141 1779 quaestionem
1192 1715 1268 1768 fe-

325 1785 483 1833 renti:
522 1793 566 1830 51
587 1795 703 1842 Quis
734 1799 926 1834 onnam
949 1796 1266 1835 lunioannan

322 1867 580 1902 Psenmau
623 1866 885 1915 carras-r,
926 1860 1097 1918 aperte
1126 1855 1268 1917 equi-

323 1932 401 1973 tes
438 1921 583 1973 Rom.
622 1923 950 1982 restiterant,
995 1938 1085 1987 pro
1135 1923 1264 1973 Rab.

320 1993 563 2043 Postumo
584 1994 634 2054 7,
658 1992 740 2043 16.
764 1991 829 2041 cl.
852 1998 944 2055 p'ro
960 1991 1151 2043 Cluent.
1179 1991 1266 2053 56,

324 2060 444 2113 153.
467 2090 539 2100 —
556 2060 722 2111 Etiam
742 2062 791 2110 in
811 2060 1097 2111 colluvione
1116 2060 1270 2110 Drusi

323 2130 468 2193 leges
488 2129 635 2178 Aelia
666 2138 715 2179 et
743 2130 886 2180 Fufia
911 2131 1175 2185 vixerunt,
1216 2132 1270 2179 in

319 2198 584 2248 Vatinium
605 2198 656 2259 9,
676 2198 763 2250 23.
798 2224 868 2235 -—
893 2198 1019 2248 Cum
1040 2199 1268 2262 aequali-

319 2268 419 2317 bus
466 2268 575 2317 suis
614 2274 951 2332 memoratur,
994 2268 1137 2317 Brut.
1177 2268 1265 2333 49,

325 2337 444 2391 182.
522 2336 590 2387 Μ.
642 2337 837 2387 Drusus
889 2336 947 2396 Q.
995 2337 1268 2401 Caepionis

321 2408 585 2466 inimicus,
626 2406 689 2459 de
708 2406 859 2457 domo
890 2417 984 2455 sua
1002 2406 1099 2467 46,
1145 2406 1262 2459 120.

320 2504 394 2515 —
438 2478 566 2527 Eius
600 2477 888 2527 tribunatus
924 2489 1017 2541 pro
1058 2484 1266 2526 senatus

320 2548 618 2596 auctoritate
646 2552 917 2611 susceptus
946 2543 1161 2609 infrIngi
1180 2546 1267 2595 de-

320 2616 612 2678 bilitarique
645 2616 936 2673 videbatur,
972 2614 1035 2663 de
1067 2621 1190 2667 orat.
1217 2616 1264 2673 1,

324 2684 373 2736 7,
408 2684 493 2732 24.
530 2712 598 2729 --.
641 2682 939 2731 interfectus
966 2681 1104 2734 domi
1123 2698 1265 2742 suae,

322 2752 387 2799 de
417 2748 855 2865 ”Quass-
917 2749 982 2799 cl.
1003 2751 1071 2799 ib.
1098 2751 1154 2814 3,
1177 2751 1262 2815 33,

322 2818 411 2869 81.
452 2833 545 2882 pro
616 2818 753 2867 ilone
773 2818 834 2881 7,
862 2818 944 2869 16.
986 2820 1052 2868 ad
1076 2820 1191 2873 Her.
1210 2824 1262 2881 4,

322 2888 418 2946 22,
470 2884 559 2937 31.
613 2903 684 2921 -’-
735 2886 930 2936 Drusus
982 2887 1264 2938 Gracchum

324 2954 715 3021 (Gracchorum)
734 2957 867 3006 nitor
886 2956 1160 3021 obsoletus,
1187 2960 1263 3008 lb.

322 3029 358 3076 4
376 3062 388 3085 ,
410 3024 495 3085 34,
515 3025 601 3075 46.
626 3052 691 3061 -
715 3025 949 3075 Decrevit
968 3034 1175 3077 senatus
1195 3029 1260 3077 M.

322 3095 479 3144 Drusi
523 3094 751 3159 legibus,
807 3109 936 3157 quae
978 3102 1153 3146 contra
1195 3096 1266 3147 le-

328 3177 445 3229 gem
493 3163 770 3214 Caeciliam
810 3172 857 3213 et
894 3162 1097 3213 Didiam
1134 3166 1268 3215 latae

326 3241 523 3297 essent,
558 3234 807 3297 populum
838 3247 939 3282 non
971 3235 1162 3299 teneri,
1202 3234 1267 3294 de

328 3302 477 3352 domo
500 3316 591 3351 sua
611 3302 704 3361 16,
730 3302 813 3353 41.
854 3302 926 3351 Ib.
952 3302 1043 3363 19,
1064 3302 1147 3353 50.

256 3365 501 3433 (Livius)
532 3370 749 3420 Drusus
772 3408 787 3435 ‚
828 3379 1055 3432 senator,
1090 3372 1266 3421 Liviae

328 3439 492 3497 gentis
506 3474 521 3498 ,
541 3444 683 3502 pater
706 3440 919 3490 fortasse
940 3441 1116 3491 Liviae
1135 3440 1268 3490 Dru-

1405 329 1682 378 avunculus
1751 328 1937 394 fuerit,
2021 331 2169 381 docet
2243 331 2354 384 hoo

1394 404 1632 446 stemma:

791 669 914 710 Livia
934 691 998 716 ψ
1022 667 1058 708 1.
1089 666 1149 707 Μ.
1182 665 1359 706 Porcius
1388 665 1508 707 Cato.
1532 666 1658 730 923
1678 665 1729 716 Q.
1761 665 1978 706 Servilius
2009 666 2188 722 Caepio.

1566 762 1774 827 Ser'vilia.
1796 812 1864 832 v
1883 784 1944 828 M.
1974 785 2132 827 Brutus
2163 791 2310 842 pater.

1575 921 1633 962 Μ.
1656 921 1828 971 Brutus,
1859 901 2348 972 τυραννοκτόνος.

1393 1023 1550 1072 “sillae
1571 1059 1586 1086 ‚
1641 1038 1768 1086 quae
1806 1024 2024 1088 Augusti
2059 1039 2192 1074 uxor
2227 1025 2350 1085 fuit,

1405 1087 1472 1140 ad
1490 1091 1608 1140 fam.
1637 1091 1720 1152 11,
1753 1090 1832 1151 19,
1856 1093 1905 1143 1.
1931 1120 2000 1128 -
2019 1094 2156 1143 Reus
2177 1094 2356 1146 factus

1405 1169 1482 1210 est
1508 1161 1570 1209 de
1588 1161 2022 1225 praevaricatione
2041 1177 2068 1210 a
2083 1163 2350 1225 Luci-etin,

1407 1231 1472 1279 ad
1497 1232 1598 1280 Att.
1621 1231 1683 1287 4,
1719 1228 1812 1291 16,
1844 1230 1896 1282 5.
1935 1257 2006 1266 —-
2042 1231 2349 1294 Absolntrm,

1407 1301 1479 1349 Ib.
1523 1300 1583 1354 4,
1627 1297 1721 1361 16,
1760 1297 1809 1347 8.
1881 1299 1948 1348 cf.
1985 1300 2049 1349 ad
2088 1301 2146 1360 Q.
2185 1301 2254 1352 fr.
2292 1303 2350 1360 2,

1411 1369 1472 1419 15
1495 1367 1638 1431 (16),
1662 1367 1711 1418 3.
1754 1393 1813 1403 —
1843 1367 1966 1416 Eius
1995 1369 2353 1421 defensionem

1406 1437 1627 1502 suscepit
1663 1435 1840 1487 Cicero
1871 1453 1916 1488 a.
1939 1453 1990 1486 u.
2014 1453 2057 1487 c.
2085 1437 2204 1488 700.
2226 1475 2240 1502 ,
2279 1441 2353 1488 ad

1405 1508 1510 1559 Att.
1545 1509 1606 1564 4,
1650 1507 1738 1566 15,
1775 1505 1824 1555 9.
1859 1532 1928 1542 —-
1955 1505 2151 1557 Drusus
2185 1508 2352 1558 iudex

1408 1583 1515 1625 erat
1534 1577 1663 1625 inter
1682 1589 1796 1624 reos
1816 1573 1930 1640 lege
1948 1574 2206 1626 Scantinia
2224 1593 2273 1626 a.
2293 1594 2350 1628 n.

1407 1661 1450 1694 c.
1475 1643 1615 1703 704.‚
1639 1643 1841 1693 Caelius
1867 1645 1933 1693 ad
1952 1645 2074 1695 fam.
2102 1646 2162 1709 8,
2185 1645 2268 1707 14,
2288 1649 2346 1697 4.

1407 1741 1475 1750 —-
1503 1714 1624 1764 Eius
1643 1713 1800 1772 horti,
1830 1713 1894 1762 ad
1917 1715 2017 1762 Att.
2049 1716 2140 1776 12,
2167 1715 2262 1779 21,
2291 1717 2348 1764 2.

1408 1785 1481 1835 lb.
1507 1782 1599 1842 12,
1625 1783 1722 1842 22,
1749 1779 1800 1834 3.
1839 1782 1915 1834 lb.
1942 1783 2033 1840 12,
2055 1782 2151 1846 23,
2175 1782 2228 1836 8.
2269 1785 2347 1833 lb.

1411 1851 1477 1902 13
1492 1888 1506 1913 ,
1529 1850 1596 1901 26
1612 1887 1626 1910 ,
1654 1852 1700 1900 1.

1338 1921 1417 1977 Μ.
1456 1916 1654 1971 Livius
1691 1918 1965 1973 Macatus.
2017 1921 2080 1970 V.
2128 1919 2207 1971 M.
2248 1918 2352 1975 Li-

1407 1988 1535 2040 vius
1559 1988 1863 2040 Salinator.

1342 2059 1404 2111 G.
1427 2057 1623 2109 Livius
1655 2058 1731 2109 M.
1755 2057 1816 2107 F.
1839 2058 1921 2109 M.
1947 2058 2011 2108 Ν.
2037 2056 2350 2123 Salinator,

1409 2129 1582 2178 consul
1605 2143 1718 2176 cum
1738 2127 1806 2177 M.
1828 2129 2034 2177 Valerio
2057 2128 2278 2180 Messala
2296 2144 2348 2182 a.

1409 2214 1460 2251 u.
1485 2213 1528 2247 c.
1554 2195 1674 2248 566.
1691 2234 1706 2261 ,
1745 2204 1972 2247 mortuus
2003 2212 2050 2247 a.
2076 2213 2128 2249 u.
2155 2212 2200 2247 c.
2225 2198 2350 2249 584.

1410 2266 1698 2317 Senectutis
1717 2267 2036 2317 incommoda
2051 2266 2248 2316 solebat
2261 2266 2352 2317 de-

1412 2336 1638 2401 plorare,
1681 2334 1745 2385 (le
1769 2350 1879 2388 sen.
1905 2336 1965 2396 3,
1993 2336 2042 2383 7.
2252 2330 2256 2337 ’

1338 2404 1414 2455 Μ.
1435 2402 1634 2455 Livius
1651 2402 1730 2453 Μ.
1753 2402 1816 2453 F.
1838 2403 1917 2454 M.
1947 2403 2013 2454 Ν.
2037 2401 2346 2455 Salinator.

1408 2473 1679 2524 Salinatori
1725 2472 1782 2531 Q.
1825 2474 2012 2523 Fabius
2066 2472 2346 2535 Maximus,

1407 2559 1563 2605 quum
1589 2543 1804 2591 Tarento
1837 2543 2025 2591 amisso
2065 2558 2233 2593 arcem
2273 2552 2352 2593 ta-

1406 2627 1522 2662 men
1558 2612 1734 2661 Livius
1768 2612 2062 2661 retinuisset
2093 2613 2353 2675 multaque

1407 2698 1472 2731 ex
1499 2696 1561 2730 ea
1591 2680 1788 2745 proelia
1821 2680 2086 2747 praeclara
2122 2680 2352 2741 fecisset,

1407 2765 1558 2813 quum
1579 2750 1772 2812 aliquot
1793 2756 1908 2815 post
1922 2764 2083 2799 anuos
2099 2752 2353 2800 Maximus

1407 2822 1460 2868 id
1487 2820 1731 2883 oppidum
1750 2820 2026 2883 recepisset
2047 2827 2352 2884 rogaretque

1407 2890 1520 2938 eum
1577 2886 1834 2938 Salinator
1856 2925 1869 2950 ‚
1926 2896 1982 2936 ut
2034 2890 2355 2939 meminisset

1407 2972 1562 3022 opera
1583 2972 1676 3007 sua
1703 2972 1758 3006 se
1773 2958 2050 3007 Tarentum
2069 2960 2350 3023 recepisse,

1403 3033 1422 3059 ¹·
1441 3026 1655 3085 Quidni’
1672 3062 1687 3087 ,
1729 3027 1891 3089 inquit
1905 3062 1918 3084 ‚
1958 3032 1975 3058 ‘
1991 3028 2310 3077 meminerim
2328 3028 2353 3076 ’ἒ

1407 3096 1694 3157 Numquam
1727 3096 1863 3144 enim
1889 3094 2227 3160 recepissem,
2251 3098 2355 3145 nisi

1406 3174 1462 3214 tu
1488 3164 1851 3229 perdidisses’,
1892 3164 1956 3213 de
1993 3173 2119 3217 orat.
2158 3166 2220 3221 2,
2259 3164 2351 3224 67,

1407 3232 1530 3287 273.
1572 3232 1635 3283 cl.
1654 3234 1716 3283 de
1738 3248 1845 3283 sen.
1872 3234 1908 3283 4
1929 3269 1942 3292 ,
1979 3234 2061 3288 11.
2081 3260 2149 3270 -
2170 3232 2240 3285 Μ.
2263 3234 2351 3283 Li-

1406 3304 1523 3352 vius
1555 3300 1812 3352 Salinator
1838 3300 2020 3353 consul
2057 3305 2239 3353 iterum
2277 3304 2352 3352 lu-

1403 3372 1500 3423 dos
1523 3372 1802 3421 Iuventatis
1821 3370 2038 3423 Senensi
2061 3371 2261 3438 proelio
2300 3386 2348 3425 a.

1406 3457 1456 3489 u.
1482 3456 1525 3489 c.
1547 3440 1670 3489 547.
1701 3441 1869 3506 vovit,
1909 3440 2054 3492 Brut.
2086 3443 2169 3505 18,
2192 3441 2278 3493 73.
