2500 3850
255 167 338 227 96
575 178 637 226 Ρ.
673 176 1057 224 CORNELIUS
1089 197 1177 208 -—
1205 177 1273 223 L.
1306 173 1693 224 consumtis
1722 177 2014 223 BALBVS.

257 331 324 384 P.
355 329 648 381 Cornelius
671 333 875 381 civitate
900 333 1128 382 Romana
1147 333 1269 382 ade-

327 410 414 466 pta
451 401 728 450 vocabatur
759 400 1045 451 Demetrius
1071 402 1268 466 Megas,

330 469 534 520 Siculus
549 505 561 526 ‚
583 470 649 519 ad
667 470 788 519 fam.
815 468 898 535 13,
919 469 1007 531 36,
1031 471 1075 521 1.

259 539 331 605 Q.
371 535 696 602 Cornelius,
730 538 1104 590 iureconsultus
1135 539 1271 589 circa

325 624 376 658 a.
399 615 449 657 ui
473 624 517 659 c.
542 606 693 669 700.,
723 608 789 658 ad
808 608 930 658 fam.
953 609 1090 670 7‚8,
1126 609 1178 658 2.
1199 634 1270 646 --

326 679 400 731 Ib.
428 679 477 740 7,
503 678 584 736 17,
607 677 656 728 3.

259 747 327 812 Q.
355 743 651 796 Cornelius
669 782 682 808 ‚
705 744 936 810 pontifex
961 745 1122 793 minor
1141 759 1188 793 a.
1209 761 1266 795 ιι.

326 833 372 865 6.
393 815 513 866 697.
532 851 545 878 ,
571 816 632 864 de
652 815 860 877 harusp.
882 828 1016 876 resp.
1041 812 1092 872 6,
1115 811 1198 862 12.

260 885 329 951 Q.
378 883 680 934 Cornelius
698 919 712 946 ,
763 881 945 932 adfinis
987 881 1042 928 P.
1094 881 1267 945 Sestii,

325 954 479 1003 frater
525 954 743 1004 fortasse
795 953 906 1000 eius
947 952 1156 1011 uxoris,
1202 952 1270 1002 ad

323 1023 445 1072 fam.
471 1023 521 1080 5,
546 1023 597 1082 6,
623 1022 672 1070 1.
709 1021 770 1070 cl.
795 1021 860 1069 ad
882 1022 986 1069 Att.
1013 1020 1070 1079 1,
1095 1020 1191 1081 12,
1217 1021 1264 1070 l.

253 1093 318 1146 L.
344 1088 643 1141 Cornelius
664 1088 878 1139 Balbus
911 1089 1129 1155 (Balbus
1161 1104 1267 1139 ma-

323 1163 427 1225 ior,
466 1161 534 1210 ad
561 1160 664 1208 Att.
693 1159 786 1219 14,
823 1157 913 1219 20,
944 1157 1020 1222 4.)
1059 1157 1266 1208 Gadita-

322 1245 418 1280 nus
455 1227 598 1294 (hinc
645 1227 938 1277 Tartessius
981 1228 1163 1277 dicitur
1199 1227 1267 1277 ad

324 1300 428 1349 Att.
452 1301 502 1360 7,
525 1298 575 1358 3,
596 1295 725 1363 11,),
748 1298 837 1347 sed
859 1304 1042 1362 rogatu
1060 1295 1120 1350 Ι..
1144 1296 1267 1346 Cor-

321 1369 443 1418 nelii
459 1367 663 1419 Lentuli
682 1382 713 1416 a
737 1368 981 1431 Pompeio
1012 1365 1128 1430 lege
1147 1364 1267 1414 Gel-

321 1439 388 1487 lia
426 1447 474 1487 et
514 1436 751 1487 Cornelia
799 1435 1000 1485 civitate
1037 1435 1267 1484 Romana

322 1509 559 1558 donatus.
611 1507 898 1556 Accusatus
941 1519 972 1552 a
1015 1502 1265 1554 Gaditano

323 1576 544 1638 quodam
586 1589 687 1623 non
734 1589 846 1623 esse
884 1573 1048 1623 civem
1084 1574 1268 1623 Roma-

322 1659 444 1692 num
464 1658 493 1691 a
510 1643 778 1709 Pompeio,
799 1642 999 1702 Crasse,
1027 1640 1267 1691 Cicerone

325 1712 568 1762 defensus
605 1718 702 1762 est.
739 1712 806 1764 V.
846 1711 1048 1760 omnino
1081 1713 1267 1760 oratio-

321 1796 455 1841 nem,
480 1794 614 1842 quae
637 1786 712 1830 est
729 1793 824 1845 pro
843 1778 1002 1827 Balbo
1025 1778 1074 1839 1,
1102 1778 1128 1828 1
1151 1794 1264 1842 sqq.

319 1849 557 1899 Pervenit
579 1849 631 1897 in
655 1849 846 1898 tribum
868 1846 1267 1914 Crustuminam,

319 1935 415 1984 pro
435 1917 594 1969 Balbo
630 1918 730 1980 25,
766 1918 853 1971 57.
878 1944 945 1954 -
962 1918 1060 1966 Pro
1089 1932 1148 1968 eo
1170 1917 1261 1968 Cn.

318 1989 597 2053 Pompeius
617 1988 770 2037 simul
793 2002 908 2036 cum
931 1986 1172 2037 Cicerone
1191 1988 1271 2037 di·-

319 2058 429 2120 xit,
461 2057 523 2107 de
542 2056 645 2123 leg.
669 2058 727 2117 2,
761 2055 824 2120 3,
854 2055 903 2107 6.
931 2082 997 2093 -
1016 2056 1140 2106 Eius
1160 2057 1270 2123 epi-

322 2127 482 2177 stolae
514 2127 579 2175 ad
619 2126 893 2175 Caesarem
916 2126 1104 2175 missae
1135 2141 1181 2178 a.
1217 2141 1267 2176 u.

319 2214 368 2246 c.
395 2194 537 2257 700.,
559 2196 622 2243 ad
645 2194 708 2254 Q.
734 2194 799 2245 fr.
817 2196 868 2253 2,
890 2194 956 2246 10
977 2192 1114 2258 (12),
1135 2197 1270 2243 4.-

320 2265 449 2313 Eum
484 2266 532 2313 in
563 2264 727 2313 oculis
762 2262 860 2313 fert
891 2261 1096 2325 Cicer0,
1121 2264 1192 2312 Ib.
1215 2261 1266 2325 3,

322 2334 350 2385 1
368 2372 383 2401 ,
407 2334 457 2387 3.
479 2332 532 2386 9.
553 2364 622 2373 —
643 2332 830 2383 Balbus
859 2339 908 2381 et
936 2330 1129 2397 Oppius
1158 2331 1267 2381 fere

323 2404 734 2469 coniunguntur,
775 2404 842 2453 ad
872 2402 976 2452 Aa.
1003 2400 1098 2461 11,
1121 2401 1182 2465 7,
1211 2401 1264 2451 5.

323 2474 398 2522 lb.
425 2473 510 2534 11,
536 2474 599 2523 12
615 2510 628 2533 ,
658 2473 709 2524 1.
729 2499 797 2510 -
819 2470 1010 2521 Balbus
1031 2469 1266 2520 Caesaris

317 2558 478 2593 causa
531 2541 857 2592 contristatus
905 2538 1154 2590 sententia
1201 2538 1263 2599 Q.

319 2611 508 2660 Metelli
561 2609 819 2674 Scipionis
871 2608 934 2656 de
981 2606 1265 2671 provinciis

321 2678 500 2727 Galliis
522 2693 568 2727 a.
589 2695 637 2727 u.
661 2694 704 2725 c.
730 2674 871 2739 703„
898 2675 1033 2725 Cael.
1051 2678 1116 2725 ad
1136 2676 1261 2725 fam.

317 2747 372 2809 8,
399 2746 448 2805 9,
471 2746 522 2796 5.
546 2773 613 2783 —-
633 2744 778 2796 Balbi
809 2759 1013 2809 operam
1046 2752 1094 2793 et
1111 2746 1265 2795 sedu-

320 2816 513 2863 litatem
568 2815 742 2862 laudat
778 2812 980 2862 Caelius
1019 2828 1067 2862 a.
1115 2828 1168 2862 ιι.
1217 2830 1262 2863 6.

319 2882 462 2945 704.,
487 2884 559 2932 Ib.
584 2882 635 2941 8,
657 2881 740 2941 11,
762 2883 812 2931 2.
837 2908 903 2918 -
924 2881 1118 2931 Amans
1135 2884 1266 2933 Var-

319 2953 485 3012 roniS,
524 2951 591 3001 ad
613 2950 730 3000 fam.
753 2949 814 3009 9,
846 2950 908 3010 6,
947 2950 992 2999 1.
1019 2978 1084 2987 --
1103 2951 1263 3003 Exeo

319 3021 497 3072 Cicero
531 3035 578 3071 a.
618 3036 672 3069 ιι.
705 3036 750 3070 6.
797 3018 917 3071 708.
967 3020 1183 3070 consilia
1213 3027 1266 3070 et

320 3091 547 3141 actiones
569 3089 801 3139 Caesaris
821 3088 1090 3149 resciebat,
1111 3090 1186 3141 Ib.
1209 3088 1261 3150 9,

323 3160 405 3225 17,
424 3159 468 3210 1.
493 3160 564 3224 11),
589 3160 638 3220 9,
663 3158 744 3219 19,
770 3157 1053 3217 I.-·-Quae
1070 3158 1263 3211 Balbus

318 3237 370 3279 et
411 3228 607 3295 Oppius
648 3229 857 3279 absente
891 3226 1104 3279 Caesare
1143 3244 1265 3296 ege-

321 3305 459 3358 rant,
483 3313 542 3347 ea
563 3296 792 3348 solebant
809 3296 890 3347 illi
907 3305 1018 3348 rata
1041 3313 1175 3359 esse,
1196 3299 1266 3348 ad

322 3366 446 3419 fam.
469 3366 517 3429 6,
539 3366 590 3430 8,
615 3366 661 3416 1.
703 3368 777 3419 lb.
797 3367 857 3430 6,
893 3367 984 3427 12,
1005 3368 1056 3421 2.
1102 3368 1174 3418 11).
1209 3368 1263 3427 6,

323 3434 418 3497 18,
447 3437 490 3485 1.
525 3436 600 3489 lb.
633 3434 684 3495 6,
726 3434 808 3497 19,
834 3436 884 3484 2.
924 3435 997 3488 Ib.
1032 3436 1080 3497 7,
1117 3434 1170 3496 5,
1208 3436 1262 3485 2.

1410 333 1483 382 Ib.
1507 334 1557 391 7,
1579 334 1629 395 7,
1652 332 1701 381 1.
1736 333 1810 380 lb.
1833 335 1881 391 7,
1901 330 1935 381 9
1954 368 1970 395 ,
1993 332 2042 380 1.
2080 332 2154 380 11).
2181 333 2345 393 7,16,

1410 401 1457 451 3.
1498 403 1570 451 11).
1605 403 1661 465 7,
1705 400 1797 459 18,
1826 401 1875 451 3.
1908 427 1974 435 —-
2009 399 2109 449 Pro
2134 400 2351 452 Caesare

1410 470 1639 520 Ciceroni
1664 469 1879 518 litteras
1916 469 2136 518 blandas
2175 472 2347 534 mittit,

1410 539 1476 587 ad
1496 540 1600 589 Att.
1625 538 1682 602 7,
1705 538 1768 601 3,
1801 537 1883 588 11.
1918 536 1985 588 cf.
2008 539 2077 591 ib.
2102 553 2187 604 ep.
2212 543 2278 600 4,
2301 540 2348 588 2.

1408 635 1473 643 -
1496 608 1561 666 cl.
1584 607 1649 655 ad
1680 609 1783 658 Att.
1814 605 1879 666 8,
1910 605 1973 665 9,
2007 607 2058 659 4.
2084 609 2160 657 11).
2198 608 2268 668 9,
2298 609 2348 668 5,

1408 677 1459 727 3.
1497 677 1571 728 11).
1594 691 1675 740 ep.
1696 675 1748 735 6,
1773 676 1820 724 1.
1843 701 1909 710 -
1927 673 2085 724 Homo
2110 678 2240 726 satis
2262 691 2351 742 pe-

1410 747 1684 804 cuniosus,
1721 753 1814 808 pro
1843 742 2002 792 Balbo
2039 744 2137 806 25,
2167 745 2260 798 56.
2285 773 2347 780 -

1406 815 1695 880 Adoptatus
1732 827 1763 862 a
1798 812 2107 878 Theophane
2147 815 2347 880 Mytile—

1407 899 1560 943 naeo,
1579 883 1810 946 Pompeii
1830 883 1992 934 amico
2012 889 2060 931 et
2077 882 2346 943 historicO,

1409 954 1481 1006 lb.
1505 952 1593 1012 25,
1614 952 1701 1002 57.
1736 951 1803 1000 cl.
1824 951 1892 1001 ad
1910 951 2016 1002 Att.
2041 953 2101 1013 7,
2124 954 2184 1016 7,
2206 951 2262 1002 6.
2285 980 2347 987 -

1407 1048 1474 1056 -
1524 1021 1707 1070 Habuit
1766 1021 2035 1084 praedium
2098 1021 2349 1070 Tuscula-

1406 1105 1555 1149 num,
1586 1104 1680 1154 pro
1706 1089 1864 1138 Balbo
1888 1089 1984 1148 25,
2014 1089 2101 1142 56.
2137 1117 2204 1125 —-
2224 1089 2349 1139 Eius

1407 1174 1521 1209 cum
1546 1158 1762 1208 Caesare
1782 1159 2130 1218 familiaritaS,
2160 1159 2237 1208 lb.
2262 1159 2347 1222 28,

1404 1229 1490 1280 63.
1511 1254 1577 1263 -
1600 1228 1729 1292 (Iam
1750 1243 1796 1280 a.
1826 1243 1879 1278 u.
1910 1244 1954 1277 c.
1975 1226 2130 1292 694.)
2151 1228 2219 1276 ad
2244 1230 2345 1278 Att.

1406 1298 1465 1361 2,
1496 1295 1555 1361 3,
1588 1295 1637 1346 3.
1658 1323 1724 1332 -
1743 1297 1799 1346 In
1819 1311 1880 1346 eo
1900 1301 2043 1361 spem
2065 1297 2349 1356 maximam

1403 1366 1557 1414 habet
1596 1365 1770 1415 Cicero
1797 1367 2025 1415 Trebatii
2058 1381 2247 1428 causa,
2285 1367 2351 1416 ad

1404 1435 1525 1484 fam.
1548 1436 1580 1483 7
1595 1471 1610 1495 ,
1633 1437 1692 1497 7,
1724 1436 1771 1484 2.
1798 1461 1867 1472 —
1886 1436 2082 1484 Dicitur
2102 1451 2130 1483 e
2153 1434 2351 1484 Britan-

1407 1506 1494 1553 nia
1512 1504 1639 1553 bene
1662 1505 1931 1554 comitatus
1954 1505 2032 1566 (id
2063 1511 2167 1568 est,
2200 1519 2351 1554 num-

1406 1572 1603 1638 matus)
1634 1587 1746 1623 esse
1780 1579 2051 1639 venturuS,
2088 1573 2154 1622 ad
2187 1573 2244 1630 Q.
2280 1573 2345 1624 fr.

1408 1641 1468 1706 3,
1514 1642 1540 1690 1
1558 1679 1573 1704 ,
1615 1643 1698 1692 12.
1720 1668 1787 1680 —
1812 1641 2081 1692 Confirmat
2115 1641 2353 1692 Ciceroni

1405 1710 1699 1761 Trebatium
1736 1712 1943 1763 divitem
1983 1711 2240 1772 futurum,
2285 1711 2353 1760 ad

1405 1778 1526 1831 fam.
1547 1780 1605 1841 7,
1631 1779 1723 1840 16,
1743 1779 1793 1831 3.
1814 1807 1885 1816 —-
1906 1780 1967 1829 Ei
1986 1780 2052 1829 ad
2074 1779 2353 1830 Caesarem

1404 1848 1637 1898 redeunti
1658 1850 1923 1900 Trebatius
1942 1849 2351 1914 commendatur,

1364 1972 1375 1981 ό
1409 1919 1481 1969 11).
1507 1917 1559 1978 7,
1584 1916 1667 1983 18,
1688 1917 1741 1971 3.
1760 1946 1828 1955 -
1842 1917 2077 1970 Caesaris
2096 1917 2351 1969 beneficio

1408 1986 1586 2038 hortos
1622 1995 1671 2037 et
1698 1988 2041 2039 Tusculanum
2079 1989 2353 2053 praedium

1409 2057 1596 2175 11ζείΒῇ
1620 2058 1743 2177 ‚wad
1787 2059 1927 2176 Atltix
1940 2058 2086 2175 7e’iug
2103 2057 2351 2177 ’6635οῐιὲ

1466 2162 1478 2174 .
1570 2162 1585 2187 ,
1695 2164 1710 2179 .
1742 2154 1814 2164 -

1410 2210 1523 2243 cum
1552 2195 1720 2245 Attico
1754 2196 1877 2259 quid
1911 2193 2117 2260 colligat
2146 2194 2349 2259 Cicer0,

1406 2262 1483 2313 lb.
1530 2260 1629 2325 10,
1683 2264 1777 2327 18,
1826 2265 1875 2314 2.
1925 2294 1997 2304 -
2040 2265 2172 2314 Eum
2220 2266 2351 2315 adiri

1340 2362 1345 2367 ,
1408 2330 1517 2382 vult
1536 2331 1709 2383 Cicero
1738 2340 1857 2399 post
1884 2347 2110 2398 pugnam
2130 2332 2351 2383 Pharsa-

1404 2401 1555 2450 licam
1601 2402 1653 2450 in
1696 2402 1893 2452 Italiam
1936 2416 2206 2467 regressus
2223 2440 2240 2463 ‚
2298 2410 2351 2451 ut

1408 2472 1537 2519 sciat
1556 2484 1621 2519 an
1648 2471 1747 2520 sibi
1768 2472 1917 2521 liceat
1936 2471 2211 2521 Brundisio
2231 2485 2350 2537 pro-

1404 2539 1523 2603 pius
1556 2539 1623 2589 ad
1652 2540 1827 2591 urbem
1866 2541 2136 2601 accedere,
2164 2542 2240 2592 Ib.
2266 2540 2347 2597 11,

1404 2606 1468 2671 6,
1508 2608 1561 2659 3.
1585 2636 1651 2644 -
1682 2609 1807 2658 Eius
1846 2623 1991 2674 opem
2029 2610 2082 2657 in
2116 2610 2348 2659 reconci-

1404 2676 1577 2726 liando
1617 2675 1833 2727 Caesare
1870 2685 2111 2743 exoptat,
2152 2676 2229 2728 Ib.
2262 2677 2343 2737 11,

1405 2748 1455 2806 7,
1476 2746 1527 2797 5.
1550 2752 1599 2793 et
1615 2745 1667 2810 8,
1692 2748 1738 2797 1.
1758 2774 1825 2783 -—
1844 2746 1921 2797 De
1943 2762 1999 2797 ea
2017 2760 2073 2796 re
2090 2745 2244 2797 Balbi
2267 2746 2347 2795 lit-

1404 2822 1539 2863 terae
1554 2813 1905 2880 languidiores
1920 2852 1935 2880 ,
1957 2816 2029 2865 11).
2052 2815 2103 2875 7,
2124 2814 2177 2874 9,
2209 2816 2262 2865 1.
2281 2842 2334 2851 -

1404 2882 1681 2935 Tenuiculo
1706 2894 1955 2950 apparatu
1972 2886 2112 2949 apud
2132 2882 2347 2935 Paetum

1404 2959 1675 3005 contentus
1693 2954 1855 3004 fuisse
1882 2954 2095 3017 dicitur,
2126 2954 2194 3003 ad
2218 2953 2344 3006 fam.

1402 3022 1454 3085 9,
1488 3020 1576 3081 19,
1611 3023 1662 3074 1.
1689 3049 1760 3061 -
1786 3022 2081 3087 Respondet
2110 3020 2346 3073 Ciceroni

1404 3091 1468 3140 de
1488 3089 1721 3142 Caesaris
1744 3092 1859 3158 lege
1876 3092 1941 3143 de
1960 3092 2343 3154 decurionibUS,

1404 3159 1471 3209 ad
1488 3159 1609 3209 fam.
1630 3160 1663 3212 6
1679 3198 1693 3223 ,
1716 3158 1782 3211 18
1792 3198 1810 3222 ,
1844 3162 1893 3213 1.
1915 3188 1987 3198 -
2012 3160 2266 3211 Describit
2285 3161 2344 3210 li-

1402 3230 1547 3279 brum
1568 3230 1796 3293 quintum
1813 3230 1877 3280 de
1896 3228 2085 3280 finibus
2098 3266 2114 3291 ,
2142 3230 2209 3280 ad
2234 3230 2339 3279 Att.

1408 3298 1500 3361 13,
1550 3298 1649 3359 21,
1692 3300 1744 3353 4.
1798 3325 1866 3337 —-
1914 3299 2043 3348 Eum
2088 3298 2342 3363 appellari

1401 3365 1510 3415 vult
1540 3366 1709 3418 Cicero
1730 3368 1793 3418 de
1820 3368 2054 3418 auctione
2090 3368 2345 3418 bonorum

1404 3433 1753 3486 Cluvianorum
1808 3437 2170 3503 proscribenda
2192 3471 2207 3501 ,
2266 3438 2340 3492 11).
