2500 3850
613 251 679 296 Ρ.
709 249 911 299 CORN.
938 251 1163 302 SCIPIO
1189 253 1641 306 AEMILIANUS.

138 403 452 468 putabatur,
474 404 617 455 Brut.
640 405 711 456 25
726 441 741 466 ‚
770 407 854 460 97.
879 433 945 442 --
966 406 1099 459 Gon·

142 480 278 522 stans
300 473 479 536 opinio
501 473 567 522 de
583 473 698 523 eius
716 473 917 534 virtute,
938 479 1096 540 topic.

137 540 225 606 20,
248 540 337 592 78.
361 570 436 580 —
456 543 583 591 Eius
601 543 858 607 gravitaS,
880 543 945 593 de
968 553 1094 596 orat.

136 608 199 675 3,
221 610 283 674 7,
306 609 397 660 28.
420 609 639 660 —Eum
657 626 759 662 non
780 611 940 661 nulli
926 628 976 661 ιιι
1002 629 1096 678 Ρο-

140 677 403 743 pularium
418 693 690 729 numerum
705 680 895 731 referre
912 681 1094 748 solent,

141 747 299 797 Acad.
326 763 409 812 pr.
440 749 503 810 2,
538 748 599 810 5,
638 747 726 802 13.
755 751 966 800 —Eius
988 753 1095 802 sin-

139 817 323 880 gulare
356 815 660 877 consilium,
690 819 835 872 Verr.
866 828 1091 871 accusat.

144 887 191 944 5,
222 884 318 944 10,
340 885 429 935 25.
450 911 521 920 ·-
543 887 637 936 Rei
667 887 811 950 publ.
850 896 1013 937 rector
1046 896 1095 940 et

142 953 346 1003 consilii
364 953 564 1018 publici
584 963 778 1017 auctor,
801 956 865 1006 de
892 966 1018 1006 orat.
1042 959 1091 1021 1,

142 1022 225 1082 48,
246 1021 351 1072 211
378 1029 428 1071 et
450 1022 570 1073 215.
586 1049 653 1060 —-
672 1025 806 1074 Ante
827 1025 989 1074 Laelii
1008 1041 1093 1076 ae-

136 1097 292 1140 tatem
338 1096 390 1140 et
424 1089 682 1156 Scipionis
736 1107 838 1142 non
892 1093 1095 1144 fuerunt

139 1161 407 1225 sapientes
450 1174 579 1222 quos
618 1161 877 1227 appellare
922 1165 1089 1228 possi-

141 1245 255 1278 mus
274 1229 574 1278 nominatim
589 1265 603 1292 ,
628 1229 832 1282 Tuscul.
853 1232 917 1291 4,
940 1232 1000 1295 3,
1034 1233 1085 1286 5.

140 1325 206 1334 --
261 1297 539 1347 Africanus
588 1298 875 1348 Socraticus
918 1301 1089 1351 Xeno-

134 1365 346 1430 phontis
370 1367 423 1415 in
450 1368 634 1432 primis
664 1367 907 1418 laudabat
936 1369 1085 1432 illu'd,

138 1435 277 1497 quod
298 1435 493 1486 diceret
520 1436 727 1486 eosdem
756 1437 954 1488 labores
984 1453 1087 1490 non

139 1519 251 1554 esse
280 1519 444 1568 aeque
490 1519 674 1571 graves
706 1507 1001 1570 imperatori
1038 1516 1087 1557 et

136 1573 317 1637 militi,
349 1573 559 1626 Tuscul.
580 1574 646 1635 2,
672 1574 756 1636 26,
778 1575 863 1626 62.
884 1601 955 1613 -—
982 1575 1086 1626 Xe-

134 1641 412 1708 nophontis
440 1636 643 1706 Κύρου
679 1641 949 1694 παιδείαν
971 1659 1087 1695 non

136 1712 247 1764 sine
264 1725 419 1763 causa
436 1711 503 1764 de
521 1712 759 1764 manibus
774 1727 965 1778 ponere
984 1728 1085 1763 non

128 1783 361 1842 solebat,
386 1783 451 1832 ad
488 1782 549 1840 Q.
584 1782 649 1836 fr.
675 1781 734 1845 1,
763 1781 821 1843 1,
844 1780 893 1832 8.
917 1784 968 1846 S.
994 1781 1080 1833 23.

132 1877 201 1889 --
243 1851 542 1916 Scipionem
577 1851 879 1900 Africanum
918 1853 1084 1904 mino-

130 1936 240 1971 rem
271 1921 477 1971 doctum
506 1920 670 1970 fuisse
704 1920 947 1971 traditum
986 1929 1081 1984 est,

134 1990 343 2043 Tuscul.
365 1990 391 2041 1
410 2026 425 2051 ,
454 1988 487 2041 3
503 2026 519 2051 ,
552 1989 602 2039 5.
626 1990 775 2039 -.P.
797 1987 995 2054 Scipio,
1024 1989 1078 2040 C.

130 2059 341 2108 Laelius
386 2060 582 2123 optime
628 2056 864 2124 [Latine]
908 2058 1082 2121 ioque-

127 2128 341 2188 bantur,
380 2127 507 2178 Brut
536 2128 603 2175 74
622 2163 635 2187 ‚
667 2127 789 2181 258.
812 2154 879 2163 —
900 2126 1082 2178 Omnia

133 2211 369 2246 sermone
388 2195 693 2246 conficiebat
722 2195 897 2260 paullo
917 2198 1081 2247 inten-

130 2267 288 2329 tiore,
332 2266 399 2315 de
442 2273 571 2316 orat.
616 2264 677 2329 1,
716 2262 815 2322 60,
859 2265 980 2317 255.
1013 2292 1081 2301 --

129 2333 293 2384 Paulli
311 2334 454 2383 filius
482 2332 759 2383 Africanus
788 2334 841 2382 in
862 2349 917 2384 re
946 2333 1083 2383 mili-

131 2404 225 2451 tari
248 2402 519 2464 excelluit,
545 2401 835 2464 eloquentia
856 2402 1083 2452 cumula-

24 2526 33 2533 .
124 2472 201 2521 vit
232 2471 477 2521 bellicam
515 2471 763 2537 gloriam,
801 2471 864 2520 de
900 2470 988 2524 off.
1032 2470 1081 2530 1,

131 2540 216 2600 32,
249 2539 371 2591 116.
396 2568 469 2577 -
502 2540 559 2589 Ρ.
599 2538 773 2603 Scipio
810 2539 1083 2589 Africanus

126 2609 297 2658 minor
319 2618 369 2657 et
392 2608 446 2659 C.
468 2609 679 2658 Laelius
708 2610 759 2657 in
777 2610 959 2672 primis
980 2608 1082 2657 elo-

130 2686 347 2739 quentes
382 2678 571 2743 habiti,
620 2692 837 2739 quorum
880 2684 1083 2729 exstant

131 2747 393 2795 orationes
408 2784 424 2807 ,
472 2762 534 2797 ex
572 2746 757 2807 quibus
800 2746 1085 2795 existimari

128 2814 191 2864 de
210 2816 442 2880 ingeniis
461 2820 717 2865 oratorum
733 2821 917 2879 potest,
936 2816 1081 2865 Brut.

122 2883 190 2934 21
208 2920 225 2947 ,
247 2882 335 2933 82.
356 2912 427 2923 -
448 2883 783 2948 comparatur
810 2899 927 2933 cum
956 2884 1083 2934 Lae-

126 2952 231 3015 lio,
264 2953 341 3005 Ib.
369 2951 465 3013 21,
500 2952 568 3005 83
590 2960 639 3002 et
660 2952 747 3003 84.
770 2979 836 2988 —
854 2954 913 3007 Ρ.
942 2951 1085 3002 Afri·-

125 3036 290 3069 canus
326 3020 641 3086 Karthagine
682 3020 848 3070 deleta
881 3020 1083 3071 Siculo·

125 3104 245 3138 rum
268 3090 422 3139 urbes
454 3091 620 3155 signis
641 3092 1083 3153 monumentisque

123 3158 493 3223 pulcherrimis
512 3158 805 3221 exornavit,
825 3159 971 3209 Verr.
996 3174 1083 3208 ao-

125 3235 293 3277 cusat.
328 3228 391 3288 2,
421 3229 485 3287 2,
516 3227 671 3281 3.·-
693 3226 870 3293 Scipio
890 3226 1081 3277 Siculis

124 3295 373 3345 omnibus
392 3294 885 3361 Karthagine-capta
904 3334 919 3358 ,
952 3311 1083 3359 quae

124 3364 302 3427 potuit
336 3365 649 3416 restituenda
668 3366 890 3426 curavit,
924 3365 1001 3416 lb.
1025 3366 1077 3427 2,

126 3432 199 3483 35
214 3468 229 3491 ,
251 3432 343 3484 86.
364 3460 430 3469 --
452 3434 577 3483 Eius
608 3434 804 3483 dictum
826 3432 889 3483 de
919 3447 980 3483 ea
1007 3449 1080 3495 re,

126 3500 207 3548 Ib.
235 3502 301 3562 4,
337 3499 435 3564 33,
471 3502 539 3553 73
568 3516 683 3565 sqq.
716 3502 785 3555 cf.
809 3502 878 3551 ib.
903 3505 970 3561 4,
993 3500 1079 3565 39,

2057 255 2174 315 107

1238 409 1324 461 84.
1345 435 1415 446 -
1432 409 1629 460 Laudat
1658 413 1957 465 Africanum
1985 419 2174 470 Panae-

1238 478 1368 538 tius,
1407 479 1546 540 quod
1576 479 1728 530 fuerit
1763 485 2023 535 abstinens
2057 497 2174 551 etc„

1238 546 1303 596 de
1324 513 1410 596 o'ff.
1437 549 1486 611 2,
1515 549 1610 610 22,
1647 548 1730 601 76.
1768 553 1833 601 ad
1857 555 2175 614 Att.16,13.

1236 630 1282 666 c.
1305 615 1357 664 2.
1385 641 1458 653 ·—
1480 615 1604 665 Eius
1623 620 1947 681 providentia
1963 623 2177 674 Kartha-

1234 685 1372 804 ξὲἷῗ18
1405 685 1735 805 ⁰P1‘Ziffssffi‘d
1764 688 2056 808 {iim
2071 690 2176 810 ᾆξ’

1231 821 1464 884 tiumque
1493 822 1846 890 Karthaginis,
1882 828 1945 876 de
1963 827 2179 894 harusp:

1234 905 1372 954 resp.
1393 893 1445 949 4,
1466 890 1516 941 6.
1533 894 1698 943 -Ad
1717 895 1905 944 bellum
1927 895 2174 947 Punicum

1230 960 1436 1008 tertium
1456 960 1679 1025 populus
1700 962 1958 1014 Romanus
1984 967 2055 1014 ita
2072 967 2172 1016 sibi

1232 1027 1344 1092 ipse
1376 1028 1567 1096 delegit
1595 1031 1836 1082 idoneum
1864 1034 2076 1093 ducem,
2112 1033 2166 1084 P.

1232 1093 1552 1161 Scipionem,
1579 1107 1634 1148 ut
1653 1114 1766 1150 eum
1789 1110 1959 1152 tamen
1978 1098 2170 1152 belluni

1232 1181 1408 1228 gerere
1438 1167 1698 1218 consulem
1727 1169 1904 1232 vellet,
1941 1170 2164 1236 Philipp.

1233 1234 1328 1298 11,
1376 1234 1435 1296 7,
1487 1235 1569 1289 17.
1613 1263 1680 1273 —
1721 1237 1799 1288 De
1849 1235 2200 1288 Numantinis

1228 1270 1626 1367 ῐιίιιιιιΡίιΒνίῑΒ..
1649 1321 1700 1356 ιι.
1725 1321 1770 1358 c.
1791 1305 1946 1366 622.,
1977 1306 2052 1358 lb.
2083 1307 2166 1368 11,

1229 1369 1282 1432 8,
1307 1371 1388 1421 18.
1413 1397 1480 1408 -·
1499 1371 1583 1420 Ad
1616 1386 1731 1421 eum
1757 1376 2016 1436 privatum
2038 1389 2086 1426 a.
2110 1390 2162 1426 ιι.

1227 1454 1274 1492 c.
1315 1439 1437 1493 622.
1485 1438 1678 1488 bellum
1713 1448 1886 1490 contra
1916 1441 2166 1489 Aristoni·

1228 1523 1344 1556 cum
1363 1508 1587 1558 delatum
1607 1521 1708 1557 non
1727 1517 1828 1572 est,
1855 1509 1984 1558 duas
2003 1509 2166 1558 tribus

1226 1576 1366 1626 solas
1385 1576 1530 1635 tulit,
1551 1575 1626 1629 lb.
1651 1602 1717 1611 —
1734 1575 1846 1628 Νοιι
1863 1576 2014 1642 plus'
2001 1591 2055 1626 m
2075 1588 2247 1633 ‹ex-1⁸.¹

1226 1645 1444 1695 cidenda
1473 1643 1745 1695 Numantia
1771 1646 1846 1695 rei
1865 1644 2008 1710 publ.
2045 1661 2164 1710 pro-

1224 1713 1322 1762 fuit
1343 1727 1494 1776 quam
1521 1714 1700 1769 eodem
1730 1709 1960 1782 tempore
1985 1715 2040 1765 P.
2064 1715 2163 1764 Na·
2246 1733 2252 1744 ¹

1224 1783 1333 1831 sica
1353 1783 1602 1848 privatus,
1622 1784 1868 1846 quum'l'i.
1882 1783 2164 1834 Gracchum

1224 1852 1504 1911 interemit,
1529 1851 1590 1902 de
1611 1851 1697 1902 off.
1722 1853 1773 1915 1,
1795 1855 1881 1914 22,
1903 1853 1986 1904 76.
2002 1851 2163 1902 -De

1223 1920 1374 1972 donis
1401 1921 1465 1971 ab
1491 1887 1667 1971 ’Attalo
1693 1938 1818 1988 rege
1837 1891 2163 1987 magnificen-
2228 1944 2340 2003 χ

1220 1990 1436 2040 tissimis
1456 1990 1511 2039 P.
1533 1990 1778 2041 Africano
1793 2006 1956 2054 usque
1975 1990 2042 2039 ad
2060 1990 2162 2040 Nu·
2245 1981 2340 2043 ἱ

1220 2060 1466 2109 mantiam
1485 2059 1658 2108 missis
1679 2075 1743 2109 ex
1759 2060 1910 2118 Asia,
1941 2072 2036 2123 pro
2064 2058 2162 2108 De-

1220 2129 1386 2177 iotaro
1408 2129 1440 2177 7
1455 2164 1471 2190 ,
1498 2125 1579 2179 19.
1601 2155 1674 2167 -·
1689 2126 2050 2193 Karthaginem
2073 2126 2160 2176 de-

1221 2197 1374 2257 levit,
1426 2197 1738 2261 triumphum
1795 2197 1928 2261 egit,
1984 2210 2163 2245 censor

1222 2266 1347 2327 fuit,
1369 2264 1496 2316 obiit
1514 2266 1714 2331 legatus
1733 2266 2045 2331 Aegyptum,
2068 2263 2162 2328 Sy·

1222 2335 1368 2393 riam,
1393 2334 1570 2381 Asiam
1584 2368 1598 2393 ,
1619 2332 1888 2383 Graeciam
1901 2367 1914 2389 ,
1934 2332 2160 2381 delectus

1222 2404 1408 2453 iterum
1428 2400 1612 2449 absens
1631 2400 1826 2461 consul,
1847 2399 2035 2448 bellum
2053 2413 2160 2447 ma-

1216 2472 1415 2523 ximum
1449 2468 1692 2529 confecit,
1723 2467 2047 2515 Numantiam
2074 2480 2160 2514 ex-

1221 2541 1376 2598 cidit,
1399 2538 1524 2589 der.
1545 2551 1597 2602 p.
1620 2535 1681 2595 6,
1709 2535 1803 2595 11,
1826 2534 1911 2587 11.
1947 2535 2012 2583 ad
2039 2534 2157 2583 Her.

1218 2610 1270 2666 4,
1293 2607 1376 2668 13,
1398 2605 1484 2656 19.
1504 2571 1681 2655 —Sol’
1701 2604 1985 2670 geminatus
2005 2603 2162 2652 Tudi·

1220 2685 1340 2727 tano
1365 2682 1415 2725 et
1438 2666 1643 2737 Aquilio
1667 2688 1800 2727 coss,
1821 2688 1870 2725 Β.
1891 2688 1944 2721 ιι.
1967 2688 2012 2725 c
2036 2671 2158 2723 625.

1220 2760 1323 2808 quo
1359 2743 1566 2807 quidem
1608 2759 1740 2793 anno
1785 2744 1844 2795 P.
1889 2741 2160 2791 Africanus

1220 2814 1300 2864 sol
1333 2814 1459 2862 alter
1490 2814 1773 2863 exstinctus
1797 2818 1901 2874 est,
1933 2812 1996 2861 de
2029 2825 2078 2860 n.
2104 2810 2156 2863 (1.

1220 2883 1373 2946 2,5‚
1410 2881 1492 2931 14.
1533 2883 1732 2947 der..p
1767 2878 2159 2947 1,13,19.—

1219 2951 1333 3001 Non
1370 2950 1554 3001 fuisset
1583 2951 1673 3001 illa
1705 2964 1810 3000 nox
1839 2957 1942 2998 tam
1981 2948 2162 2997 acerba

1222 3020 1497 3081 Africano,
1531 3019 1906 3085 sapientissimo
1935 3018 2074 3075 viro,
2115 3014 2160 3061 si

1220 3088 1350 3139 nihil
1383 3104 1498 3139 eum
1523 3088 1813 3151 fefellisset,
1846 3084 1914 3133 ad
1945 3085 2048 3133 Att.
2074 3081 2159 3143 10,

1220 3158 1285 3222 8,
1306 3159 1356 3207 7.
1375 3183 1448 3195 —
1465 3158 1766 3207 Africanum
1787 3124 2051 3204 domestici
2069 3165 2160 3215 pa-

1218 3227 1373 3277 rietes
1403 3241 1506 3275 non
1541 3231 1802 3283 texerunt,
1840 3222 1904 3272 de
1939 3234 1990 3271 n.
2023 3220 2074 3269 (1.
2107 3216 2158 3277 3,

1220 3294 1308 3360 32,
1329 3295 1418 3348 80.
1439 3318 1510 3331 --
1531 3293 1652 3341 Eius
1681 3304 1847 3346 mors,
1885 3288 1948 3337 de
1973 3288 2076 3337 fato
2107 3284 2158 3345 9,

1223 3363 1308 3417 18.
1349 3363 1411 3415 cl.
1434 3363 1504 3414 ib.
1527 3360 1620 3425 12,
1646 3362 1730 3412 27.
1754 3358 1902 3407 -Ο.
1925 3353 2156 3405 GarboP.

1220 3431 1450 3483 Africani
1484 3430 1622 3478 necis
1669 3427 1840 3478 socius
1873 3425 2160 3474 nominatus

1222 3508 1298 3549 est
1329 3514 1360 3548 a
1391 3498 1450 3546 L.
1489 3495 1698 3572 Crasso,
1735 3495 1799 3545 de
1830 3500 1952 3543 orat.
1981 3494 2042 3552 2,
2073 3490 2159 3553 40,

2231 2513 2271 2530 e-

2195 1243 2282 1353 χ
2343 1273 2352 1282 x

2285 1652 2331 1680 (9
