2500 3850
241 211 322 274 78
789 222 1210 271 cnRYsrrPUs
1238 245 1314 256 -
1342 223 1781 270 crmcmnsrs.

309 375 419 427 foro
441 384 489 426 et
510 377 676 436 domi,
699 376 839 425 aliud
857 377 906 424 in
927 377 1099 426 schola
1119 378 1248 427 dixit
1289 339 1293 344 -
1321 373 1533 444 Cibyra
1555 377 1799 441 oppidum
1820 377 2071 442 Phrygiae
2092 393 2326 444 magnae,

308 460 438 506 esse,
461 447 524 495 de
543 444 629 493 fin.
651 445 700 506 5,
723 444 807 503 29,
827 444 912 496 89.
935 473 1001 481 —-
1023 447 1144 495 Eius
1165 461 1246 495 sa-

307 515 472 580 pienS,
491 514 673 579 fragm.
691 527 744 576 p.
762 513 882 566 258.
901 540 960 550 —
981 514 1244 574 Quomodo

1386 448 1535 496 Verr.
1557 453 1775 500 accusat.
1799 448 1851 507 4,
1876 445 1959 512 13,
1990 445 2075 497 30.
2113 449 2181 498 ad
2200 449 2325 503 fam.

1387 513 1472 575 13,
1496 515 1579 579 21,
1603 513 1651 567 1.

307 583 652 632 fortitudinem
699 581 979 644 definierit,
1032 582 1240 636 Tuscul.
1318 597 1654 667 Cibyratae,
1678 599 1875 649 incolae
1892 597 2103 664 Cibyrae
2124 603 2324 666 oppidi,

304 653 357 711 4,
377 653 461 711 24,
484 651 570 703 53.
592 678 659 687 -
679 649 950 716 Chrysippi
981 658 1031 700 et
1050 650 1244 701 Stoico-

305 735 416 768 rum
452 720 658 786 partitio
697 727 746 768 et
782 719 1006 769 definitio
1047 729 1244 785 pertur-

305 791 564 840 bationum
588 789 775 848 animi,
806 789 878 839 lb.
910 791 972 850 4,
1003 786 1064 848 5,
1093 788 1144 839 9.
1175 815 1244 826 —

305 857 524 907 Nimium
584 872 768 922 operae
832 857 1147 908 consumitur
1212 873 1241 906 a

309 926 620 992 Chrysippo,
668 926 790 975 dum
835 925 1026 976 morbis
1063 940 1242 990 corpo-

305 1011 416 1045 rum
437 1004 757 1060 comparatur
775 996 1064 1044 morborum
1086 996 1240 1045 animi

307 1065 586 1114 similitudo
600 1099 616 1125 ,
637 1064 711 1113 Ib.
729 1067 782 1126 4,
807 1063 890 1123 10,
907 1063 991 1114 23.
1014 1089 1081 1100 --
1099 1064 1240 1113 Idem

304 1140 440 1184 vetat
459 1133 525 1182 ad
543 1139 770 1182 recentes
802 1133 947 1194 quasi
978 1132 1134 1180 animi
1161 1139 1239 1181 tu-

304 1216 472 1251 mores
490 1202 644 1250 animi
667 1201 947 1251 remedium
978 1200 1237 1265 adhibere,

302 1272 380 1323 Ib.
393 1273 448 1335 4,
469 1271 552 1331 29,
573 1269 660 1324 63.
677 1296 743 1308 -
758 1268 920 1334 Caput
939 1283 1051 1319 esse
1069 1277 1241 1320 censet

307 1343 356 1390 in
415 1339 722 1390 consolando
773 1337 1038 1389 detrahere
1098 1339 1238 1389 illam

303 1411 593 1475 opinionem
613 1409 897 1470 maerendi,
929 1408 976 1456 si
996 1423 1054 1457 se
1071 1407 1238 1457 officio

302 1479 450 1543 fungi
483 1485 626 1543 putet
669 1480 799 1527 iusto
849 1483 997 1540 atque
1049 1478 1236 1535 debito,

303 1548 375 1597 Ib.
407 1547 468 1605 3,
492 1547 590 1606 31,
612 1545 695 1599 76.
738 1547 810 1595 Ib.
835 1545 895 1605 3,
925 1543 1022 1609 33,
1059 1546 1144 1599 79.
1171 1572 1239 1582 —

307 1614 624 1679 Chrysippus
662 1614 998 1678 reprehensus
1040 1630 1070 1664 a
1119 1614 1238 1664 Car·

304 1683 587 1741 neade‚1b.
619 1680 676 1740 3,
709 1683 805 1743 25,
834 1681 919 1732 59.
943 1709 1011 1718 -—
1030 1673 1237 1746 Λῦπην

307 1751 450 1813 quasi
469 1743 628 1798 λύσιν
651 1749 958 1813 appellatam
978 1759 1141 1812 putat,
1160 1752 1234 1803 lb.

303 1819 353 1878 3,
380 1818 464 1879 25,
485 1817 572 1870 61.
592 1845 659 1854 -—
681 1817 1084 1882 Diligentissime
1115 1819 1234 1868 Chr.

304 1895 475 1938 contra
506 1887 796 1937 Aristonem
825 1887 1134 1951 disputavit,
1172 1887 1237 1938 de

301 1957 388 2011 fin.
411 1959 468 2019 4,
492 1958 558 2008 25
574 1992 590 2018 ,
609 1956 695 2009 68.
720 1982 786 1993 -—
807 1954 994 2007 Scitum
1019 1956 1127 2006 eius
1157 1958 1236 2007 di-

303 2035 466 2087 ctum,
488 2028 552 2077 de
573 2025 659 2078 off.
683 2023 744 2086 3,
770 2023 861 2086 10,
881 2026 970 2078 42.
991 2050 1060 2061 -
1081 2024 1236 2091 Chry-

301 2096 478 2159 sippus
515 2096 626 2154 sui,
670 2109 733 2143 ne
767 2102 1080 2159 putesceret,
1127 2095 1236 2144 ani-

303 2178 437 2212 mam
455 2178 548 2227 pro
569 2163 676 2213 sale
695 2156 864 2212 datam
880 2162 1002 2213 dicit
1022 2178 1151 2223 esse,
1173 2164 1236 2215 de

300 2247 351 2282 n.
379 2233 427 2282 d.
463 2232 522 2291 2,
557 2230 655 2289 64,
688 2230 807 2284 160.
832 2258 888 2267 -
919 2230 1234 2298 Chrysippus

301 2301 587 2366 Chesippus
607 2300 768 2349 dictus
789 2316 820 2349 a
838 2300 1037 2350 Zenone
1052 2300 1235 2366 Epicu-

299 2372 374 2420 rio
391 2408 404 2431 ,
426 2371 488 2419 de
505 2385 555 2420 n.
583 2370 632 2420 d.
659 2368 718 2431 1,
741 2367 837 2431 34,
863 2368 950 2421 93.
990 2369 1054 2420 de
1071 2368 1158 2421 fin.
1181 2373 1233 2434 2,

302 2438 383 2499 13,
404 2439 488 2493 43.
513 2439 584 2489 Ib.
609 2440 658 2503 2,
685 2438 1164 2496 14,44.-Tus0u1.
1181 2440 1234 2505 5,

299 2509 393 2571 37,
422 2510 542 2560 107.
583 2508 646 2557 de
665 2507 824 2580 divin.
847 2510 879 2558 2
895 2544 908 2563 .
930 2508 1023 2573 28,
1044 2507 1131 2561 61.

233 2574 581 2644 Chrysippus
597 2611 611 2639 ,
632 2576 843 2625 libertus
863 2575 1144 2643 Ciceronis,
1167 2576 1235 2627 ad

298 2646 401 2693 Att.
423 2648 474 2708 7,
498 2644 628 2706 2,8.
665 2646 738 2698 lb.
766 2659 846 2708 ep.
878 2645 931 2705 5,
953 2644 1004 2697 3.
1041 2648 1116 2696 Ib.
1147 2645 1231 2705 11,

299 2716 348 2775 2,
371 2711 419 2762 3.
442 2715 503 2762 ad
528 2714 584 2772 Q.
607 2712 673 2767 fr.
694 2712 746 2776 3,
767 2716 818 2773 4,
839 2713 988 2763 5.1b.
1011 2728 1092 2778 ep.
1114 2714 1164 2778 5,
1178 2713 1229 2767 6.

231 2780 578 2848 Chrysippus
616 2778 862 2844 Vettius,
904 2782 1022 2847 Cyri
1066 2783 1231 2831 archi-

299 2851 419 2900 tecti
437 2850 671 2911 libertus,
705 2850 770 2899 ad
799 2849 920 2902 fam.
953 2852 1014 2910 7,
1048 2850 1143 2910 14,
1182 2853 1230 2903 l.

299 2920 363 2969 ad
383 2920 484 2971 Att.
511 2916 591 2982 13,
615 2917 698 2977 29,
721 2918 877 2969 2.,11).
901 2918 982 2978 14,
1003 2918 1054 2979 9,
1079 2919 1128 2972 1.

234 2986 466 3055 Chrysis
482 3024 496 3051 ,
545 3001 764 3051 persona
796 2986 1123 3047 Terentiana,
1168 2989 1230 3038 de

299 3066 422 3109 orat.
445 3059 494 3122 2,
512 3057 597 3117 80,
618 3055 718 3106 327
724 3092 736 3105 .

232 3122 469 3193 Chrysis
496 3162 510 3189 ,
568 3140 786 3190 persona
849 3126 1044 3175 comica
1095 3126 1232 3190 apud

297 3195 568 3253 Trabeam,
594 3194 798 3246 Tuscul.
820 3196 871 3258 4,
900 3194 986 3253 31,
1005 3193 1092 3247 67.

231 3260 652 3331 Chrysogonus.
699 3264 762 3316 V.
814 3261 875 3314 L.
932 3257 1229 3312 Cornelius

298 3330 720 3399 Chrysogonus.

230 3398 630 3467 Chrysogonus
646 3436 661 3463 ‚
716 3415 893 3451 servus
946 3400 999 3453 C.
1040 3402 1231 3459 Veri-ie,

297 3470 437 3519 Verr.
461 3477 680 3518 accusat.
707 3469 754 3529 1,
777 3467 861 3529 36,
879 3468 964 3519 92.

1384 668 1517 718 Cael.
1540 669 1606 718 ad
1626 669 1749 721 fam.
1774 667 1826 726 8,
1844 669 1897 727 4,
1918 668 1968 719 5.
2008 670 2083 721 Ib.
2112 670 2163 729 8,
2188 670 2239 728 9,
2270 669 2322 722 3.

1380 736 1735 803 —Cibyratae
1768 737 2071 802 pantherae,
2114 739 2180 788 ad
2215 741 2323 788 Att.

1380 807 1441 870 5,
1462 805 1525 856 21
1545 843 1559 866 ,
1594 806 1644 855 5.
1667 833 1734 842 -—
1766 805 2106 870 Cibyraticum
2139 807 2324 870 forum,

1382 874 1458 925 Ib.
1482 875 1533 934 5,
1556 874 1620 924 21
1638 910 1652 938 ,
1685 873 1736 924 9.
1760 901 1825 910 —-
1851 874 2119 940 Cibyratae
2139 875 2325 926 fratres

1381 942 1703 1008 Tlepolemus
1760 951 1809 992 et
1860 944 2011 995 Hiero
2034 980 2047 1001 ,
2108 959 2323 1008 quorum

1384 1025 1537 1076 opera
1554 1019 1602 1061 et
1620 1013 1832 1062 consilio
1846 1014 2033 1062 Verres
2048 1014 2099 1062 in
2114 1013 2261 1062 furtis
2276 1022 2325 1062 et

1381 1081 1587 1146 praedis
1617 1081 1863 1130 faciendis
1892 1083 2142 1141 utebatur,
2167 1083 2321 1131 Verr.

1384 1157 1600 1199 accusat.
1619 1151 1672 1210 4,
1694 1151 1779 1212 21,
1809 1152 1898 1200 47.
1940 1165 2088 1200 canes
2110 1150 2323 1216 Cibyra-

1376 1219 1495 1280 tici,
1518 1217 1591 1267 Ib.

1314 1284 1632 1340 Cicerones.
1667 1288 1732 1337 V.
1755 1287 1803 1336 in
1826 1285 2057 1337 Tuuiis.

1314 1370 1537 1423 Cilices.
1593 1373 1785 1434 Quibus
1832 1375 2063 1438 auguriis
2098 1381 2319 1423 utantur.

1380 1442 1443 1492 de
1464 1443 1621 1492 divin.
1648 1442 1706 1501 l,
1729 1441 1756 1491 1
1775 1476 1788 1500 ,
1808 1445 1859 1492 2.
1900 1443 1973 1490 lb.
2009 1443 2033 1492 1
2052 1478 2065 1500 ,
2102 1443 2195 1502 15,
2227 1442 2317 1494 25.

1379 1513 1452 1561 Ib.
1477 1512 1525 1572 1,
1550 1511 1636 1572 41,
1662 1511 1730 1562 92
1754 1517 1803 1558 et
1822 1509 1909 1561 94.
1945 1511 2008 1560 de
2027 1511 2126 1576 leg.
2149 1511 2179 1559 2
2196 1547 2209 1573 ,
2232 1509 2319 1571 13,

1378 1578 1467 1631 33.
1500 1607 1567 1616 --
1596 1579 1779 1630 Cilices
1808 1581 2001 1644 piratae
2031 1581 2321 1629 asciverunt

1377 1648 1477 1698 sibi
1490 1649 1828 1708 Phaselidem,
1845 1648 2034 1712 Lyciae
2050 1649 2295 1714 oppidum
2305 1685 2319 1708 ,

1378 1719 1525 1768 Verr.
1550 1723 1768 1768 accusat.
1790 1717 1843 1776 4,
1866 1715 1949 1780 10,
1972 1718 2057 1768 21.
2080 1745 2146 1753 —-
2167 1717 2319 1766 Prae-

1378 1785 1538 1835 dones
1554 1784 1732 1834 Cilices
1752 1783 1989 1834 debellati
2007 1800 2039 1835 a
2060 1785 2149 1835 Cn.
2169 1785 2321 1834 Pom-

1373 1855 1493 1918 peio
1509 1889 1523 1911 ,
1546 1853 1609 1902 de
1630 1853 1756 1918 imp.
1779 1851 1867 1904 Cn.
1890 1853 2067 1919 Pomp.
2105 1855 2198 1916 12,
2230 1855 2318 1906 32.

1376 1948 1447 1958 —-
1478 1921 1669 1971 Eorum
1708 1922 2008 1987 myoparoni
2047 1922 2320 1987 praedoni-

1380 1992 1572 2052 busque
1638 1989 2073 2054 Syracusanorum
2137 2000 2317 2057 portus

1374 2060 1540 2126 patuit
1570 2062 1731 2110 Verre
1760 2068 2017 2123 praetore,
2057 2062 2205 2111 Verr.
2232 2075 2317 2110 ac-

1375 2137 1533 2178 cusat.
1556 2131 1609 2193 4,
1632 2128 1717 2187 52,
1739 2128 1860 2179 116.
2271 2130 2276 2133 “

1309 2207 1510 2261 Cilicia
1529 2210 1812 2275 provincia.
1852 2210 1978 2260 Eam
2006 2224 2097 2276 pro
2132 2224 2315 2260 consu-

1375 2280 1507 2330 libus
1527 2280 1847 2330 obtinuerunt
1866 2294 1914 2331 a.
1943 2296 1995 2329 u.
2016 2296 2057 2331 c.
2079 2277 2201 2330 691.
2223 2278 2312 2329 Cn.

1374 2350 1651 2413 Pompeius
1670 2349 1912 2415 Magnus,
1946 2364 1991 2397 a.
2014 2346 2309 2399 698—700.

1374 2420 1429 2469 Ρ.
1454 2417 1716 2470 Cornelius
1736 2416 1979 2468 Lentulus
2000 2416 2236 2481 Spinther
2262 2430 2312 2464 a.

1372 2484 1492 2539 701.
1524 2486 1644 2540 702.
1686 2487 1891 2553 Appius
1922 2485 2165 2536 Claudius
2193 2485 2313 2535 Pul-

1374 2556 1493 2607 cher
1512 2571 1559 2607 a.
1582 2555 1701 2609 703.
1726 2556 1793 2609 Μ.
1816 2554 2017 2606 Tullius
2036 2553 2230 2608 Cicero.
2250 2580 2314 2589 -

1371 2625 1482 2675 Duo
1520 2633 1638 2689 sunt
1676 2626 1845 2675 aditus
1891 2625 1943 2674 in
1982 2623 2211 2675 Ciliciam
2248 2637 2314 2671 ex

1372 2695 1544 2759 Syria,
1578 2694 1647 2745 ad
1679 2693 1803 2747 fam.
1830 2694 2002 2753 15,4,
2022 2695 2071 2742 4.
2098 2718 2167 2729 ·-
2190 2692 2313 2742 Am-

1370 2762 1645 2828 philochus
1683 2770 1733 2811 et
1768 2763 1979 2827 Mopsus
2008 2762 2313 2825 Argivorum

1370 2846 1518 2896 reges
1539 2831 1691 2881 urbes
1710 2833 1765 2879 in
1798 2846 1887 2883 ora
1919 2831 2172 2879 maritima
2192 2828 2313 2878 Cili-

1372 2902 1481 2951 ciae
1502 2900 1719 2951 Graecas
1748 2899 2111 2957 condiderunt,
2141 2899 2206 2948 (le
2234 2899 2314 2948 di-

1369 2970 1473 3019 vin.
1499 2968 1554 3029 1,
1584 2970 1683 3028 40,
1712 2969 1801 3022 88.
1833 2995 1902 3005 —-
1924 2967 2135 3017 Difficile
2167 2974 2243 3016 est
2261 2968 2314 3015 in

1373 3039 1529 3098 Asia,
1571 3036 1777 3097 Cilicia,
1829 3036 1975 3104 Syria
2011 3038 2081 3085 ita
2116 3037 2314 3085 versari

1372 3110 1728 3172 imperatorem
1748 3107 1897 3156 Rom.
1912 3143 1927 3167 ,
1950 3113 2005 3155 ut
2022 3104 2149 3155 nihil
2170 3105 2313 3155 aliud

1370 3177 1471 3225 nisi
1490 3176 1553 3225 de
1570 3176 1717 3226 hoste
1736 3192 1796 3226 ac
1828 3176 1891 3225 de
1922 3174 2072 3225 laude
2104 3174 2309 3239 cogitet,

1373 3246 1437 3294 de
1472 3248 1599 3310 imp.
1640 3245 1728 3295 Cn.
1767 3245 1940 3309 Pomp.
1979 3244 2075 3305 22,
2118 3242 2203 3295 64.
2242 3268 2312 3279 -—

1370 3313 1559 3379 Magna
1603 3315 1655 3363 in
1696 3314 1873 3365 Cilicia
1913 3311 2206 3376 latrocinia,
2246 3311 2312 3361 ad

1372 3384 1477 3435 Att.
1500 3382 1553 3447 6,
1573 3384 1625 3443 4,
1651 3382 1696 3435 1.
1734 3382 1865 3431 Tim.
1892 3382 1941 3431 1.

1305 3462 1625 3515 Ciliciensis
1656 3465 1948 3529 provincia,
1983 3464 2049 3515 ad
2078 3463 2198 3514 fam.
2226 3461 2309 3523 13,
