2500 3850
714 264 1137 319 HASDRUBAL
1166 293 1251 304 --·
1278 273 1720 321 HELIOPOLIS.

224 431 283 478 -in
338 427 474 476 bello
518 428 781 476 ‘adversus
832 426 1179 488 Masinissam,

178 529 189 538 ·
231 498 373 546 unde
404 505 577 546 natum
600 497 787 545 bellurn
806 495 1046 545 Punicum
1080 505 1179 546 ter-

232 568 382 615 tium.
406 565 528 614 Eius
544 565 698 630 eulpa
714 579 889 614 eversa
900 565 1177 631 Karthago,

234 637 301 684 de
322 649 373 684 n.
398 635 447 683 (1.
474 635 525 698 3,
552 633 639 693 38,
662 633 749 686 91.

164 701 497 753 Hasdrubal
528 701 833 762 Gaditanus,
869 719 899 752 a
919 703 1006 752 Cn.
1030 704 1179 752 Pom-

233 774 354 836 peio
388 772 593 821 civitate
623 771 840 821 donatus
859 805 873 832 ,
904 788 997 837 pro
1022 772 1177 822 Balbo

236 843 321 902 22,
346 841 434 892 51.

164 907 543 958 Haterianum
565 909 647 958 ius
668 909 730 957 ab
756 905 997 968 Haterio
1020 905 1179 970 (Ate-

232 976 351 1042 rio)
390 979 499 1026 iure
542 978 771 1027 consulto
822 978 1177 1040 compositum,

238 1048 305 1096 ad
330 1046 452 1098 l’am.
478 1044 530 1110 9,
556 1046 641 1108 18,
664 1045 716 1096 3.

164 1115 416 1178 Hecate,
446 1115 553 1164 filia
585 1115 841 1180 Asteriae,
877 1114 1029 1163 habet
1065 1129 1179 1165 aras

235 1184 548 1246 delubraque
568 1185 616 1232 in
641 1183 850 1232 Graecia
866 1220 879 1243 ,
904 1183 966 1232 de
987 1199 1033 1231 n.
1058 1183 1105 1232 d.
1130 1183 1179 1242 3,

235 1253 322 1312 18,
348 1253 433 1305 46.

160 1323 385 1374 Hecato
406 1322 635 1372 Rhodius
652 1357 665 1384 ‚
690 1319 973 1385 discipulus
991 1319 1179 1368 Panae-

232 1392 309 1440 tii.
348 1391 514 1439 Locus
546 1405 611 1440 ex
639 1392 704 1438 iis
744 1391 919 1452 libriS,
960 1404 1087 1451 quos
1116 1389 1179 1438 de

234 1459 420 1509 officiis
452 1461 656 1524 scripsit
689 1459 747 1518 Q.
784 1459 1068 1522 Tuberoni,
1116 1458 1180 1507 de

236 1529 328 1581 off.
349 1527 401 1588 3,
424 1528 508 1589 15,
528 1528 615 1578 63.
640 1553 708 1565 —-
736 1527 919 1578 Plenus
955 1535 1031 1576 est
1061 1541 1179 1575 sex-

232 1609 319 1648 tus
339 1598 467 1646 liber
487 1599 550 1647 de
571 1597 757 1646 officiis
776 1597 1049 1648 Hecatonis
1070 1610 1178 1644 am-

232 1667 503 1730 biguarum
526 1667 897 1727 quaestionum,
922 1665 992 1713 Ib.
1020 1663 1069 1727 3',
1092 1663 1178 1724 23,

164 1803 379 1853 Hector
400 1803 539 1868 apud
558 1803 835 1852 Homerum
854 1809 957 1851 toto
976 1809 1178 1866 pectore

236 1883 483 1932 tremene,
535 1885 690 1934 quum
738 1873 873 1920 Aiax
910 1873 973 1920 ad
1020 1871 1178 1934 depu-

236 1942 499 2007 gnandum
518 1942 913 2007 progrederetur
926 1976 939 1999 ,
968 1938 1173 1991 Tuscul.

234 2014 295 2069 4,
317 2012 386 2060 22
400 2045 415 2071 ,
444 2008 533 2063 49.
554 2036 623 2046 --
648 2010 821 2059 Aiacis
842 2024 955 2059 cum
980 2024 1037 2059 eo
1060 2023 1179 2057 con-

236 2094 463 2144 gressuS,
484 2078 669 2145 fragm.
692 2094 743 2143 p.
768 2077 889 2129 293.
912 2102 981 2115 —
998 2076 1179 2126 Hector

233 2149 531 2197 Homericus
579 2149 799 2197 moriens
839 2148 1178 2211 propinquam

235 2217 429 2267 Achilli
458 2224 668 2266 mortem
690 2217 987 2275 denunciat,
1014 2216 1077 2263 de
1101 2215 1179 2263 di-

236 2288 343 2336 vin.
383 2286 439 2349 l,
461 2286 577 2346 301,
608 2285 693 2337 65.
718 2312 785 2320 --
818 2285 1035 2334 ‘Laetus
1066 2298 1179 2332 sum

236 2353 439 2403 laudari
472 2358 605 2411 me’‚
640 2355 803 2415 inquit
829 2353 1039 2415 Hector,
1070 2352 1178 2416 opi-

234 2438 329 2473 nor
346 2424 486 2487 apud
506 2421 747 2472 Naevium
760 2460 774 2485 ,
806 2423 927 2471 ‘abs
950 2430 995 2471 te
1015 2430 1179 2486 pater,

237 2508 267 2541 a
284 2491 489 2541 laudato
510 2493 672 2551 viro’,
692 2492 759 2539 ad
780 2490 898 2540 l'am.
924 2492 1013 2553 15,
1042 2489 1101 2550 6,
1130 2490 1175 2541 1.

233 2560 303 2613 el.
328 2561 396 2609 de
413 2560 626 2609 Hectore
646 2559 903 2609 Naeviano
932 2560 1086 2608 etiam
1117 2559 1181 2607 ad

236 2630 362 2681 fam.
389 2630 440 2689 5,
464 2628 547 2689 12,
569 2630 619 2681 7.
659 2627 861 2681 Tuscul.
883 2630 951 2691 4,
977 2627 1063 2687 31,
1090 2626 1174 2676 67.

233 2724 304 2735 ——
334 2698 520 2747 Hector
554 2704 862 2748 memoratur
896 2698 1051 2746 etiam
1081 2698 1180 2743 Tu·

235 2768 367 2819 scul.
393 2768 448 2825 1,
482 2768 580 2827 44,
616 2765 731 2815 105.
770 2767 843 2817 lb.
869 2767 931 2825 2,
968 2766 1057 2826 17,
1090 2763 1174 2814 39.

236 2836 311 2887 Ib.
334 2836 388 2895 4,
408 2835 461 2893 8,
485 2835 567 2886 17.

163 2902 403 2955 Hecuba
420 2940 434 2966 ,
455 2904 643 2953 Priami
662 2919 810 2965 uxor,
832 2903 1178 2953 Alexandrum

236 2972 529 3037 (Paridem)
551 2976 751 3038 genuit,
773 2974 837 3022 de
859 2973 963 3023 fato
985 2973 1067 3031 15,
1090 2972 1175 3023 34.
1205 2986 1209 2991 '

235 3070 303 3079 -
321 3042 578 3091 Hecubam
594 3049 777 3107 putant
796 3049 1005 3106 propter
1022 3042 1181 3090 animi

235 3111 559 3161 acerbitatem
594 3110 868 3172 qnamdam
903 3116 954 3159 et
980 3110 1178 3159 rabiem

233 3179 360 3245 fingi
398 3182 449 3229 in
490 3193 667 3228 canem
707 3194 820 3229 esse
863 3192 1178 3240 conversam,

230 3248 439 3297 Tuscul.
475 3248 536 3307 3,
572 3247 665 3309 26,
698 3248 785 3299 63.
806 3274 877 3283 -·
898 3247 1107 3297 Hecuba
1127 3251 1179 3297 in

230 3318 377 3366 Accii
398 3318 702 3383 cognomine
721 3317 913 3374 fabula,
934 3317 999 3367 de
1015 3316 1175 3367 divin.

234 3386 293 3445 1,
332 3386 429 3445 31,
468 3384 553 3437 66.
581 3412 653 3422 —-
681 3386 805 3434 Eius
838 3386 1095 3434 somnium
1126 3388 1179 3435 in

234 3456 409 3510 Accii,
444 3463 500 3503 ut
521 3455 750 3517 videtur,
776 3455 1009 3516 Hecuba,
1030 3455 1103 3503 lb.
1128 3454 1177 3515 1,

228 3523 317 3585 21,
340 3526 427 3575 42.

2138 262 2252 324 167

1250 427 1642 496 Hegesaratus
1665 428 1936 480 Larisaeus
1953 463 1967 490 ,
2002 429 2259 480 Ciceronis

1321 499 1537 562 hospeS,
1579 501 1957 548 commendatur
1992 499 2100 548 Ser.
2139 499 2258 549 Sul·

1317 568 1456 630 picio
1471 603 1484 626 ‚
1507 567 1573 616 ad
1593 567 1712 620 fam.
1740 567 1821 628 13,
1842 568 1928 620 25.

1248 632 1536 702 Hegesias
1559 636 1854 701 Magnesius
1868 672 1884 699 ,
1918 643 2086 684 orator
2106 636 2259 686 Grae-

1320 704 1590 764 cus‚-Brut.
1611 705 1698 769 83,
1719 705 1838 756 286.
1876 713 2005 754 orat.
2029 704 2116 766 67,
2139 706 2256 770 226.

1320 773 1394 823 lb.
1414 772 1500 835 69,
1521 773 1642 824 230.
1685 775 1753 824 ad
1770 775 1874 822 Att.
1901 773 1980 835 12,
2005 773 2056 834 6,
2083 774 2129 827 1.

1248 839 1530 908 Hegesias
1547 877 1562 904 ,
1608 841 1968 907 philosophoS,
2019 843 2258 907 Cyrenai-

1319 925 1432 969 cus,
1467 911 1632 960 dictus
1669 903 2117 974 Πεισιθάνατος,
2157 913 2260 960 Tu-

1320 979 1446 1031 scul.
1472 978 1497 1028 l
1514 1015 1529 1041 ,
1565 979 1634 1030 34
1648 1015 1663 1043 ,
1695 981 1791 1034 83.
1807 1005 1872 1016 -
1892 981 2017 1030 Eius
2038 981 2164 1030 liber
2183 991 2260 1030 est

1311 1039 1758 1112 Ἀποκαρτερῶν,
1780 1050 1852 1099 Ib.
1882 1049 1930 1110 1,
1951 1049 2036 1114 35,
2057 1049 2140 1099 84.

1248 1114 1569 1183 Hegesinus
1619 1118 1984 1179 Academicus,
2034 1119 2258 1168 Euandri

1321 1185 1632 1250 discipulus,
1680 1187 1958 1238 Carneadis
1997 1190 2252 1253 magister,

1320 1255 1480 1307 Acad.
1505 1270 1581 1318 pr.
1600 1257 1653 1315 2,
1674 1255 1724 1320 6,
1749 1256 1830 1306 16.

1252 1321 1313 1371 C.
1337 1322 1535 1385 Heius,
1555 1324 1824 1388 legationis
1845 1325 2171 1374 Mamertinae
2189 1327 2258 1376 ad

1317 1393 1526 1441 Verrem
1545 1393 1856 1441 laudandum
1869 1395 2126 1457 princepS,
2139 1408 2257 1456 spo·

1321 1463 1473 1510 liatus
1503 1475 1534 1509 a
1564 1460 1617 1509 C.
1649 1461 1807 1510 Verre
1824 1499 1836 1520 ,
1865 1462 2012 1514 Verr.
2035 1470 2256 1510 accusat.

1320 1531 1371 1590 2,
1390 1529 1442 1588 5,
1467 1528 1548 1578 13.
1583 1530 1656 1577 lb.
1678 1530 1729 1587 4,
1753 1532 1804 1588 2,
1829 1529 1877 1580 3.
1899 1529 1970 1578 lb.
1993 1531 2057 1589 4,
2083 1528 2132 1590 7,
2171 1528 2254 1583 15.

1321 1600 1398 1648 lb.
1419 1598 1470 1656 4,
1491 1596 1578 1657 67,
1604 1597 1719 1648 150.
1755 1599 1828 1647 lb.
1849 1598 1900 1658 5,
1933 1597 2016 1658 18,
2033 1599 2121 1646 47.

1249 1664 1432 1716 Heius
1449 1701 1464 1729 ‚
1510 1666 1736 1732 pupillus
1772 1667 2152 1732 LilybaetanuS.
2191 1691 2260 1703 --

1319 1736 1398 1785 Ab
1418 1749 1496 1794 eo,
1518 1737 1598 1785 cui
1616 1735 1672 1788 G.
1690 1736 1957 1786 Marcellus
1977 1743 2112 1787 tutor
2131 1745 2254 1797 erat,

1322 1803 1374 1853 G.
1399 1803 1584 1854 Verres
1615 1804 1826 1868 scaphia
1852 1821 1966 1856 cum
1985 1805 2260 1855 emblema-

1316 1874 1384 1921 tis
1407 1873 1645 1937 abstulit,
1677 1875 1820 1927 Verr.
1845 1883 2064 1925 accusat.
2085 1876 2148 1935 4,
2173 1875 2256 1939 17,

1250 2009 1351 2059 Cn.
1391 2009 1571 2061 Heius
1604 2014 1654 2061 in
1685 2013 1886 2063 iudiciis
1914 2011 2138 2077 publicis
2165 2010 2258 2059 flo-

1319 2088 1460 2129 rente
1478 2095 1533 2129 re
1556 2082 1700 2145 publ.
1723 2081 1917 2145 floruit,
1945 2096 2039 2145 pro
2060 2079 2257 2133 Cluent.

1319 2148 1405 2209 38,
1429 2149 1548 2200 107.

1248 2216 1498 2282 Helena,
1520 2219 1656 2269 Iovis
1679 2225 1729 2267 et
1747 2218 1915 2269 Ledae
1943 2219 2066 2283 filia,
2088 2216 2261 2267 Mene-

1321 2285 1388 2335 lai
1406 2302 1567 2352 uxor‚
1600 2304 1632 2337 a
1648 2287 1830 2336 Paride
1858 2296 2030 2353 rapta,
2055 2288 2259 2337 ‘Furia-

1320 2371 1427 2405 rum
1467 2372 1568 2405 una
1583 2362 1598 2385 ²
1640 2356 1778 2419 apud
1823 2356 2068 2419 tragicum
2114 2358 2259 2420 igno-

1321 2432 1429 2473 tum
1461 2424 1770 2487 appellatur,
1811 2424 1874 2472 de
1897 2424 2053 2472 divin.
2081 2422 2108 2471 1
2126 2460 2141 2486 ,
2171 2422 2258 2486 50,

1324 2492 1439 2542 114.
1463 2518 1530 2527 —-—
1550 2491 1785 2540 Troianis
1805 2505 1961 2539 causa
1981 2490 2122 2555 belli,
2142 2490 2260 2539 Phi-

1320 2562 1446 2625 lipp.
1471 2564 1504 2611 2
1518 2598 1530 2619 ,
1551 2562 1643 2621 22,
1665 2558 1750 2611 55,
1776 2586 1843 2595 —
1861 2560 2084 2609 Helenae
2103 2561 2260 2610 simu-

1322 2630 1512 2678 lacrum
1533 2629 1724 2693 pictum
1744 2643 1775 2677 a
1793 2630 2020 2679 Zeuxide
2035 2667 2048 2689 ,
2072 2630 2134 2679 de
2152 2630 2257 2679 inv.

1322 2700 1372 2757 2,
1397 2697 1446 2757 l,
1469 2698 1516 2747 1.
1559 2706 1686 2747 orat.
1708 2696 1794 2755 49,
1820 2698 1935 2749 164.

1252 2763 1548 2816 Helenius.
1589 2768 1654 2818 V.
1677 2764 1972 2817 Helonius.

1249 2832 1533 2898 Helenus,
1581 2836 1771 2887 Priami
1810 2836 1947 2887 filius
1963 2873 1978 2900 ,
2027 2837 2260 2886 divinans

1321 2906 1552 2969 auguriis
1567 2941 1582 2965 ,
1616 2906 1680 2954 de
1701 2905 1858 2956 divin.
1889 2906 1915 2955 1
1931 2940 1946 2966 ,
1970 2904 2066 2969 40,
2087 2904 2173 2956 89.
2194 2929 2262 2942 -·

1281 2981 1285 2988 '
1320 2972 1541 3023 Helenus
1560 2982 1734 3034 vateS,
1761 2974 1825 3024 de
1847 2976 1946 3039 leg.
1976 2976 2038 3033 2,
2068 2971 2150 3033 13,
2171 2971 2256 3023 33.

1323 3042 1386 3091 de
1405 3056 1457 3095 n.
1480 3044 1531 3096 d.
1549 3044 1601 3101 2,
1624 3041 1676 3103 3,
1699 3043 1748 3091 7.

1249 3109 1449 3161 Helen.
1491 3113 1553 3160 V.
1574 3108 1769 3161 Hales.

1248 3176 1480 3244 Helice,
1523 3181 1696 3239 sidus,
1738 3180 1882 3230 Arat.
1918 3193 1967 3225 v.
2005 3175 2104 3240 38,
2141 3176 2258 3229 166.
2356 3154 2370 3171 1

1319 3250 1480 3297 Acad.
1512 3264 1593 3311 pr.
1621 3248 1684 3305 2,
1719 3247 1818 3304 20,
1849 3244 1937 3296 66.
1978 3247 2040 3295 de
2061 3260 2111 3293 n.
2132 3247 2184 3295 d.
2205 3247 2258 3309 2,

1319 3317 1406 3379 41,
1433 3316 1551 3367 104.
1589 3316 1664 3367 lb.
1689 3316 1740 3372 2,
1757 3315 1846 3373 43,
1869 3314 1986 3365 110.

1249 3381 1480 3446 Helico,
1504 3384 1571 3433 ad
1591 3382 1712 3433 fam.
1738 3382 1819 3446 16,
1839 3383 1922 3443 18,
1944 3384 1995 3432 2.

1248 3450 1599 3517 Heliopolis,
1637 3452 1760 3501 urbs
1793 3452 1939 3502 Solia⁴
1965 3452 2126 3512 tertii,
2165 3450 2260 3502 filii

1319 3520 1671 3586 Vulcani‚Nili
1686 3521 1794 3581 filii,
1808 3522 1871 3572 de
1882 3522 1993 3575 md.
2007 3519 2058 3583 3,
2075 3522 2160 3585 21,
2173 3521 2260 3571 54.
