2500 3850
253 204 378 265 424
467 214 853 262 M.TULL1US
881 216 952 262 M.
982 216 1043 263 F.
1069 216 1142 262 M.
1167 216 1234 262 N.
1262 214 1515 261 crosno
1539 236 1623 245 -—
1649 214 1713 273 Q.
1740 212 2037 261 TULLIUS
2058 212 2341 265 ommno.

326 371 461 419 omni
510 368 715 417 militari
757 368 928 419 labore
979 362 1257 432 t‘oleraudO,

324 442 384 488 de
407 437 486 489 off.
509 439 559 498 2,
584 437 664 497 13,
685 438 768 487 45.
787 464 852 473 --
876 438 994 487 Cum
1017 437 1257 487 Sallustio

326 506 614 557 Ciceronem
653 508 720 556 ad
755 507 1020 557 Caesarem
1062 508 1257 557 mittere

323 577 581 641 cogitabat
603 575 774 626 Cicero
794 590 840 623 a.
858 592 907 625 u.
933 594 974 628 c.
1009 576 1147 636 707„
1180 577 1253 623 lb.

325 645 410 707 11,
451 646 534 705 17,
571 646 616 696 1.
662 650 726 693 ad
767 645 889 697 sam.
927 645 1019 703 14,
1063 646 1144 694 11.
1189 670 1259 681 --

322 715 533 763 Mutavit
552 714 648 761 hoc
668 714 955 772 consilium,
981 714 1050 765 lb.
1075 714 1154 770 14,
1176 712 1254 763 15.

323 809 388 818 —
420 782 500 831 Ad
531 797 642 831 eum
681 790 823 845 pater
859 784 1064 847 scripsit
1097 781 1259 830 dialo—

324 866 443 915 gum
465 852 526 899 de
539 851 810 914 partitione
829 854 1068 911 oratoria,
1082 850 1258 902 Partit.

326 920 354 969 1
371 955 385 979 ,
412 920 458 969 1.
478 946 540 956 -—
571 920 692 968 Eius
713 920 1016 983 colloquium
1035 936 1147 969 cum
1168 934 1261 983 pa-

321 997 398 1037 tre
418 989 481 1037 de
506 990 790 1053 sumptibus
823 991 1162 1049 moderandis,
1195 987 1261 1038 de

323 1057 636 1121 profectione
669 1058 717 1104 iu
740 1057 1065 1121 Hispaniam,
1105 1071 1259 1119 quam

325 1126 372 1173 ei
393 1125 650 1173 dissuadet
674 1133 846 1189 pater,
887 1141 931 1174 a.
954 1142 1004 1174 u.
1043 1141 1087 1177 e.
1112 1124 1258 1184 708„

323 1193 388 1241 ad
411 1196 511 1240 Au.
549 1194 632 1250 12,
671 1196 720 1255 7,
744 1194 790 1243 1.
822 1222 889 1230 -
912 1193 1261 1243 Constituendi

323 1262 584 1326 municipii
601 1264 858 1327 Arpinatis
876 1278 1032 1312 causa
1053 1278 1100 1310 a.
1126 1277 1176 1314 u.
1213 1277 1257 1312 c.

325 1330 445 1381 708.
502 1330 716 1380 aedilem
759 1330 1162 1397 (municipalem)
1200 1330 1258 1379 fi-

325 1400 448 1447 lium
483 1415 626 1450 suum
659 1400 767 1450 fieri
803 1401 962 1452 voluit
993 1402 1168 1451 Cicero
1212 1406 1261 1450 et

325 1469 493 1518 fratris
524 1468 682 1519 filium
717 1476 765 1519 et
795 1470 860 1519 Μ.
886 1471 1152 1531 Caesium,
1193 1468 1260 1517 ad

326 1538 449 1587 fam.
474 1538 555 1599 13,
582 1537 726 1596 11,3.
751 1538 961 1588 -Petit
982 1540 1044 1588 ab
1073 1538 1252 1595 Attice,

322 1613 378 1655 ut
410 1604 696 1655 Ciceronem
733 1607 800 1656 ad
819 1608 1084 1657 Terentiae
1102 1614 1254 1657 testa-

324 1682 548 1725 mentum
589 1676 828 1724 adhibeat
863 1692 909 1725 a.
945 1693 993 1727 u.
1038 1694 1084 1725 c.
1115 1672 1253 1737 709„

325 1744 390 1793 ad
412 1745 514 1791 Att.
539 1744 632 1807 12,
669 1744 768 1803 28,
811 1745 859 1793 1.
899 1770 964 1781 --
1001 1746 1108 1809 Ipsi
1139 1757 1256 1807 per-

324 1814 520 1861 mittere
538 1812 670 1874 vult,
709 1813 772 1862 de
790 1822 1014 1879 ternpore
1031 1812 1256 1879 peregri-

322 1880 541 1932 nationis
563 1896 610 1930 a.
639 1897 684 1931 u.
717 1900 763 1934 c.
788 1882 908 1937 709.
944 1894 1254 1932 nummorum

323 1960 565 2015 quantum
583 1965 712 2016 opus
730 1953 838 2011 erit,
854 1961 910 2001 ut
930 1958 1252 2017 permutetur,

324 2021 488 2070 videri
507 2021 570 2070 ab
595 2022 780 2083 Attico,
802 2022 868 2069 lb.
895 2021 974 2082 12,
1007 2021 1090 2078 27,
1111 2021 1164 2068 2.
1185 2043 1256 2052 -—-

325 2087 552 2139 Ciceroni
569 2089 676 2139 vult
709 2090 804 2138 hoc
836 2090 1049 2154 proponi
1079 2090 1141 2137 ab
1163 2091 1252 2135 At-

325 2159 454 2221 tic0‚
486 2168 540 2206 ut
571 2166 803 2221 sumptus
831 2157 1252 2222 peregrinationis

327 2226 671 2274 accommodet
706 2227 772 2274 ad
811 2227 1066 2274 mercedes
1103 2225 1252 2288 Argi-

323 2293 408 2343 leti
429 2303 476 2342 et
498 2295 758 2352 Aventini,
792 2294 866 2342 lb.
897 2293 978 2355 12,
999 2294 1083 2357 32,
1107 2295 1155 2341 2.
1189 2317 1254 2328 -

321 2363 388 2411 Μ.
436 2361 608 2413 Cicero
655 2362 786 2412 filius
841 2377 888 2411 a.
941 2379 993 2413 ιι.
1039 2378 1085 2415 c.
1127 2361 1249 2412 710.

323 2432 537 2482 Athenis
560 2431 846 2497 Cratippum
865 2430 1252 2496 Peripateticum

327 2502 591 2560 audiebat,
625 2503 685 2551 de
707 2501 793 2554 off.
824 2501 871 2558 1,
896 2501 942 2554 1,
968 2502 1013 2554 1.
1045 2527 1113 2538 —
1134 2500 1257 2548 Eius

325 2579 441 2618 sunt
480 2570 724 2635 epistolae
761 2571 826 2618 ad
860 2571 1095 2619 Tironem
1134 2568 1258 2617 scri·

323 2646 438 2702 ptae
459 2640 524 2688 ad
543 2637 665 2689 fam.
694 2637 787 2697 16,
820 2637 878 2696 9,
907 2639 970 2688 21
995 2647 1044 2687 et
1064 2639 1146 2688 25.
1187 2661 1259 2672 --

323 2706 446 2754 Eius
477 2707 724 2755 convictio
744 2721 857 2754 cum
885 2706 1120 2770 Cratippo
1149 2720 1257 2753 ma-

323 2775 510 2837 gistro,
541 2774 616 2825 Ib.
641 2774 722 2835 16,
745 2775 796 2832 9,
819 2774 864 2822 3.
907 2791 1018 2824 cum
1048 2774 1257 2829 Bruttio,

324 2843 372 2904 §-
430 2843 481 2893 4.
540 2866 610 2876 —
673 2809 1009 2890 D’eclamitare
1069 2841 1258 2890 Graece

326 2909 464 2974 apud
503 2908 734 2958 Cassium
782 2911 1027 2968 instituit,
1079 2910 1257 2960 Latine

323 2985 486 3027 autem
540 2979 676 3042 apud
725 2979 975 3027 Bruttium
1033 2981 1257 3028 exerceri

329 3047 451 3108 vult,
471 3050 517 3109 S.
543 3047 594 3097 5.
629 3047 864 3114 Gorgiam
894 3049 1095 3098 iubente
1113 3058 1254 3114 patre

326 3116 546 3176 dimisit,
586 3118 635 3178 S.
662 3117 713 3168 6.
753 3145 818 3154 —
837 3118 1020 3168 Libros
1053 3119 1115 3168 de
1144 3118 1254 3167 offl-

323 3186 416 3234 eiis
437 3187 574 3234 misit
593 3187 658 3235 ad
675 3187 833 3236 filium
856 3187 1046 3244 Cicero,
1068 3187 1132 3236 ad
1147 3189 1252 3237 Att.

329 3254 408 3312 15,
444 3254 524 3312 13,
549 3255 600 3306 6.
657 3255 831 3314 11).16,
861 3255 1009 3318 11,5.
1068 3257 1139 3305 lb.
1171 3256 1253 3320 16,

329 3323 420 3383 15,
463 3325 514 3374 5.
553 3349 620 3359 —-
659 3323 924 3374 Cicerones
943 3324 1032 3374 filii
1061 3325 1257 3374 litterae

323 3404 445 3439 sane
477 3387 860 3454 πεπινωμέναι
899 3399 948 3442 et
991 3395 1116 3442 bene
1148 3394 1257 3441 lon-

325 3471 437 3519 gae,
459 3461 531 3507 Ib-
561 3460 640 3519 14,
662 3463 710 3518 7,
733 3462 784 3508 2.
809 3462 1074 3522 -lb.14,
1097 3462 1177 3525 11,
1203 3463 1254 3510 2.

1395 369 1469 419 De
1489 370 1599 419 eius
1618 369 1885 434 disciplina
1904 404 1917 425 ‚
1958 369 2031 419 lb.
2057 370 2139 432 14,
2166 370 2254 431 lo,
2286 372 2339 423 3.

1395 465 1462 475 -—
1502 438 1707 501 Cicero,
1730 451 1829 501 quo
1846 437 2123 487 modestior
2140 448 2241 501 est,
2278 455 2341 489 eo

1395 516 1589 573 patrem
1630 510 1795 571 magis
1830 513 2152 567 commovet,
2199 510 2342 570 quod

1395 577 1615 625 nummis
1654 580 1809 637 caret,
1870 576 1941 623 lb.
1985 574 2081 637 14,
2142 575 2246 637 15,
2284 579 2338 626 4.

1397 645 1651 695 Leonidas
1718 642 1777 691 de
1851 642 2089 692 Cicerone
2153 645 2343 693 retinet

1398 729 1543 763 suum
1574 714 1695 762 illud
1713 721 1904 761 annuc.
1966 710 2191 761 Summis
2214 728 2341 763 vero

1356 780 1887 842 ·landibusHerodes,
1927 781 2001 833 lb.
2032 780 2113 840 14,
2154 780 2239 831 16.
2268 784 2335 835 Α.

1397 880 1469 891 —·
1499 851 1570 901 De
1611 863 1669 897 eo
1709 848 1961 898 mirabilia
1999 849 2250 909 Messala,
2289 859 2341 899 et

1400 918 1681 969 mehercule
1726 918 1889 981 ipsius
1926 917 2122 966 litterae
2170 918 2249 967 sic
2288 928 2338 967 et

1400 981 1777 1053 φιλοστόργως
1822 994 1871 1036 et
1914 978 2165 1043 sori-'waic
2207 989 2337 1036 scri-

1398 1066 1506 1123 ptas
1536 1056 1684 1109 dicit.
1722 1062 1777 1103 ut
1818 1068 1903 1104 eas
1936 1054 2016 1104 vel
2046 1056 2098 1104 iu
2136 1058 2337 1105 acroasi

1398 1126 1577 1177 audeat
1596 1133 1740 1189 pater
1760 1124 1945 1188 legere,
1966 1125 2042 1175 11).
2067 1124 2150 1187 14,
2168 1126 2253 1187 17,
2274 1126 2329 1176 2.

1400 1194 1469 1247 lb.
1496 1193 1577 1255 14,
1611 1192 1697 1252 20,
1726 1194 1775 1241 4.
1839 1194 1911 1245 lb.
1939 1193 2029 1255 16,
2079 1193 2142 1252 1,
2172 1194 2227 1243 5.
2266 1220 2305 1227 -

1394 1262 1459 1311 Μ.
1507 1261 1682 1312 Cicero
1726 1260 1861 1310 filius
1910 1277 1958 1315 a.
2008 1277 2059 1313 u.
2100 1276 2148 1313 c.
2207 1263 2331 1313 711.

1395 1332 1531 1396 apud
1571 1331 1637 1382 M.
1690 1329 1899 1378 Brutum
1943 1330 2171 1393 equitum
2220 1330 2331 1379 alae

1394 1408 1645 1464 praeerat.
1685 1398 1885 1447 Laudes
1916 1400 1964 1447 ei
1984 1400 2201 1449 tributae
2224 1398 2327 1449 aP.

1395 1470 1604 1517 Lentulo
1626 1474 1967 1531 propraetore,
2005 1471 2071 1517 ad
2096 1467 2219 1520 fam.
2246 1469 2330 1525 12,

1395 1538 1477 1599 14,
1504 1538 1558 1588 8.
1583 1564 1648 1571 -
1671 1538 1792 1585 Item
1813 1551 1845 1585 a
1863 1537 2134 1598 TreboniO,
2156 1536 2226 1585 Ib.
2244 1536 2327 1595 12,

1395 1608 1479 1660 16.
1524 1632 1591 1643 —-
1628 1605 1747 1654 Eius
1768 1607 2011 1669 magister
2032 1604 2325 1669 Cratipp11S‚

1399 1676 1466 1724 lb.
1498 1674 1579 1733 12,
1600 1675 1651 1725 2.
1670 1700 1735 1710 -—
1758 1674 1937 1739 Legio,
1961 1689 2112 1736 quam
2133 1674 2192 1725 L.
2210 1672 2329 1721 Piso

1395 1743 1609 1793 ducebat
1628 1743 1822 1807 legatus
1854 1742 2077 1802 Antonii,
2098 1742 2327 1793 Ciceroni

1395 1828 1451 1861 se
1496 1810 1598 1860 filio
1656 1812 1890 1870 tradidit,
1934 1813 2021 1873 qui
2070 1826 2117 1863 a.
2173 1826 2223 1859 u.
2280 1828 2321 1858 c.

1396 1881 1514 1934 711.
1538 1879 1769 1931 tribunus
1790 1879 1895 1932 mil.
1916 1888 2021 1930 erat
2040 1882 2091 1928 in
2107 1878 2171 1933 M.
2187 1878 2325 1928 Bruti

1396 1951 1573 2000 castris
1590 1951 1643 1998 in
1659 1951 1971 2011 Macedonia,
1992 1948 2217 2012 Philipp.
2244 1947 2323 2006 10,

1394 2021 1454 2078 6,
1502 2019 1584 2071 13.
1627 2046 1693 2054 -·
1734 2021 1790 2067 In
1816 2019 2163 2067 Macedoniam
2210 2031 2322 2065 cum

1394 2089 1615 2150 equitatu
1643 2089 1956 2152 praemissus
2000 2094 2076 2134 est
2106 2101 2151 2134 a.
2186 2103 2235 2136 u.
2278 2100 2320 2132 c.

1394 2156 1513 2206 ’711.
1553 2157 1646 2220 Ep.
1686 2156 1750 2204 ad
1782 2156 1915 2208 Brut.
1961 2157 2008 2206 1.
2032 2181 2091 2190 -
2127 2153 2321 2204 Cicero-

1391 2240 1503 2274 nem
1524 2226 1735 2274 suumin
1752 2225 2017 2288 collegium
2032 2223 2321 2288 pontificum

1392 2295 1645 2343 minorum
1670 2294 1898 2358 cooptari
1921 2293 2025 2342 vult
2045 2305 2212 2356 pater,
2250 2291 2317 2340 11).

1394 2362 1442 2422 1,
1490 2363 1540 2412 5.
1613 2363 1684 2412 lb.
1728 2363 1777 2423 1,
1811 2364 1893 2417 12.
1967 2361 2039 2412 lb.
2075 2361 2121 2423 1,
2147 2362 2227 2414 14.
2254 2385 2321 2394 -—-

1398 2431 1463 2480 M.
1515 2431 1688 2482 Cicero
1726 2433 1896 2480 iussus
1938 2440 2013 2479 est
2058 2429 2319 2478 Ambracia

1396 2501 1579 2549 ducere
1621 2501 1816 2562 equites
1850 2515 1941 2564 per
1986 2497 2318 2558 Thessaliam,

1396 2569 1469 2617 11).
1512 2569 1573 2627 1,
1622 2568 1673 2618 6.
1736 2593 1808 2614 -.
1862 2569 1931 2616 M.
1978 2566 2153 2616 Cicero
2190 2565 2319 2614 filius

1397 2638 1472 2686 sic
1525 2637 1675 2686 Bruto
1724 2651 1780 2686 se
1827 2637 2005 2700 probat
2057 2636 2317 2692 industria,

1397 2707 1656 2770 patientia,
1690 2706 1877 2764 labore,
1898 2706 2052 2754 animi
2076 2705 2320 2768 magnitu-

1400 2775 1545 2835 dine,
1596 2775 1731 2824 omni
1770 2775 1989 2836 denique
2027 2773 2227 2831 officio,
2268 2779 2319 2818 ut

1398 2859 1605 2908 prorsus
1654 2859 1927 2906 numquam
1971 2844 2221 2892 dimittere
2252 2841 2319 2889 vi-

1396 2913 1575 2962 deatur
1616 2913 2004 2978 cogitationem,
2060 2913 2204 2960 cuius
2258 2909 2319 2956 sit

1394 2981 1544 3041 filine,
1568 2983 1641 3035 11).
1665 2981 1778 3045 2,3.
1820 2981 1881 3032 cl.
1908 2981 1976 3030 lb.
2000 2983 2049 3039 2,
2072 2979 2105 3030 6
2125 2988 2173 3029 et
2191 2979 2240 3028 7.
2257 2999 2318 3013 -ν

1394 3051 1645 3115 Fragmm.
1700 3050 2026 3114 epistolarum
2084 3049 2147 3098 ad
2192 3061 2317 3107 eum,

1394 3117 1578 3182 fragm.
1606 3135 1656 3182 p.
1678 3119 1777 3168 ⁸253
1810 3133 1920 3180 sqq.

1330 3187 1397 3252 Q.
1420 3185 1645 3236 Tullius
1669 3185 1866 3236 Cicero
1891 3201 1989 3235 uua
2020 3199 2134 3233 cum
2160 3185 2315 3232 Marco

1397 3256 1607 3304 Athenis
1636 3256 1872 3305 audiebat
1892 3255 2224 3313 Antiochum,
2260 3252 2317 3302 de

1396 3324 1482 3373 fin.
1507 3324 1557 3384 5,
1585 3326 1632 3385 1,
1663 3327 1710 3377 1.
1750 3352 1815 3360 —
1852 3325 2037 3389 Magno
2070 3337 2221 3387 opere
2240 3322 2318 3371 de-

1396 3393 1669 3443 lectabatur
1688 3392 1957 3457 Sophocle,
2002 3391 2075 3441 lb.
2098 3392 2149 3451 5,
2188 3392 2234 3455 l,
2270 3389 2318 3440 3,

1398 3461 1601 3510 —Eius
1624 3463 1823 3510 comitia
1845 3475 1997 3524 quum
2020 3461 2319 3510 aedilitatem
