2500 3850
946 208 1018 254 M.
1052 207 1290 254 murus
1329 207 1619 254 BRUTUS.
2209 196 2327 256 197
2423 181 2426 185 ’

300 367 349 416 2.
363 389 433 402 -
449 365 508 413 In
527 362 640 414 eius
660 363 978 427 provinciam
996 362 1249 413 Antonius

301 451 413 484 cum
436 433 666 482 exercitu
697 432 947 496 impetum
974 431 1145 481 facere
1164 449 1248 482 co-

297 511 473 563 natur,
511 500 745 565 Philipp.
785 499 849 560 3,
892 501 951 560 1,
993 500 1040 550 1.
1079 527 1145 537 -
1182 502 1243 550 D.

298 573 439 623 Bruti
468 571 738 632 edictum,
778 585 879 632 quo
913 569 1249 635 pollicebatur

300 657 353 691 se
399 640 721 706 provinciam
770 636 985 688 Galliam
1004 647 1246 688 *retentu-

298 726 409 760 rum
427 712 483 758 in
504 717 713 759 senatus
733 703 1243 772 populique‘Romani

298 786 578 846 potestate,
606 763 769 839 1b33,
797 779 858 836 4,
895 776 945 826 8.
985 776 1049 838 cf.
1084 777 1153 826 ib.
1188 774 1239 837 3,

303 849 365 899 15
386 885 401 911 ‚
462 847 548 899 37.
597 862 667 886 -ὲ-
702 841 887 896 Bruto'
922 861 1016 894 nee
1064 846 1241 895 consi-

298 918 426 967 lium
480 931 575 964 nec
636 915 861 964 animum
929 911 1239 974 defuturum,

296 987 514 1035 Plancus
535 985 602 1034 ad
620 983 744 1035 fam.
770 982 852 1044 10,
878 983 959 1045 15,
979 984 1030 1036 4.
1058 983 1131 1032 lb.
1157 985 1240 1046 10,

299 1054 384 1114 18,
406 1057 440 1104 2
460 1061 510 1104 et
533 1056 583 1104 4.
608 1081 674 1089 —
692 1051 923 1102 Vocatur.
942 1052 1243 1116 simpliciter

297 1125 393 1173 ‘L.
424 1123 601 1172 Planci
633 1121 831 1187 collega
844 1125 881 1185 ²,
912 1122 979 1172 ad
1006 1120 1129 1173 fam.
1156 1118 1239 1180 10,

296 1194 383 1256 22,
405 1193 454 1242 1.
489 1192 555 1244 cl.
578 1191 651 1241 ib.
675 1189 771 1249 10,
791 1191 885 1248 24,
905 1191 958 1240 4.
982 1217 1047 1226 —·-
1066 1189 1242 1240 Planci

298 1270 347 1310 et
366 1261 512 1310 Bruti
530 1259 804 1309 concordia
820 1294 835 1319 ,
856 1259 927 1308 Ib.
953 1257 1019 1308 10
1033 1277 1054 1319 ,’
1069 1259 1165 1320 26,
1190 1258 1237 1311 1.

295 1359 367 1371 ——-
395 1327 696 1380 Praeclarus
724 1327 788 1378 D.
810 1328 1025 1386 BrutuS‚
1056 1329 1131 1378 lb.
1157 1328 1240 1383 10.

296 1399 365 1450 28
384 1435 399 1459 ,
423 1397 477 1452 3.
498 1425 565 1434 -
584 1397 795 1446 Brutum
813 1397 1043 1446 cohortes
1071 1397 1237 1449 XVII.

196 1521 204 1527 ,
297 1476 347 1517 et
383 1469 513 1518 duas
554 1465 979 1530 nonffirequcntes
1016 1467 1242 1514 tironum

296 1537 555 1602 legiones,
585 1549 712 1598 quas
742 1531 1115 1600 conscripserat
1138 1535 1243 1583 An-

294 1608 499 1665 toniuS,
533 1604 720 1656 habere
744 1604 957 1664 dicitur,
984 1603 1145 1666 Pollio
1174 1605 1241 1653 ad

294 1677 421 1728 farn.
447 1673 542 1734 10,
565 1671 659 1734 33,
678 1675 735 1724 5.
756 1675 829 1710 -ὲ-
853 1673 977 1728 Eius
997 1673 1242 1738 epistolae

297 1745 365 1794 ad
403 1746 613 1793 Brutum
650 1749 698 1790 et
730 1742 989 1807 Cassium',
1009 1743 1091 1792 -ad
1119 1741 1239 1791 fam.

297 1814 382 1874 11,
408 1813 457 1863 1.
478 1829 545 1848 -·—-
565 1810 649 1860 Ad
672 1811 963 1862 Ciceronem
979 1845 997 1876 ‚
1022 1813 1096 1864 Ib.
1120 1825 1239 1875 epp.

292 1885 347 1933 4.
384 1881 435 1933 9.
473 1881 553 1932 10.
593 1878 811 1934 11.·1·3.“
834 1879 917 1931 13.
957 1895 1006 1931 a.
1039 1880 1119 1933 19.
1152 1879 1239 1931 20.

273 1950 383 2003 ’23.
418 1952 507 2003 26.
538 1973 602 1989 -
635 1950 757 1999 Post
788 1949 1094 2012 colloquium
1128 1964 1241 1999 cum

293 2021 460 2070 Hirtio
480 2020 711 2071 habitum
743 2020 808 2069 de
827 2020 1055 2084 pessima
1085 2020 1243 2070 Anto-

294 2090 368 2138 nii
386 2095 556 2139 mente
574 2087 859 2138 cedendum
876 2090 976 2137 sibi
992 2102 1057 2137 ex
1077 2088 1240 2152 Italia,

294 2158 623 2225 migrandum
662 2157 899 2207 Rhodum
946 2164 1033 2207 aut
1071 2156 1241 2220 aliquo

295 2236 548 2278 terrarum
570 2226 861 2289 arbitratur,
898 2227 963 2277 ad
995 2226 1117 2278 fam.
1158 2226 1241 2284 11,

292 2297 320 2346 1
338 2332 351 2356 ‚
372 2296 422 2347 3.
448 2324 515 2332 —
537 2294 659 2345 Eius
680 2295 897 2346 consilia
912 2294 1099 2346 bellica
1113 2332 1127 2355 ,
1158 2296 1231 2347 ib.

294 2365 357 2415 11
376 2402 390 2425 ,
411 2364 447 2415 9
462 2402 475 2424 ,
506 2366 554 2414 1.
573 2394 645 2405 —-
668 2363 845 2415 Omnis
864 2380 983 2429 spes
1003 2364 1077 2414 rei
1096 2364 1235 2429 publ.

291 2434 481 2484 dicitur
494 2448 609 2484 esse
625 2436 676 2483 in
688 2434 755 2485 M.
766 2434 919 2483 Bruto
934 2442 982 2483 et
994 2432 1049 2487 C.
1059 2434 1237 2484 Cassio

294 2511 343 2553 et
366 2502 425 2551 D.
446 2502 620 2563 Bruto,
639 2504 713 2553 Ib.
740 2503 822 2568 12,
848 2502 895 2565 1,
921 2502 1237 2552 l.—-Totius

290 2572 413 2621 belli
444 2572 719 2622 discrimen
747 2573 799 2621 in
830 2572 890 2620 D.
923 2572 1077 2622 Bruto
1098 2572 1237 2635 posi-

289 2648 396 2689 tum
430 2642 729 2702 videbatur,
762 2642 835 2693 lb.
879 2642 971 2700 12,
1002 2634 1064 2698 5,
1096 2640 1147 2692 2.
1169 2666 1237 2677 --

289 2708 515 2761 Mutinae
534 2712 622 2760 vix
642 2726 696 2760 se
720 2708 1121 2777 susti-nebat,1b.
1151 2708 1234 2772 12,

288 2779 340 2838 6,
363 2780 415 2828 2.
454 2780 529 2833 Ib.
556 2780 646 2841 12,
668 2781 729 2838 8,
754 2779 801 2830 1.
828 2804 893 2815 --
913 2778 1035 2827 Eius
1056 2778 1235 2828 laudes

290 2848 637 2911 amplissimae
655 2885 669 2908 ‚
688 2847 911 2913 Philipp.
931 2850 991 2907 4-,
1020 2847 1069 2908 3,
1090 2850 1142 2897 7.
1163 2874 1230 2882 —

288 2916 349 2965 D.
366 2916 547 2966 Brutus
568 2922 895 2983 ‘oppugnatus
917 2917 979 2966 ab
992 2916 1233 2975 Antonio,

290 2984 517 3051 Philipp.
544 2987 604 3048 5,
638 2986 701 3047 9,
721 2987 806 3035 24.
840 2986 917 3037 Ib.
941 2986 1004 3047 5,
1028 2984 1124 3047 13,
1144 2984 1230 3037 36.

286 3053 364 3106 Ib.
387 3052 440 3117 6,
460 3052 511 3114 3,
530 3055 584 3106 6.
598 3054 947 3105 ——Brutorum
966 3069 1233 3104 commune

287 3120 481 3173 factum
510 3132 562 3173 et
590 3124 760 3174 laudis
798 3123 1017 3173 societas
1050 3138 1229 3186 aequa,

288 3190 362 3240 Ib.
384 3191 465 3254 10,
486 3192 536 3252 7,
556 3190 640 3245 15.
657 3194 795 3246 ——D.
814 3193 1022 3252 BrutuS,
1042 3194 1233 3257 pignus

289 3259 537 3310 libertatis
558 3260 733 3323 Rom„
756 3263 827 3312 [b.
853 3260 947 3321 12,
969 3260 1032 3322 9,
1053 3262 1141 3313 22.
1166 3286 1232 3297 ·-

287 3327 349 3381 D.
364 3328 553 3381 Brutus
572 3338 622 3380 et
630 3330 945 3381 Mutinenses
966 3330 1232 3379 obsidione

288 3396 491 3448 liberati
513 3414 561 3449 a.
583 3415 636 3451 u.
660 3414 705 3453 c.
742 3399 863 3452 711.
879 3436 895 3460 ,
919 3399 1135 3448 Plancus
1164 3400 1233 3448 ad

285 3464 411 3517 fam.
434 3466 529 3530 10,
561 3468 623 3519 11
639 3504 654 3529 ,
686 3469 738 3524 2,
761 3494 827 3505 -
847 3468 907 3517 D.
931 3466 1119 3517 Brutus
1139 3467 1231 3518 ob-

1389 363 1587 412 sidione
1600 361 1873 412 Mutinensi
1897 361 2137 414 liberatus
2157 378 2187 414 a
2199 365 2330 414 Pan-

1389 447 1474 496 sa,
1521 430 1711 491 Hirtio,
1759 431 1978 482 Caesare
2033 431 2326 497 OctavianO,

1386 499 1626 565 Philipp.·
1642 499 1724 558 14,
1743 501 1796 559 2,
1817 503 1878 554 4.
1891 526 1962 538 —·-
1980 501 2104 550 Eius
2131 504 2328 566 eruptio

1389 585 1416 618 e
1434 569 1658 628 Mutina,
1685 569 1753 618 ad
1770 570 1910 618 Brut.
1937 569 1960 617 1
1981 607 1996 631 ,
2030 573 2082 621 2.
2104 597 2170 606 -—
2189 571 2330 620 Reli·
2373 611 2378 617 .

1387 637 1779 700 quiasliostium
1797 640 2145 703 persequitur,
2175 639 2248 689 Ib.
2276 640 2326 700 l,

1386 706 1436 758 3.
1450 707 1648 756 ——Erat
1667 707 1853 756 victrix
1870 721 1952 758 res
1972 707 2196 771 publica,
2214 723 2327 758 cae-

1383 777 1454 826 sis
1474 776 1680 826 Antonii
1698 773 1866 840 copiis
1880 811 1895 838 ,
1926 776 2040 841 ipso
2063 776 2278 841 expulso
2299 793 2329 826 a

1380 845 1566 908 Bruto,
1587 846 1660 894 lb.
1686 846 1711 896 l
1733 881 1749 904 ,
1774 845 1856 896 10.
1881 871 1948 881 -
1965 844 2152 896 Brutus
2175 861 2327 910 prae·

1383 913 1518 964 clare
1537 929 1651 962 cum
1670 914 1856 963 Planco
1876 915 2172 965 coniunctus
2201 924 2326 978 erat,

1381 985 1454 1034 lb.
1492 983 1551 1043 1,
1590 983 1673 1032 14.
1711 1009 1781 1018 —
1812 982 1876 1032 D.
1906 983 2064 1035 Bruto
2092 983 2324 1045 liberato,

1383 1066 1539 1116 quum
1559 1052 1870 1102 laetissimus
1887 1052 1976 1102 ille
1994 1054 2184 1102 civitati
2216 1054 2326 1102 dies

1383 1121 1638 1171 illuxisset
1665 1122 1903 1185 idemque
1925 1137 2048 1172 casu
2065 1123 2210 1172 Bruti
2236 1137 2324 1170 na-

1381 1191 1499 1240 talis
1519 1197 1682 1255 esset,
1716 1191 1938 1241 decrevit
1959 1189 2162 1254 Cicero,
2194 1199 2250 1240 ut
2272 1192 2323 1240 in

1381 1261 1529 1310 fastis
1559 1260 1626 1309 ad
1658 1274 1772 1308 eum
1807 1260 1944 1309 diem
1980 1261 2117 1310 Bruti
2139 1275 2324 1310 nomen

1383 1329 1744 1388 ascriberetur,
1764 1328 1840 1380 lb.
1870 1329 1919 1389 1,
1943 1330 1969 1378 1
2013 1364 2025 1376 .

1313 1395 1390 1447 Μ.
1413 1394 1606 1447 Iunius
1637 1394 1868 1446 Brutus.
1909 1398 1929 1444 1
1995 1398 2012 1444 i
2045 1398 2183 1445 civili
2218 1405 2324 1446 stu-

1384 1466 1518 1524 duit,
1538 1465 1678 1514 Brut.
1698 1465 1785 1527 47,
1809 1464 1926 1514 175.
1945 1491 2012 1500 --
2029 1464 2098 1516 M.
2122 1466 2324 1526 Brutus,

1385 1535 1607 1600 optimus
1625 1533 1705 1581 vir
1729 1541 1778 1581 et
1807 1533 1936 1582 iuris
1959 1534 2320 1598 peritissimus,

1382 1611 1530 1724 {33²³
1548 1603 1618 1652 Μ·
1633 1601 2324 1722 τῗῖἓὲἰιῖἕὲἕῗῖἓῗέ;ἑῖὶῗέῗῖ

1382 1741 1614 1804 reliquit,
1641 1755 1734 1804 pro
1763 1740 1957 1794 Cluent.
1979 1741 2044 1791 51
2061 1778 2075 1801 ,
2101 1742 2218 1792 141.
2261 1743 2324 1791 dc

1385 1818 1512 1860 orat.
1533 1811 1595 1870 2,
1613 1809 1682 1860 55
1698 1847 1713 1870 ,
1735 1809 1853 1862 223.
1876 1811 2018 1858 —In
2045 1812 2156 1860 eius
2175 1811 2324 1861 libris

1382 1880 1686 1947 nominatim
1707 1879 1813 1929 fere
1833 1879 2066 1941 refertur,
2089 1881 2211 1943 quid
2231 1879 2324 1932 ali-

1384 1950 1466 2000 cui
1505 1950 1569 1999 de
1606 1950 1716 1998 iure
1751 1951 1865 2000 viro
1901 1957 1988 1998 aut
2015 1951 2216 1999 mulieri
2245 1966 2324 1999 re-

1383 2018 1670 2083 sponderit,
1700 2018 1775 2068 Ib.
1797 2020 1859 2080 2,
1881 2016 1968 2079 33,
1991 2019 2109 2068 142.
2131 2044 2199 2055 -
2225 2018 2322 2067 Nc·

1383 2094 1472 2155 gat
1490 2095 1690 2153 partum
1715 2087 1930 2137 ancillae
1949 2088 2003 2136 in
2035 2086 2204 2138 fructu
2231 2087 2323 2137 ha·

1380 2156 1604 2208 bendum
1623 2170 1764 2217 esse,
1787 2157 1852 2207 de
1869 2156 1959 2209 fin.
1985 2157 2033 2221 1,
2054 2160 2106 2220 4,
2132 2158 2214 2208 12.
2257 2157 2324 2207 ad

1383 2226 1504 2275 fam.
1525 2228 1576 2287 7,
1597 2228 1682 2277 22.
2259 2244 2264 2248 ·

1307 2293 1388 2345 Μ.
1413 2292 1606 2345 Iunius
1626 2293 1838 2345 Brutus
1855 2331 1869 2356 ‚
1897 2296 2031 2343 illius
2049 2294 2182 2344 filius
2198 2331 2213 2355 ,
2236 2296 2324 2358 qui

1377 2365 1502 2413 iuris
1523 2363 1692 2437 ciyilis
1711 2364 1764 2412 in
1787 2364 1968 2426 primis
1987 2366 2180 2427 peritus
2203 2363 2321 2425 fuit,

1377 2437 1644 2481 accusator
1675 2432 1966 2481 nominatus
1995 2439 2102 2490 est,
2138 2431 2201 2480 de
2232 2432 2320 2482 off.

1377 2504 1428 2562 2,
1455 2501 1537 2561 14,
1559 2498 1642 2550 50.
1667 2524 1734 2535 -—
1755 2498 1936 2549 Contra
1956 2514 2072 2549 eum
2091 2498 2150 2554 L.
2175 2498 2322 2549 Cras-

1378 2584 1467 2619 sus
1525 2569 1654 2619 dixit
1705 2568 1797 2621 Cn.
1849 2567 2090 2618 Plancum
2145 2568 2322 2619 defen-

1381 2640 1506 2689 dens
1521 2674 1537 2703 ,
1560 2639 1623 2689 de
1643 2644 1767 2689 orat.
1787 2638 1848 2702 2,
1881 2638 1977 2702 54,
2011 2636 2132 2689 220.
2169 2638 2244 2689 Ib.
2266 2640 2321 2701 2,

1375 2708 1462 2769 55,
1485 2708 1604 2760 222.
1629 2734 1700 2746 --
1719 2708 1784 2757 Μ.
1808 2707 1994 2758 Brutus
2009 2743 2026 2773 ,
2047 2722 2147 2771 quo
2165 2708 2317 2759 modo

1377 2778 1430 2826 in
1450 2776 1540 2827 Cn.
1562 2777 1734 2828 Planci
1760 2792 1914 2827 causa
1933 2777 2107 2828 elusus
2126 2779 2240 2828 sita
2257 2778 2318 2827 L.

1377 2846 1586 2912 Crasso,
1617 2862 1710 2913 pro
1745 2846 1938 2898 Cluent.
1971 2847 2067 2907 51,
2108 2847 2227 2898 140.
2250 2874 2320 2884 -

1374 2914 1442 2964 Μ.
1464 2916 1648 2969 Brutus
1665 2917 1732 2967 M.
1756 2918 1814 2966 F.
1832 2932 2074 2983 magnum
2095 2917 2320 2966 dedecus

1373 2984 1664 3047 Brutorum,
1678 2986 1767 3049 qui
1784 3001 1942 3048 quum
1957 2992 2096 3034 tanto
2112 2985 2318 3035 nomine

1376 3063 1512 3105 esset
1529 3092 1544 3116 ,
1578 3092 1590 3105 .
1616 3090 1628 3102 .
1651 3056 2023 3105 accusationem
2057 3052 2318 3104 factitave-

1373 3124 1465 3186 rit,
1497 3131 1553 3174 ut
1574 3123 1789 3173 Athenis
1812 3124 2091 3189 Lycurgus
2131 3124 2180 3171 Is
2209 3136 2316 3171 ma-

1373 3192 1618 3258 gistratus
1642 3205 1742 3242 non
1760 3192 1969 3257 petivit,
2001 3191 2095 3241 sed
2117 3191 2214 3241 fuit
2233 3205 2316 3240 ac·

1374 3268 1576 3311 cusator
1634 3259 1906 3310 vehemens
1967 3266 2018 3309 et
2070 3259 2314 3309 molestus

1375 3338 1470 3379 etc.
1487 3366 1504 3395 ,
1536 3330 1674 3379 Brut.
1701 3328 1794 3390 34,
1823 3327 1942 3379 130.
1964 3354 2030 3365 -
2049 3328 2119 3378 M.
2141 3329 2315 3378 Aemi·

1371 3397 1502 3448 lium
1525 3398 1769 3448 Scaurum
1803 3399 1994 3448 scimus
2023 3404 2317 3448 accusatum

1375 3482 1406 3517 a
1423 3466 1494 3521 M.
1517 3466 1691 3518 Bruto.
1729 3467 1941 3517 Exstant
1961 3468 2230 3527 orationes„
2253 3480 2316 3515 ex
