2500 3850
250 147 373 208 236
470 160 534 206 Τ.
566 157 901 205 MANILIUS
924 179 1007 188 -
1028 157 1093 204 A.
1128 157 1435 206 MANLms
1467 158 1534 204 A.
1566 157 1630 203 F.
1662 156 2098 216 TORQUATUS.

310 313 397 376 28,
421 313 539 364 108.
557 340 623 350 -
636 312 694 361 Ei
713 313 765 362 in
777 311 1003 362 Africam
1020 315 1161 363 venit
1180 314 1245 363 ad

313 394 542 445 quartam
580 382 835 446 legionem
876 384 1105 432 tribunus
1133 382 1241 432 mil.

311 453 483 516 Scipio
507 450 779 502 Africanus
808 452 999 511 minor,
1028 452 1093 501 de
1122 468 1161 502 r.
1190 466 1242 517 p.

310 521 371 582 6,
397 520 455 579 9,
474 519 527 570 9.
552 548 620 558 ——
650 519 915 581 Manilius,
944 521 1247 585 personali

1387 314 1518 376 nati,
1552 313 1614 362 de
1647 313 1761 376 lege
1789 327 1895 376 agr.
1927 315 1988 376 2,
2023 317 2119 373 24,
2149 315 2238 367 64.
2273 319 2336 372 Ρ.

1389 381 1596 432 Clodius
1617 397 1790 431 omnes
1819 381 2057 434 Catilinas
2077 387 2337 436 Acidinos

1385 451 1614 577 Ξειὲᾱίᾱίι
1635 466 1681 500 a.
1706 465 1757 504 ιι.
1781 467 1826 503 c.
1847 449 2002 514 697.,
2039 453 2106 502 ad
2138 455 2244 504 Att.
2274 457 2336 519 4,

309 592 513 640 brorum
550 588 614 638 de
651 605 704 638 re
740 589 920 654 publ„
964 590 1031 639 ad
1055 591 1159 642 Aa.
1192 591 1243 650 4,
1319 587 1382 640 C.
1403 583 1650 638 Manlius
1678 583 1945 639 Acidinus
1975 588 2138 656 filius,
2170 594 2334 644 Athe-

311 658 394 721 16,
425 660 479 708 2.
516 659 717 740 der.p·.
752 659 1245 719 1,12,18.—1u-

310 731 380 777 ris
407 726 575 778 civilis
602 728 829 791 peritus,
858 729 929 776 lb.
958 728 1013 788 1,
1046 727 1128 786 13,
1156 725 1240 782 20.

1385 657 1464 706 nis
1484 664 1590 706 erat
1611 656 1812 705 futurus
1839 672 1888 708 a.
1915 673 1968 707 ιι.
1999 673 2045 707 c.
2072 628 2229 722 7ὀ9.,
2261 665 2330 712 ad

1342 726 1488 776 ·Att.
1512 725 1592 782 12,
1606 725 1689 784 32,
1703 725 1752 774 2.
1774 725 1838 778 cl.
1860 726 2068 778 adram.
2091 731 2144 789 4,
2169 700 2254 794 12,
2271 735 2325 785 2.

310 798 374 846 cl.
408 798 470 846 de
506 802 631 846 orat.
678 797 737 856 1,
775 765 871 856 4’8,
914 765 1033 849 212'.
1063 822 1133 834 -·
1158 797 1241 847 Μ’.
1315 793 1393 846 Μ.
1422 761 1670 844 Manlius
1697 791 2070 859 Capitolinus.
2109 797 2330 849 Felicior

308 865 543 915 Manilius
570 865 633 913 ab
657 866 891 914 omnibus
922 865 983 914 de
1008 865 1245 916 omnibus

308 936 459 984 rebus
498 934 885 994 consulebatur,
935 934 1006 984 lh.
1052 932 1111 999 3,
1156 932 1243 998 33,

311 1003 427 1055 133.
456 1029 521 1038 -
541 1001 845 1052 Memoratur
873 1010 1133 1067 praeterea
1150 1018 1245 1068 pro

310 1073 456 1122 eaeo.
480 1072 563 1129 24,
582 1071 668 1121 69.
708 1073 774 1120 ad.
794 1071 911 1120 fam.
935 1071 984 1133 7,
1009 1070 1057 1132 8,
1085 1073 1137 1121 2.
1166 1072 1241 1124 Ib.

309 1143 358 1204 7,
385 1140 467 1200 10,
496 1140 545 1189 2.
578 1140 654 1190 Ib.
676 1141 727 1200 7,
755 1141 841 1192 22.
876 1140 942 1189 ad
962 1140 1063 1190 Att.
1087 1140 1171 1198 12,
1190 1141 1244 1202 5,

308 1210 358 1260 3.
394 1209 454 1258 de
478 1208 565 1257 fin.
595 1207 642 1272 1,
668 1211 721 1269 4,
756 1209 838 1258 12.
875 1209 939 1258 de
964 1223 1065 1259 am.
1085 1210 1136 1266 4,
1159 1209 1242 1264 14.

310 1307 374 1315 --
413 1277 507 1326 Ad·
535 1292 651 1327 eum
691 1278 977 1327 referuntur
1016 1277 1247 1328 Manilia-

271 1366 276 1370 ·
309 1363 403 1396 nae
416 1346 672 1396 venalium
692 1346 1068 1397 vendendorum
1084 1346 1244 1412 legeS,

308 1418 365 1467 id
383 1424 475 1476 est,
490 1418 733 1482 actiones,
752 1414 1017 1476 formulae,
1033 1418 1097 1465 de
1116 1424 1243 1467 orat.

311 1488 361 1548 1,
381 1485 465 1548 58,
494 1485 614 1538 246.

242 1553 313 1604 Τ.
333 1550 601 1604 Manilius
619 1590 634 1616 ,
668 1562 871 1604 senator
893 1556 1025 1604 circa
1051 1569 1101 1606 a.
1128 1569 1177 1604 ιι.
1200 1569 1244 1602 c.

307 1623 455 1682 677.,
486 1637 577 1686 pro
599 1623 749 1674 Rosc.
774 1638 903 1673 com.
937 1623 1021 1679 14,
1048 1621 1136 1673 43.

239 1687 526 1741 Manliana
558 1690 799 1754 imperia,
834 1691 887 1740 id
913 1699 1018 1751 est,
1050 1705 1245 1751 severa,

310 1759 456 1808 euius
474 1758 613 1807 modi
634 1758 833 1806 fuerant
849 1759 908 1808 Τ.
926 1759 1100 1809 Manlii
1119 1762 1248 1811 Tor-

308 1829 444 1890 quati
485 1828 781 1892 Imperiosi,
822 1827 885 1876 de
925 1828 1011 1876 fln.
1049 1829 1110 1889 2,
1157 1828 1243 1889 32,

238 1964 513 2029 Manlius,
534 1967 601 2016 ad
628 1964 1037 2027 Att.1‚16,16.

242 2034 309 2099 Q.
332 2002 607 2099 Manlius,
638 2036 873 2085 triumvir
892 2036 1127 2100 capitalis
1147 2035 1246 2084 Ro-

308 2118 446 2165 mae,
472 2118 564 2169 pro
595 2103 791 2154 Cluent.
825 2104 906 2165 13,
936 2103 1023 2157 38.

241 2171 308 2236 Q.
329 2170 597 2237 Manlius,
623 2174 979 2224 severissimus
1000 2180 1148 2235 atque
1167 2173 1245 2222 iu-

307 2242 607 2305 tegerrimus
637 2244 819 2305 iudex,
848 2243 1081 2292 tribunus
1102 2241 1171 2306 pl.
1191 2256 1242 2295 a.

304 2326 359 2363 u.
389 2326 432 2363 c.
461 2309 609 2371 685..
638 2313 786 2363 Verr.
816 2319 915 2361 act.
942 2311 967 2361 1
985 2346 1000 2370 ,
1036 2308 1117 2372 10,
1138 2308 1224 2360 30.

172 2420 177 2427 .
240 2378 309 2430 Τ.
328 2376 574 2430 Manlius
596 2382 739 2429 testis
761 2381 813 2429 in
832 2382 1070 2442 Verrem,
1093 2381 1240 2431 Verr.

305 2457 529 2499 accusat.
563 2451 615 2510 2,
642 2450 692 2514 8,
715 2448 804 2500 23

240 2515 311 2567 Τ.
333 2516 602 2581 Manlius,
632 2535 720 2582 qur
737 2520 1089 2583 negotiabatur
1112 2516 1245 2566 The-

1385 862 1629 913 Camillus
1657 864 1894 913 exsulans
1932 881 2083 928 quam
2126 873 2326 933 tempo·

1385 932 1526 982 ribus
1565 932 1748 982 iisdem
1777 933 2020 994 ManliuS,
2059 936 2213 986 etiam
2257 939 2323 998 si,

1383 1001 1440 1052 id
1459 1001 1595 1064 quod
1613 1001 1865 1064 cupierat,
1892 1018 2106 1068 regnare
2128 1007 2324 1069 potuis-

1386 1079 1482 1130 set,
1506 1069 1687 1136 fragm.
1710 1084 1762 1134 p.
1783 1070 1901 1121 255.
1922 1072 2082 1127 —-M.
2103 1073 2324 1124 Manlius

1383 1153 1600 1204 regnum
1627 1154 1877 1202 occupare
1903 1141 2131 1191 voluisse
2159 1145 2324 1193 dictus

1383 1217 1478 1271 est,
1500 1208 2070 1286 &22.-49..—
2001 1210 2156 1264 —.M
2180 1212 2322 1260 Man-

1383 1277 1483 1326 lius
1528 1291 1682 1340 quum
1725 1278 1788 1326 ab
1835 1293 2049 1330 ascensu
2091 1279 2326 1344 Capitolii

1387 1343 1644 1396 Gallorum
1666 1346 1911 1408 impetum
1945 1348 2252 1413 reppulisset
2275 1365 2322 1398 a.

1386 1430 1438 1468 ιι.
1462 1429 1506 1462 c.
1529 1412 1683 1475 364.,
1711 1427 1811 1463 non
1839 1416 1934 1466 fuit
1953 1424 2218 1467 contentus
2237 1419 2324 1468 be-

1385 1483 1555 1532 neficii
1587 1485 1668 1533 sui
1704 1483 1892 1548 gloria,
1925 1500 2138 1552 regnum
2164 1502 2323 1552 appe-

1385 1555 1510 1601 tisse
1546 1559 1624 1601 est
1655 1553 1909 1602 iudicatus
1946 1569 1996 1603 a.
2032 1570 2084 1604 u.
2117 1571 2163 1604 c.
2199 1557 2320 1607 371.

1385 1622 1522 1686 Ergo
1551 1621 1662 1670 eius
1696 1622 1878 1672 domus
1917 1637 2094 1674 eversa
2123 1624 2326 1675 duobus

1387 1691 1514 1740 lueis
1533 1691 1815 1739 convestita
1840 1698 1943 1754 est,
1965 1693 2029 1742 de
2050 1693 2200 1744 domo
2229 1709 2324 1742 sua

1386 1757 1472 1818 38,
1494 1756 1611 1810 101.
1644 1758 1708 1808 cl.
1732 1758 1953 1824 Philipp.
1987 1762 2048 1822 2,
2075 1763 2173 1823 44,
2209 1762 2320 1813 114.

1388 1856 1454 1867 --
1473 1826 1682 1892 Propter
1701 1829 1852 1878 unius
1883 1827 1953 1882 M.
1975 1827 2197 1880 Manlius
2217 1847 2326 1880 sce-

1388 1895 1466 1945 lus
1489 1896 1688 1947 decreto
1719 1898 1888 1963 gentis
1913 1897 2134 1950 Manliae
2165 1901 2324 1949 nemi-

1385 1980 1501 2015 nem
1527 1967 1809 2093 patriciu&
1829 1967 2326 2101 hlfflaffiurg2lt1anlium

1386 2049 1556 2084 vocari
1595 2050 1668 2085 ice

1319 2100 1388 2169 Q.
1400 2101 1648 2154 Manlius
1665 2102 2204 2187 Chilo,Oatilinarius‚
2226 2121 2320 2170 pro

1386 2188 1486 2235 quo
1524 2187 1617 2222 nos
1651 2175 1949 2239 scripsimus
1993 2174 2087 2233 ‘Q
2125 2176 2323 2224 Annius

1386 2240 1758 2430 ξξῑὲξέἐὲζῗιέ
1774 2242 1903 2372 ,3135
1929 2242 2319 2366 ¹s‘i11ss29e3251

1460 2415 1471 2427 .
1496 2393 1524 2427 e
1635 2416 1646 2428 .

1315 2444 1379 2495 Ῑι.
1402 2445 1649 2498 Manlius
1667 2447 1845 2513 Sosis,
1863 2449 2166 2514 CatinensiS,
2187 2463 2324 2500 com-

1385 2517 1649 2566 mandatur
1663 2518 1849 2577 Acilio
1862 2519 1930 2568 ad
1943 2518 2063 2569 fam.
2073 2519 2153 2582 13,
2167 2517 2254 2581 30,
2271 2521 2322 2572 1.

306 2588 462 2668 spiis,
501 2589 882 2637 commendatur
918 2586 1029 2639 Ser.
1070 2585 1245 2651 Sulpi·
1315 2582 1380 2635 A.
1400 2583 1645 2637 Manlius
1673 2585 2027 2652 Torquatus,
2062 2602 2170 2638 cos.
2201 2603 2247 2639 a.
2270 2603 2321 2638 u.

306 2658 415 2713 cin,
438 2656 502 2703 ad
522 2654 642 2705 farn.
670 2654 752 2719 13,
778 2656 863 2715 22,
892 2656 935 2705 1.

240 2720 307 2771 Τ.
339 2720 590 2773 Manlius
626 2720 894 2773 Acidinus
913 2720 1239 2774 Fulvianus.

1383 2670 1430 2704 c.
1446 2653 1563 2704 510.
1587 2662 1637 2703 et
1655 2654 1798 2717 513„
1821 2663 1876 2704 ut
1895 2657 2114 2720 videtur,
2136 2655 2200 2705 de
2220 2656 2320 2721 leg.

1382 2723 1542 2785 2,22,
1573 2723 1660 2775 55

305 2790 675 2856 Maluginensis
694 2792 779 2841 ille
800 2792 863 2841 M.
882 2789 1070 2873 Scipio,
1088 2807 1241 2855 quum
1311 2789 1377 2842 A.
1398 2758 1648 2842 Man’lius
1681 2790 2023 2859 Torquatus
2063 2793 2158 2841 Pro
2177 2806 2325 2857 prae·

306 2874 370 2909 ex
390 2861 617 2910 centuria
646 2875 739 2910 sua
774 2861 1090 2912 renunciaret
1122 2862 1243 2909 Aci-

308 2930 482 2979 dinum
502 2928 761 2980 consulem
778 2944 1063 2994 praecoque
1084 2930 1243 2979 dixis-

307 3006 409 3048 set.
434 2998 550 3048 ‘Dic
574 2999 713 3049 deL.
734 2998 980 3048 Manlio!’
1010 3022 1080 3036 —·
1116 2998 1241 3046 ‘Vi-

305 3083 417 3117 rum
441 3067 659 3117 bonum’
666 3070 899 3131 ,inquit,
928 3068 1239 3163 ‘e’gregium-

1381 2867 1493 2910 tore
1509 2861 1739 2911 Africam
1765 2863 2081 2926 provinciam
2105 2861 2324 2911 obtinuit

1380 2944 1426 2978 a.
1479 2945 1531 2977 ιι.
1577 2945 1621 2983 c.
1667 2929 1790 2982 677.
1839 2946 1955 2980 cum
2012 2944 2173 2992 eoque
2231 2926 2322 2979 Cn.

1379 2996 1616 3047 Plancius
1655 3014 1715 3048 eo
1758 3000 2016 3065 profectus
2055 3006 2189 3059 erat,
2228 3012 2323 3062 pro

1379 3065 1554 3121 Plane.
1579 3067 1661 3131 11,
1685 3068 1775 3117 27.

306 3153 404 3199 que
422 3137 583 3186 civem
603 3152 717 3188 esse
735 3138 997 3197 arbitrorss
1024 3136 1087 3185 de
1109 3142 1235 3185 orat.
1306 3132 1373 3185 A
1426 3133 1672 3187 Manlius
1720 3136 1790 3187 A.
1844 3134 1908 3184 F.
1971 3134 2321 3201 Torqua-tus,

304 3208 367 3266 2,
388 3206 473 3271 64,
503 3206 620 3257 260.
648 3234 717 3243 -
744 3206 975 3264 Acidini,
1007 3204 1236 3266 Luscini,

306 3274 550 3338 Calatini,
580 3274 811 3323 homines
834 3289 936 3324 non
965 3272 1126 3324 solum
1146 3272 1239 3322 ho-

305 3344 513 3394 noribus
547 3343 799 3405 rebusque
832 3344 1023 3409 gestis,
1064 3356 1239 3391 verum

306 3412 458 3458 etiam
504 3411 749 3474 patientia
797 3409 1110 3474 paupertatis
1157 3424 1238 3459 or-

1376 3212 1606 3269 praetor,
1645 3204 1904 3268 quaesitor
1940 3205 1994 3254 in
2033 3218 2188 3254 causa
2229 3203 2326 3252 Mi

1378 3272 1583 3324 loniana
1631 3289 1680 3325 a.
1736 3290 1790 3324 u.
1844 3289 1890 3323 c.
1944 3274 2062 3325 702.
2111 3299 2178 3309 -
2214 3270 2326 3321 Non

1379 3342 1532 3391 modo
1571 3342 1762 3393 Lucius
1803 3340 2140 3406 (Torquatus)
2162 3377 2175 3400 ,
2232 3341 2325 3389 sed

1380 3410 1532 3459 etiam
1578 3409 1740 3459 Aulus
1777 3409 2036 3475 profectus
2075 3418 2151 3457 est
2186 3423 2234 3457 a.
2267 3424 2322 3455 ιι.
