<?xml version="1.0" encoding="UTF-8"?>
<!DOCTYPE html PUBLIC "-//W3C//DTD XHTML 1.0 Transitional//EN"
    "http://www.w3.org/TR/xhtml1/DTD/xhtml1-transitional.dtd">
<html xmlns="http://www.w3.org/1999/xhtml" xml:lang="en" lang="en">
 <head>
  <title>
</title>
<meta http-equiv="Content-Type" content="text/html;charset=utf-8" />
  <meta name='ocr-system' content='tesseract 3.04.00' />
  <meta name='ocr-capabilities' content='ocr_page ocr_carea ocr_par ocr_line ocrx_word'/>
</head>
<body>
  <div class='ocr_page' id='page_1' title='image "./scriptaquaemans04mlgoog_0448.png"; bbox 0 0 2500 3850; ppageno 0'>
   <div class='ocr_carea' id='block_1_1' title="bbox 48 3550 188 3594">
    <p class='ocr_par' dir='ltr' id='par_1_1' title="bbox 48 3550 188 3594">
     <span class='ocr_line' id='line_1_1' title="bbox 48 3550 188 3594; baseline -0.021 0"><span class='ocrx_word' id='word_1_1' title='bbox 48 3550 188 3594; x_wconf 43' lang='lat' dir='ltr'>s.</span> 
     </span>
    </p>
   </div>
   <div class='ocr_carea' id='block_1_2' title="bbox 221 144 348 206">
    <p class='ocr_par' dir='ltr' id='par_1_2' title="bbox 221 144 348 206">
     <span class='ocr_line' id='line_1_2' title="bbox 221 144 348 206; baseline -0.008 0"><span class='ocrx_word' id='word_1_2' title='bbox 221 144 348 206; x_wconf 83' lang='lat'>442</span> 
     </span>
    </p>
   </div>
   <div class='ocr_carea' id='block_1_3' title="bbox 221 308 1233 511">
    <p class='ocr_par' dir='ltr' id='par_1_3' title="bbox 221 308 1233 511">
     <span class='ocr_line' id='line_1_3' title="bbox 221 308 1231 375; baseline 0.002 -14"><span class='ocrx_word' id='word_1_3' title='bbox 221 308 438 363; x_wconf 55' lang='lat' dir='ltr'>Vettius</span> <span class='ocrx_word' id='word_1_4' title='bbox 485 312 690 373; x_wconf 81' lang='lat' dir='ltr'>quidam</span> <span class='ocrx_word' id='word_1_5' title='bbox 731 328 886 375; x_wconf 88' lang='lat' dir='ltr'>quum</span> <span class='ocrx_word' id='word_1_6' title='bbox 929 314 1231 375; x_wconf 77' lang='lat' dir='ltr'><strong>quadrantes</strong></span> 
     </span>
     <span class='ocr_line' id='line_1_4' title="bbox 288 381 1231 448; baseline -0.002 -16"><span class='ocrx_word' id='word_1_7' title='bbox 288 396 468 433; x_wconf 84' lang='lat' dir='ltr'>aereos</span> <span class='ocrx_word' id='word_1_8' title='bbox 487 381 667 446; x_wconf 81' lang='lat' dir='ltr'>flagitii</span> <span class='ocrx_word' id='word_1_9' title='bbox 687 381 970 431; x_wconf 85' lang='lat' dir='ltr'>mercedem</span> <span class='ocrx_word' id='word_1_10' title='bbox 989 396 1083 448; x_wconf 91' lang='lat' dir='ltr'>per</span> <span class='ocrx_word' id='word_1_11' title='bbox 1097 382 1231 431; x_wconf 68' lang='lat' dir='ltr'>stau-</span> 
     </span>
     <span class='ocr_line' id='line_1_5' title="bbox 290 449 1233 511; baseline -0.003 -10"><span class='ocrx_word' id='word_1_12' title='bbox 290 451 408 501; x_wconf 88' lang='lat' dir='ltr'>dem</span> <span class='ocrx_word' id='word_1_13' title='bbox 429 449 634 500; x_wconf 77' lang='lat' dir='ltr'>Clodiae</span> <span class='ocrx_word' id='word_1_14' title='bbox 653 450 903 511; x_wconf 78' lang='lat' dir='ltr'>dedisset,</span> <span class='ocrx_word' id='word_1_15' title='bbox 934 449 1004 502; x_wconf 87' lang='lat' dir='ltr'>M.</span> <span class='ocrx_word' id='word_1_16' title='bbox 1027 450 1233 500; x_wconf 85' lang='lat' dir='ltr'>Camur-</span> 
     </span>
    </p>
   </div>
   <div class='ocr_carea' id='block_1_4' title="bbox 685 156 1842 205">
    <p class='ocr_par' dir='ltr' id='par_1_4' title="bbox 685 156 1842 205">
     <span class='ocr_line' id='line_1_6' title="bbox 685 156 1842 205; baseline 0.003 -3"><span class='ocrx_word' id='word_1_17' title='bbox 685 156 976 203; x_wconf 78' lang='lat' dir='ltr'>VETTIUS</span> <span class='ocrx_word' id='word_1_18' title='bbox 1006 178 1086 187; x_wconf 92' lang='grc'>--</span> <span class='ocrx_word' id='word_1_19' title='bbox 1110 156 1170 205; x_wconf 87' lang='lat' dir='ltr'>C.</span> <span class='ocrx_word' id='word_1_20' title='bbox 1196 158 1426 205; x_wconf 85' lang='lat' dir='ltr'>VIBIUS</span> <span class='ocrx_word' id='word_1_21' title='bbox 1451 158 1842 205; x_wconf 72' lang='lat' dir='ltr'><strong>NORBANUS.</strong></span> 
     </span>
    </p>
   </div>
   <div class='ocr_carea' id='block_1_5' title="bbox 1303 311 2309 515">
    <p class='ocr_par' dir='ltr' id='par_1_5' title="bbox 1303 311 2309 515">
     <span class='ocr_line' id='line_1_7' title="bbox 1374 311 2309 379; baseline 0 -16"><span class='ocrx_word' id='word_1_22' title='bbox 1374 311 1541 375; x_wconf 86' lang='lat' dir='ltr'>qualis</span> <span class='ocrx_word' id='word_1_23' title='bbox 1572 312 1857 375; x_wconf 88' lang='lat' dir='ltr'>Ciceronis,</span> <span class='ocrx_word' id='word_1_24' title='bbox 1898 314 2125 379; x_wconf 85' lang='lat' dir='ltr'>prudens</span> <span class='ocrx_word' id='word_1_25' title='bbox 2158 315 2240 365; x_wconf 82' lang='lat' dir='ltr'>vir</span> <span class='ocrx_word' id='word_1_26' title='bbox 2265 322 2309 363; x_wconf 83' lang='lat' dir='ltr'>et</span> 
     </span>
     <span class='ocr_line' id='line_1_8' title="bbox 1374 381 2304 444; baseline 0.006 -15"><span class='ocrx_word' id='word_1_27' title='bbox 1374 383 1425 429; x_wconf 90' lang='lat' dir='ltr'>in</span> <span class='ocrx_word' id='word_1_28' title='bbox 1444 382 1661 431; x_wconf 87' lang='lat' dir='ltr'>dicendo</span> <span class='ocrx_word' id='word_1_29' title='bbox 1680 381 1849 431; x_wconf 87' lang='lat' dir='ltr'>brevis</span> <span class='ocrx_word' id='word_1_30' title='bbox 1864 418 1878 444; x_wconf 92' lang='lat'><strong><em>‚</em></strong></span> <span class='ocrx_word' id='word_1_31' title='bbox 1900 384 2040 432; x_wconf 86' lang='lat' dir='ltr'>Brut.</span> <span class='ocrx_word' id='word_1_32' title='bbox 2065 382 2164 444; x_wconf 89' lang='grc'><strong>46,</strong></span> <span class='ocrx_word' id='word_1_33' title='bbox 2195 382 2304 436; x_wconf 91' lang='grc'><strong>169.</strong></span> 
     </span>
     <span class='ocr_line' id='line_1_9' title="bbox 1303 448 1928 515; baseline -0.002 -17"><span class='ocrx_word' id='word_1_34' title='bbox 1303 448 1467 500; x_wconf 85' lang='lat' dir='ltr'>Vetto</span> <span class='ocrx_word' id='word_1_35' title='bbox 1486 486 1501 513; x_wconf 93' lang='lat'>,</span> <span class='ocrx_word' id='word_1_36' title='bbox 1522 450 1706 515; x_wconf 76' lang='lat' dir='ltr'>fragm.</span> <span class='ocrx_word' id='word_1_37' title='bbox 1733 466 1783 515; x_wconf 89' lang='lat' dir='ltr'>p.</span> <span class='ocrx_word' id='word_1_38' title='bbox 1809 450 1928 501; x_wconf 85' lang='grc'><strong>298.</strong></span> 
     </span>
    </p>
   </div>
   <div class='ocr_carea' id='block_1_6' title="bbox 289 515 2309 583">
    <p class='ocr_par' dir='ltr' id='par_1_6' title="bbox 289 515 2309 583">
     <span class='ocr_line' id='line_1_10' title="bbox 289 515 2309 583; baseline -0.001 -14"><span class='ocrx_word' id='word_1_39' title='bbox 289 522 392 571; x_wconf 86' lang='lat' dir='ltr'>tius</span> <span class='ocrx_word' id='word_1_40' title='bbox 411 526 460 569; x_wconf 90' lang='lat' dir='ltr'>et</span> <span class='ocrx_word' id='word_1_41' title='bbox 481 517 534 569; x_wconf 88' lang='lat' dir='ltr'>C.</span> <span class='ocrx_word' id='word_1_42' title='bbox 556 517 886 579; x_wconf 66' lang='lat' dir='ltr'>Caesernim,</span> <span class='ocrx_word' id='word_1_43' title='bbox 909 518 997 569; x_wconf 83' lang='lat' dir='ltr'>alii</span> <span class='ocrx_word' id='word_1_44' title='bbox 1022 519 1230 569; x_wconf 89' lang='lat' dir='ltr'>Clodiae</span> <span class='ocrx_word' id='word_1_45' title='bbox 1302 517 1372 568; x_wconf 86' lang='grc' dir='ltr'>Τ.</span> <span class='ocrx_word' id='word_1_46' title='bbox 1396 515 1659 568; x_wconf 83' lang='lat' dir='ltr'>Veturius</span> <span class='ocrx_word' id='word_1_47' title='bbox 1684 516 1952 569; x_wconf 77' lang='lat' dir='ltr'>Calvinus</span> <span class='ocrx_word' id='word_1_48' title='bbox 1969 554 1984 581; x_wconf 90' lang='lat'>,</span> <span class='ocrx_word' id='word_1_49' title='bbox 2020 518 2110 583; x_wconf 89' lang='lat' dir='ltr'>Sp.</span> <span class='ocrx_word' id='word_1_50' title='bbox 2138 518 2309 569; x_wconf 83' lang='lat' dir='ltr'>Postu-</span> 
     </span>
    </p>
   </div>
   <div class='ocr_carea' id='block_1_7' title="bbox 289 588 1230 653">
    <p class='ocr_par' dir='ltr' id='par_1_7' title="bbox 289 588 1230 653">
     <span class='ocr_line' id='line_1_11' title="bbox 289 588 1230 653; baseline 0 -15"><span class='ocrx_word' id='word_1_51' title='bbox 289 596 571 648; x_wconf 87' lang='lat' dir='ltr'>amatores,</span> <span class='ocrx_word' id='word_1_52' title='bbox 610 588 805 639; x_wconf 82' lang='lat' dir='ltr'>nefario</span> <span class='ocrx_word' id='word_1_53' title='bbox 841 596 1015 653; x_wconf 85' lang='lat' dir='ltr'>stupro</span> <span class='ocrx_word' id='word_1_54' title='bbox 1037 589 1230 638; x_wconf 78' lang='lat' dir='ltr'>amicae</span> 
     </span>
    </p>
   </div>
   <div class='ocr_carea' id='block_1_8' title="bbox 214 656 1226 1685">
    <p class='ocr_par' dir='ltr' id='par_1_8' title="bbox 289 656 1175 723">
     <span class='ocr_line' id='line_1_12' title="bbox 289 656 1175 723; baseline -0.002 -16"><span class='ocrx_word' id='word_1_55' title='bbox 289 661 415 708; x_wconf 87' lang='lat' dir='ltr'>iram</span> <span class='ocrx_word' id='word_1_56' title='bbox 433 658 526 707; x_wconf 85' lang='lat' dir='ltr'>ulti</span> <span class='ocrx_word' id='word_1_57' title='bbox 547 664 691 715; x_wconf 83' lang='lat' dir='ltr'>sunt,</span> <span class='ocrx_word' id='word_1_58' title='bbox 712 672 805 723; x_wconf 88' lang='lat' dir='ltr'>pro</span> <span class='ocrx_word' id='word_1_59' title='bbox 829 656 963 707; x_wconf 88' lang='lat' dir='ltr'>Cael.</span> <span class='ocrx_word' id='word_1_60' title='bbox 986 656 1071 723; x_wconf 87' lang='lat'>30,</span> <span class='ocrx_word' id='word_1_61' title='bbox 1092 657 1175 707; x_wconf 90' lang='grc'>71.</span> 
     </span>
    </p>

    <p class='ocr_par' dir='ltr' id='par_1_9' title="bbox 217 724 1224 859">
     <span class='ocr_line' id='line_1_13' title="bbox 217 724 1224 787; baseline -0.003 -10"><span class='ocrx_word' id='word_1_62' title='bbox 217 724 455 778; x_wconf 79' lang='lat' dir='ltr'>Vettius.</span> <span class='ocrx_word' id='word_1_63' title='bbox 515 727 560 775; x_wconf 82' lang='lat' dir='ltr'><strong>A</strong></span> <span class='ocrx_word' id='word_1_64' title='bbox 597 726 836 778; x_wconf 82' lang='lat' dir='ltr'>Cicerone</span> <span class='ocrx_word' id='word_1_65' title='bbox 875 725 1048 776; x_wconf 74' lang='lat' dir='ltr'>villam</span> <span class='ocrx_word' id='word_1_66' title='bbox 1089 726 1224 787; x_wconf 89' lang='lat' dir='ltr'>emit,</span> 
     </span>
     <span class='ocr_line' id='line_1_14' title="bbox 287 790 1208 859; baseline -0.004 -13"><span class='ocrx_word' id='word_1_67' title='bbox 287 798 350 846; x_wconf 88' lang='lat' dir='ltr'>ad</span> <span class='ocrx_word' id='word_1_68' title='bbox 374 797 478 849; x_wconf 85' lang='lat' dir='ltr'>Att.</span> <span class='ocrx_word' id='word_1_69' title='bbox 500 798 551 859; x_wconf 89' lang='lat'>4,</span> <span class='ocrx_word' id='word_1_70' title='bbox 573 796 623 855; x_wconf 86' lang='lat'>5,</span> <span class='ocrx_word' id='word_1_71' title='bbox 646 796 696 845; x_wconf 88' lang='grc'>2.</span> <span class='ocrx_word' id='word_1_72' title='bbox 1200 790 1208 800; x_wconf 84' lang='grc'><strong><em>’</em></strong></span> 
     </span>
    </p>

    <p class='ocr_par' dir='ltr' id='par_1_10' title="bbox 219 861 1226 994">
     <span class='ocr_line' id='line_1_15' title="bbox 219 861 1226 930; baseline -0.001 -17"><span class='ocrx_word' id='word_1_73' title='bbox 219 861 439 916; x_wconf 81' lang='lat' dir='ltr'>Vettius</span> <span class='ocrx_word' id='word_1_74' title='bbox 461 878 698 930; x_wconf 86' lang='lat' dir='ltr'>manceps</span> <span class='ocrx_word' id='word_1_75' title='bbox 716 901 731 930; x_wconf 91' lang='lat'>,</span> <span class='ocrx_word' id='word_1_76' title='bbox 755 864 912 914; x_wconf 85' lang='lat' dir='ltr'>iudex</span> <span class='ocrx_word' id='word_1_77' title='bbox 936 866 1142 925; x_wconf 84' lang='lat' dir='ltr'>Romae,</span> <span class='ocrx_word' id='word_1_78' title='bbox 1163 867 1226 913; x_wconf 63' lang='lat' dir='ltr'>a&gt;.l</span> 
     </span>
     <span class='ocr_line' id='line_1_16' title="bbox 291 933 644 994; baseline 0 -11"><span class='ocrx_word' id='word_1_79' title='bbox 291 939 393 986; x_wconf 81' lang='lat' dir='ltr'>Att.</span> <span class='ocrx_word' id='word_1_80' title='bbox 412 934 465 994; x_wconf 85' lang='grc'>6,</span> <span class='ocrx_word' id='word_1_81' title='bbox 492 936 538 994; x_wconf 87' lang='lat'>1,</span> <span class='ocrx_word' id='word_1_82' title='bbox 566 933 644 983; x_wconf 85' lang='lat'>15.</span> 
     </span>
    </p>

    <p class='ocr_par' dir='ltr' id='par_1_11' title="bbox 217 1000 1224 1063">
     <span class='ocr_line' id='line_1_17' title="bbox 217 1000 1224 1063; baseline -0.005 -10"><span class='ocrx_word' id='word_1_83' title='bbox 217 1000 434 1053; x_wconf 82' lang='lat' dir='ltr'>Vettius</span> <span class='ocrx_word' id='word_1_84' title='bbox 457 1001 642 1063; x_wconf 85' lang='lat' dir='ltr'>Scato,</span> <span class='ocrx_word' id='word_1_85' title='bbox 659 1003 723 1051; x_wconf 88' lang='lat' dir='ltr'>de</span> <span class='ocrx_word' id='word_1_86' title='bbox 743 1003 892 1051; x_wconf 88' lang='lat' dir='ltr'>domo</span> <span class='ocrx_word' id='word_1_87' title='bbox 907 1016 998 1051; x_wconf 89' lang='lat' dir='ltr'>sua</span> <span class='ocrx_word' id='word_1_88' title='bbox 1008 1004 1094 1063; x_wconf 82' lang='lat'>44,</span> <span class='ocrx_word' id='word_1_89' title='bbox 1110 1002 1224 1052; x_wconf 81' lang='grc'><strong>116.</strong></span> 
     </span>
    </p>

    <p class='ocr_par' dir='ltr' id='par_1_12' title="bbox 215 1067 1225 1205">
     <span class='ocr_line' id='line_1_18' title="bbox 215 1067 1225 1132; baseline -0.003 -11"><span class='ocrx_word' id='word_1_90' title='bbox 215 1068 456 1131; x_wconf 83' lang='lat' dir='ltr'>Vettius,</span> <span class='ocrx_word' id='word_1_91' title='bbox 475 1070 542 1119; x_wconf 88' lang='lat' dir='ltr'>ad</span> <span class='ocrx_word' id='word_1_92' title='bbox 565 1072 666 1117; x_wconf 78' lang='lat' dir='ltr'>Att.</span> <span class='ocrx_word' id='word_1_93' title='bbox 695 1072 746 1131; x_wconf 87' lang='lat'>2,</span> <span class='ocrx_word' id='word_1_94' title='bbox 768 1072 818 1132; x_wconf 83' lang='lat'>4,</span> <span class='ocrx_word' id='word_1_95' title='bbox 841 1072 890 1119; x_wconf 89' lang='lat'>7.</span> <span class='ocrx_word' id='word_1_96' title='bbox 925 1070 986 1118; x_wconf 92' lang='lat' dir='ltr'>V.</span> <span class='ocrx_word' id='word_1_97' title='bbox 1010 1067 1225 1120; x_wconf 84' lang='lat' dir='ltr'>Vettius</span> 
     </span>
     <span class='ocr_line' id='line_1_19' title="bbox 287 1135 660 1205; baseline -0.011 -16"><span class='ocrx_word' id='word_1_98' title='bbox 287 1135 660 1205; x_wconf 74' lang='lat' dir='ltr'>Chrysippus.</span> 
     </span>
    </p>

    <p class='ocr_par' dir='ltr' id='par_1_13' title="bbox 214 1204 1225 1685">
     <span class='ocr_line' id='line_1_20' title="bbox 214 1204 1222 1259; baseline -0.007 0"><span class='ocrx_word' id='word_1_99' title='bbox 214 1207 278 1259; x_wconf 81' lang='lat' dir='ltr'>L.</span> <span class='ocrx_word' id='word_1_100' title='bbox 314 1204 530 1257; x_wconf 80' lang='lat' dir='ltr'>Vettius</span> <span class='ocrx_word' id='word_1_101' title='bbox 559 1206 734 1256; x_wconf 83' lang='lat' dir='ltr'>index.</span> <span class='ocrx_word' id='word_1_102' title='bbox 773 1207 867 1256; x_wconf 90' lang='lat' dir='ltr'>Per</span> <span class='ocrx_word' id='word_1_103' title='bbox 891 1222 1004 1255; x_wconf 89' lang='lat' dir='ltr'>eum</span> <span class='ocrx_word' id='word_1_104' title='bbox 1035 1206 1089 1257; x_wconf 82' lang='lat' dir='ltr'>P.</span> <span class='ocrx_word' id='word_1_105' title='bbox 1121 1206 1222 1255; x_wconf 78' lang='lat' dir='ltr'>Vn-</span> 
     </span>
     <span class='ocr_line' id='line_1_21' title="bbox 285 1277 1222 1341; baseline -0.004 -14"><span class='ocrx_word' id='word_1_106' title='bbox 285 1279 442 1327; x_wconf 80' lang='lat' dir='ltr'>tinius</span> <span class='ocrx_word' id='word_1_107' title='bbox 463 1277 754 1327; x_wconf 77' lang='lat' dir='ltr'>Ciceronem</span> <span class='ocrx_word' id='word_1_108' title='bbox 776 1277 1109 1341; x_wconf 80' lang='lat' dir='ltr'>oppugnavit,</span> <span class='ocrx_word' id='word_1_109' title='bbox 1132 1288 1222 1338; x_wconf 82' lang='lat' dir='ltr'>pro</span> 
     </span>
     <span class='ocr_line' id='line_1_22' title="bbox 286 1344 1218 1405; baseline -0.001 -8"><span class='ocrx_word' id='word_1_110' title='bbox 286 1347 420 1399; x_wconf 84' lang='lat' dir='ltr'>Sest.</span> <span class='ocrx_word' id='word_1_111' title='bbox 443 1345 541 1405; x_wconf 83' lang='lat'>63,</span> <span class='ocrx_word' id='word_1_112' title='bbox 575 1344 694 1396; x_wconf 84' lang='lat'>132.</span> <span class='ocrx_word' id='word_1_113' title='bbox 729 1347 779 1395; x_wconf 90' lang='lat' dir='ltr'>in</span> <span class='ocrx_word' id='word_1_114' title='bbox 809 1347 984 1396; x_wconf 85' lang='lat' dir='ltr'>Vatin.</span> <span class='ocrx_word' id='word_1_115' title='bbox 1007 1345 1099 1403; x_wconf 91' lang='grc'>10,</span> <span class='ocrx_word' id='word_1_116' title='bbox 1135 1344 1218 1396; x_wconf 90' lang='grc'>24.</span> 
     </span>
     <span class='ocr_line' id='line_1_23' title="bbox 285 1413 1225 1479; baseline -0.003 -15"><span class='ocrx_word' id='word_1_117' title='bbox 285 1444 350 1452; x_wconf 90' lang='lat'>-</span> <span class='ocrx_word' id='word_1_118' title='bbox 382 1416 581 1465; x_wconf 88' lang='lat' dir='ltr'>Vettius</span> <span class='ocrx_word' id='word_1_119' title='bbox 616 1413 821 1464; x_wconf 77' lang='lat' dir='ltr'>Caesari</span> <span class='ocrx_word' id='word_1_120' title='bbox 853 1414 1112 1479; x_wconf 80' lang='lat' dir='ltr'>pollicitus</span> <span class='ocrx_word' id='word_1_121' title='bbox 1147 1419 1225 1462; x_wconf 85' lang='lat' dir='ltr'>est</span> 
     </span>
     <span class='ocr_line' id='line_1_24' title="bbox 285 1483 1221 1545; baseline -0.006 -10"><span class='ocrx_word' id='word_1_122' title='bbox 285 1499 399 1535; x_wconf 84' lang='lat' dir='ltr'>sese</span> <span class='ocrx_word' id='word_1_123' title='bbox 437 1490 753 1545; x_wconf 87' lang='lat' dir='ltr'>curaturum,</span> <span class='ocrx_word' id='word_1_124' title='bbox 803 1490 860 1532; x_wconf 86' lang='lat' dir='ltr'>ut</span> <span class='ocrx_word' id='word_1_125' title='bbox 911 1485 962 1532; x_wconf 88' lang='lat' dir='ltr'>in</span> <span class='ocrx_word' id='word_1_126' title='bbox 998 1483 1221 1544; x_wconf 87' lang='lat' dir='ltr'>aliquam</span> 
     </span>
     <span class='ocr_line' id='line_1_25' title="bbox 283 1550 1224 1622; baseline -0.005 -19"><span class='ocrx_word' id='word_1_127' title='bbox 283 1552 630 1619; x_wconf 84' lang='lat' dir='ltr'>suspicionem</span> <span class='ocrx_word' id='word_1_128' title='bbox 652 1552 895 1603; x_wconf 81' lang='lat' dir='ltr'>facinoris</span> <span class='ocrx_word' id='word_1_129' title='bbox 916 1550 1064 1622; x_wconf 82' lang='lat' dir='ltr'>Curio</span> <span class='ocrx_word' id='word_1_130' title='bbox 1089 1550 1224 1599; x_wconf 85' lang='lat' dir='ltr'>filius</span> 
     </span>
     <span class='ocr_line' id='line_1_26' title="bbox 285 1620 1117 1685; baseline -0.004 -14"><span class='ocrx_word' id='word_1_131' title='bbox 285 1623 649 1678; x_wconf 82' lang='lat' dir='ltr'>adduceretur,</span> <span class='ocrx_word' id='word_1_132' title='bbox 674 1622 738 1671; x_wconf 87' lang='lat' dir='ltr'>ad</span> <span class='ocrx_word' id='word_1_133' title='bbox 760 1622 864 1670; x_wconf 85' lang='lat' dir='ltr'>Att.</span> <span class='ocrx_word' id='word_1_134' title='bbox 887 1621 936 1685; x_wconf 85' lang='lat'>2,</span> <span class='ocrx_word' id='word_1_135' title='bbox 961 1622 1044 1682; x_wconf 83' lang='lat'>24,</span> <span class='ocrx_word' id='word_1_136' title='bbox 1067 1620 1117 1669; x_wconf 91' lang='grc'>2.</span> 
     </span>
    </p>
   </div>
   <div class='ocr_carea' id='block_1_9' title="bbox 213 1700 1225 1834">
    <p class='ocr_par' dir='ltr' id='par_1_14' title="bbox 213 1700 1225 1834">
     <span class='ocr_line' id='line_1_27' title="bbox 213 1700 1225 1768; baseline -0.005 -10"><span class='ocrx_word' id='word_1_137' title='bbox 213 1706 277 1758; x_wconf 85' lang='grc' dir='ltr'>Ρ.</span> <span class='ocrx_word' id='word_1_138' title='bbox 310 1700 554 1767; x_wconf 74' lang='lat' dir='ltr'>vettius,</span> <span class='ocrx_word' id='word_1_139' title='bbox 589 1714 827 1767; x_wconf 81' lang='lat' dir='ltr'>quaestor</span> <span class='ocrx_word' id='word_1_140' title='bbox 858 1704 912 1757; x_wconf 91' lang='lat' dir='ltr'>C.</span> <span class='ocrx_word' id='word_1_141' title='bbox 935 1706 1138 1768; x_wconf 86' lang='lat' dir='ltr'>Verris,</span> <span class='ocrx_word' id='word_1_142' title='bbox 1173 1706 1225 1753; x_wconf 87' lang='lat' dir='ltr'>in</span> 
     </span>
     <span class='ocr_line' id='line_1_28' title="bbox 284 1772 1222 1834; baseline -0.003 -10"><span class='ocrx_word' id='word_1_143' title='bbox 284 1774 486 1834; x_wconf 82' lang='lat' dir='ltr'>Sicilia,</span> <span class='ocrx_word' id='word_1_144' title='bbox 511 1776 656 1823; x_wconf 80' lang='lat' dir='ltr'>Verr.</span> <span class='ocrx_word' id='word_1_145' title='bbox 684 1781 904 1824; x_wconf 82' lang='lat' dir='ltr'>accusat.</span> <span class='ocrx_word' id='word_1_146' title='bbox 925 1775 976 1833; x_wconf 87' lang='lat'>5,</span> <span class='ocrx_word' id='word_1_147' title='bbox 996 1776 1082 1832; x_wconf 88' lang='grc'>44,</span> <span class='ocrx_word' id='word_1_148' title='bbox 1105 1772 1222 1823; x_wconf 89' lang='grc'><strong>114.</strong></span> 
     </span>
    </p>
   </div>
   <div class='ocr_carea' id='block_1_10' title="bbox 211 1854 1221 2747">
    <p class='ocr_par' dir='ltr' id='par_1_15' title="bbox 213 1854 1221 2057">
     <span class='ocr_line' id='line_1_29' title="bbox 213 1854 1221 1919; baseline -0.004 -10"><span class='ocrx_word' id='word_1_149' title='bbox 213 1856 341 1910; x_wconf 83' lang='lat' dir='ltr'>Sex.</span> <span class='ocrx_word' id='word_1_150' title='bbox 368 1854 616 1919; x_wconf 79' lang='lat' dir='ltr'>Vettius,</span> <span class='ocrx_word' id='word_1_151' title='bbox 643 1857 798 1906; x_wconf 83' lang='lat' dir='ltr'>Attici</span> <span class='ocrx_word' id='word_1_152' title='bbox 817 1857 1039 1917; x_wconf 87' lang='lat' dir='ltr'>amicus,</span> <span class='ocrx_word' id='word_1_153' title='bbox 1073 1855 1221 1907; x_wconf 86' lang='lat' dir='ltr'>cohe-</span> 
     </span>
     <span class='ocr_line' id='line_1_30' title="bbox 280 1925 1218 1989; baseline -0.002 -13"><span class='ocrx_word' id='word_1_154' title='bbox 280 1943 362 1978; x_wconf 85' lang='lat' dir='ltr'>res</span> <span class='ocrx_word' id='word_1_155' title='bbox 383 1927 640 1978; x_wconf 83' lang='lat' dir='ltr'>Ciceronis</span> <span class='ocrx_word' id='word_1_156' title='bbox 660 1943 705 1976; x_wconf 88' lang='lat' dir='ltr'>a.</span> <span class='ocrx_word' id='word_1_157' title='bbox 730 1943 778 1980; x_wconf 96' lang='grc' dir='ltr'>ιι.</span> <span class='ocrx_word' id='word_1_158' title='bbox 802 1943 846 1976; x_wconf 90' lang='lat' dir='ltr'>c.</span> <span class='ocrx_word' id='word_1_159' title='bbox 867 1925 1008 1989; x_wconf 64' lang='lat'><strong>709„</strong></span> <span class='ocrx_word' id='word_1_160' title='bbox 1031 1926 1097 1975; x_wconf 85' lang='lat' dir='ltr'>ad</span> <span class='ocrx_word' id='word_1_161' title='bbox 1116 1925 1218 1976; x_wconf 73' lang='lat' dir='ltr'>Aa.</span> 
     </span>
     <span class='ocr_line' id='line_1_31' title="bbox 283 1995 549 2057; baseline 0 -10"><span class='ocrx_word' id='word_1_162' title='bbox 283 1995 367 2054; x_wconf 90' lang='grc'>13,</span> <span class='ocrx_word' id='word_1_163' title='bbox 395 1997 474 2057; x_wconf 90' lang='grc'>12,</span> <span class='ocrx_word' id='word_1_164' title='bbox 497 1997 549 2047; x_wconf 89' lang='grc'>4.</span> 
     </span>
    </p>

    <p class='ocr_par' dir='ltr' id='par_1_16' title="bbox 223 2060 1221 2188">
     <span class='ocr_line' id='line_1_32' title="bbox 223 2060 1221 2128; baseline -0.004 -13"><span class='ocrx_word' id='word_1_165' title='bbox 223 2060 284 2115; x_wconf 72' lang='grc' dir='ltr'>Γ.</span> <span class='ocrx_word' id='word_1_166' title='bbox 306 2062 528 2114; x_wconf 85' lang='lat' dir='ltr'>Vettius</span> <span class='ocrx_word' id='word_1_167' title='bbox 543 2100 558 2127; x_wconf 93' lang='lat'>,</span> <span class='ocrx_word' id='word_1_168' title='bbox 581 2064 736 2113; x_wconf 84' lang='lat' dir='ltr'>iudex</span> <span class='ocrx_word' id='word_1_169' title='bbox 756 2065 1069 2124; x_wconf 86' lang='lat' dir='ltr'>quaestionis</span> <span class='ocrx_word' id='word_1_170' title='bbox 1083 2099 1098 2124; x_wconf 90' lang='lat'>,</span> <span class='ocrx_word' id='word_1_171' title='bbox 1126 2078 1221 2128; x_wconf 87' lang='lat' dir='ltr'>pro</span> 
     </span>
     <span class='ocr_line' id='line_1_33' title="bbox 281 2131 675 2188; baseline 0.003 -6"><span class='ocrx_word' id='word_1_172' title='bbox 281 2133 460 2182; x_wconf 82' lang='lat' dir='ltr'>Flacco</span> <span class='ocrx_word' id='word_1_173' title='bbox 483 2131 569 2188; x_wconf 88' lang='grc'>34,</span> <span class='ocrx_word' id='word_1_174' title='bbox 589 2131 675 2183; x_wconf 84' lang='grc'>85.</span> 
     </span>
    </p>

    <p class='ocr_par' dir='ltr' id='par_1_17' title="bbox 211 2197 1221 2674">
     <span class='ocr_line' id='line_1_34' title="bbox 211 2197 1220 2264; baseline -0.002 -13"><span class='ocrx_word' id='word_1_175' title='bbox 211 2199 278 2252; x_wconf 85' lang='grc' dir='ltr'>Ρ.</span> <span class='ocrx_word' id='word_1_176' title='bbox 320 2197 536 2249; x_wconf 81' lang='lat' dir='ltr'>Vettius</span> <span class='ocrx_word' id='word_1_177' title='bbox 577 2197 700 2248; x_wconf 85' lang='lat' dir='ltr'>Cilo</span> <span class='ocrx_word' id='word_1_178' title='bbox 717 2235 732 2258; x_wconf 90' lang='lat'>,</span> <span class='ocrx_word' id='word_1_179' title='bbox 773 2215 926 2264; x_wconf 87' lang='lat' dir='ltr'>eques</span> <span class='ocrx_word' id='word_1_180' title='bbox 961 2199 1220 2250; x_wconf 88' lang='lat' dir='ltr'>Romanus</span> 
     </span>
     <span class='ocr_line' id='line_1_35' title="bbox 281 2269 1220 2331; baseline 0.001 -14"><span class='ocrx_word' id='word_1_181' title='bbox 281 2269 672 2320; x_wconf 85' lang='lat' dir='ltr'>honestissimus</span> <span class='ocrx_word' id='word_1_182' title='bbox 735 2275 886 2331; x_wconf 88' lang='lat' dir='ltr'>atque</span> <span class='ocrx_word' id='word_1_183' title='bbox 952 2271 1220 2318; x_wconf 87' lang='lat' dir='ltr'>ornatissi-</span> 
     </span>
     <span class='ocr_line' id='line_1_36' title="bbox 281 2337 1221 2404; baseline -0.002 -15"><span class='ocrx_word' id='word_1_184' title='bbox 281 2353 425 2399; x_wconf 82' lang='lat' dir='ltr'>mus,</span> <span class='ocrx_word' id='word_1_185' title='bbox 453 2337 700 2404; x_wconf 86' lang='lat' dir='ltr'>magister</span> <span class='ocrx_word' id='word_1_186' title='bbox 726 2339 1005 2403; x_wconf 82' lang='lat' dir='ltr'>scripturae</span> <span class='ocrx_word' id='word_1_187' title='bbox 1045 2346 1094 2388; x_wconf 87' lang='lat' dir='ltr'>et</span> <span class='ocrx_word' id='word_1_188' title='bbox 1129 2351 1221 2388; x_wconf 83' lang='lat' dir='ltr'>sex</span> 
     </span>
     <span class='ocr_line' id='line_1_37' title="bbox 279 2405 1218 2472; baseline -0.002 -15"><span class='ocrx_word' id='word_1_189' title='bbox 279 2408 625 2472; x_wconf 86' lang='lat' dir='ltr'>publicorum,</span> <span class='ocrx_word' id='word_1_190' title='bbox 649 2407 796 2456; x_wconf 84' lang='lat' dir='ltr'>testis</span> <span class='ocrx_word' id='word_1_191' title='bbox 829 2409 880 2456; x_wconf 89' lang='lat' dir='ltr'>in</span> <span class='ocrx_word' id='word_1_192' title='bbox 913 2405 966 2456; x_wconf 84' lang='lat' dir='ltr'>G.</span> <span class='ocrx_word' id='word_1_193' title='bbox 987 2407 1218 2467; x_wconf 82' lang='lat' dir='ltr'>Verrem,</span> 
     </span>
     <span class='ocr_line' id='line_1_38' title="bbox 280 2474 1221 2540; baseline -0.002 -14"><span class='ocrx_word' id='word_1_194' title='bbox 280 2478 425 2527; x_wconf 88' lang='lat' dir='ltr'>Verr.</span> <span class='ocrx_word' id='word_1_195' title='bbox 439 2483 664 2529; x_wconf 78' lang='lat' dir='ltr'>accusat.</span> <span class='ocrx_word' id='word_1_196' title='bbox 685 2474 738 2538; x_wconf 86' lang='lat'>3,</span> <span class='ocrx_word' id='word_1_197' title='bbox 756 2477 841 2540; x_wconf 84' lang='lat'>71,</span> <span class='ocrx_word' id='word_1_198' title='bbox 865 2475 981 2528; x_wconf 87' lang='grc'><strong>166.</strong></span> <span class='ocrx_word' id='word_1_199' title='bbox 996 2477 1221 2526; x_wconf 87' lang='lat' dir='ltr'>-Ami-</span> 
     </span>
     <span class='ocr_line' id='line_1_39' title="bbox 282 2545 1216 2604; baseline -0.002 -10"><span class='ocrx_word' id='word_1_200' title='bbox 282 2561 372 2594; x_wconf 89' lang='lat' dir='ltr'>cus</span> <span class='ocrx_word' id='word_1_201' title='bbox 399 2546 575 2594; x_wconf 86' lang='lat' dir='ltr'>Verris</span> <span class='ocrx_word' id='word_1_202' title='bbox 614 2553 662 2593; x_wconf 91' lang='lat' dir='ltr'>et</span> <span class='ocrx_word' id='word_1_203' title='bbox 703 2545 813 2594; x_wconf 88' lang='lat' dir='ltr'>eius</span> <span class='ocrx_word' id='word_1_204' title='bbox 841 2547 1014 2594; x_wconf 85' lang='lat' dir='ltr'>uxoris</span> <span class='ocrx_word' id='word_1_205' title='bbox 1047 2545 1216 2604; x_wconf 76' lang='lat' dir='ltr'>frater,</span> 
     </span>
     <span class='ocr_line' id='line_1_40' title="bbox 283 2613 676 2674; baseline 0.008 -12"><span class='ocrx_word' id='word_1_206' title='bbox 283 2615 359 2666; x_wconf 89' lang='lat' dir='ltr'>lb.</span> <span class='ocrx_word' id='word_1_207' title='bbox 379 2613 429 2674; x_wconf 84' lang='lat'>3,</span> <span class='ocrx_word' id='word_1_208' title='bbox 452 2616 535 2668; x_wconf 88' lang='grc'>71,</span> <span class='ocrx_word' id='word_1_209' title='bbox 557 2614 676 2665; x_wconf 89' lang='grc'><strong>168.</strong></span> 
     </span>
    </p>

    <p class='ocr_par' dir='ltr' id='par_1_18' title="bbox 213 2677 1217 2747">
     <span class='ocr_line' id='line_1_41' title="bbox 213 2677 1217 2747; baseline 0.001 -19"><span class='ocrx_word' id='word_1_210' title='bbox 213 2678 430 2730; x_wconf 81' lang='lat' dir='ltr'>Vettius</span> <span class='ocrx_word' id='word_1_211' title='bbox 474 2677 824 2747; x_wconf 78' lang='lat' dir='ltr'>Chrysippus</span> <span class='ocrx_word' id='word_1_212' title='bbox 840 2717 855 2744; x_wconf 92' lang='lat'>,</span> <span class='ocrx_word' id='word_1_213' title='bbox 893 2680 1009 2746; x_wconf 74' lang='lat' dir='ltr'>Cyri</span> <span class='ocrx_word' id='word_1_214' title='bbox 1056 2681 1217 2730; x_wconf 88' lang='lat' dir='ltr'>archi-</span> 
     </span>
    </p>
   </div>
   <div class='ocr_carea' id='block_1_11' title="bbox 277 2749 1259 2812">
    <p class='ocr_par' dir='ltr' id='par_1_19' title="bbox 277 2749 1259 2812">
     <span class='ocr_line' id='line_1_42' title="bbox 277 2749 1259 2812; baseline 0 -15"><span class='ocrx_word' id='word_1_215' title='bbox 277 2750 401 2797; x_wconf 80' lang='lat' dir='ltr'>tecti</span> <span class='ocrx_word' id='word_1_216' title='bbox 429 2749 667 2808; x_wconf 86' lang='lat' dir='ltr'>libertus‚</span> <span class='ocrx_word' id='word_1_217' title='bbox 689 2750 802 2812; x_wconf 89' lang='lat' dir='ltr'>ipse</span> <span class='ocrx_word' id='word_1_218' title='bbox 827 2765 1029 2811; x_wconf 88' lang='lat' dir='ltr'>quoque</span> <span class='ocrx_word' id='word_1_219' title='bbox 1055 2749 1217 2798; x_wconf 89' lang='lat' dir='ltr'>archi·</span> <span class='ocrx_word' id='word_1_220' title='bbox 1253 2751 1259 2758; x_wconf 84' lang='lat'>&#39;</span> 
     </span>
    </p>
   </div>
   <div class='ocr_carea' id='block_1_12' title="bbox 209 2816 1217 3236">
    <p class='ocr_par' dir='ltr' id='par_1_20' title="bbox 277 2816 1217 3090">
     <span class='ocr_line' id='line_1_43' title="bbox 279 2816 1212 2880; baseline 0.001 -16"><span class='ocrx_word' id='word_1_221' title='bbox 279 2823 466 2878; x_wconf 81' lang='lat' dir='ltr'>tectus,</span> <span class='ocrx_word' id='word_1_222' title='bbox 499 2817 564 2866; x_wconf 86' lang='lat' dir='ltr'>ad</span> <span class='ocrx_word' id='word_1_223' title='bbox 584 2816 701 2864; x_wconf 76' lang='lat' dir='ltr'>fam.</span> <span class='ocrx_word' id='word_1_224' title='bbox 724 2819 784 2876; x_wconf 90' lang='lat'>7,</span> <span class='ocrx_word' id='word_1_225' title='bbox 819 2816 910 2880; x_wconf 89' lang='lat'>14,</span> <span class='ocrx_word' id='word_1_226' title='bbox 935 2817 982 2867; x_wconf 91' lang='lat'>1.</span> <span class='ocrx_word' id='word_1_227' title='bbox 1024 2819 1088 2866; x_wconf 87' lang='lat' dir='ltr'>ad</span> <span class='ocrx_word' id='word_1_228' title='bbox 1108 2818 1212 2867; x_wconf 84' lang='lat' dir='ltr'>Att.</span> 
     </span>
     <span class='ocr_line' id='line_1_44' title="bbox 281 2883 1217 2948; baseline -0.002 -11"><span class='ocrx_word' id='word_1_229' title='bbox 281 2886 362 2944; x_wconf 85' lang='grc'>13,</span> <span class='ocrx_word' id='word_1_230' title='bbox 382 2885 476 2948; x_wconf 83' lang='grc'>29,</span> <span class='ocrx_word' id='word_1_231' title='bbox 497 2887 548 2936; x_wconf 88' lang='grc'>2.</span> <span class='ocrx_word' id='word_1_232' title='bbox 581 2885 657 2936; x_wconf 89' lang='lat' dir='ltr'>lb.</span> <span class='ocrx_word' id='word_1_233' title='bbox 681 2883 774 2944; x_wconf 89' lang='grc'><strong>14,</strong></span> <span class='ocrx_word' id='word_1_234' title='bbox 794 2883 846 2943; x_wconf 88' lang='grc'><strong>9,</strong></span> <span class='ocrx_word' id='word_1_235' title='bbox 868 2885 916 2935; x_wconf 94' lang='grc'>1.</span> <span class='ocrx_word' id='word_1_236' title='bbox 948 2886 1088 2936; x_wconf 88' lang='lat' dir='ltr'>ldem</span> <span class='ocrx_word' id='word_1_237' title='bbox 1113 2885 1217 2938; x_wconf 78' lang='lat' dir='ltr'>for-</span> 
     </span>
     <span class='ocr_line' id='line_1_45' title="bbox 277 2951 1217 3020; baseline 0 -16"><span class='ocrx_word' id='word_1_238' title='bbox 277 2965 416 3006; x_wconf 87' lang='lat' dir='ltr'>tasse</span> <span class='ocrx_word' id='word_1_239' title='bbox 434 2958 520 3020; x_wconf 87' lang='lat' dir='ltr'>qui</span> <span class='ocrx_word' id='word_1_240' title='bbox 548 2951 712 3016; x_wconf 77' lang='lat' dir='ltr'>ib.&#39;2,</span> <span class='ocrx_word' id='word_1_241' title='bbox 745 2954 806 3015; x_wconf 88' lang='grc'><strong>4,</strong></span> <span class='ocrx_word' id='word_1_242' title='bbox 837 2956 887 3006; x_wconf 89' lang='grc'><strong>7.</strong></span> <span class='ocrx_word' id='word_1_243' title='bbox 920 2954 1217 3020; x_wconf 84' lang='lat' dir='ltr'>simpliciter</span> 
     </span>
     <span class='ocr_line' id='line_1_46' title="bbox 277 3025 790 3090; baseline -0.002 -18"><span class='ocrx_word' id='word_1_244' title='bbox 277 3026 559 3090; x_wconf 84' lang='lat' dir='ltr'>appellatur</span> <span class='ocrx_word' id='word_1_245' title='bbox 577 3025 790 3075; x_wconf 86' lang='lat' dir='ltr'>Vettius.</span> 
     </span>
    </p>

    <p class='ocr_par' dir='ltr' id='par_1_21' title="bbox 209 3104 1216 3236">
     <span class='ocr_line' id='line_1_47' title="bbox 209 3104 1215 3170; baseline 0.001 -13"><span class='ocrx_word' id='word_1_246' title='bbox 209 3105 273 3157; x_wconf 84' lang='lat' dir='ltr'>P.</span> <span class='ocrx_word' id='word_1_247' title='bbox 307 3104 526 3157; x_wconf 85' lang='lat' dir='ltr'>Vettius</span> <span class='ocrx_word' id='word_1_248' title='bbox 563 3105 759 3170; x_wconf 83' lang='lat' dir='ltr'>Scato,</span> <span class='ocrx_word' id='word_1_249' title='bbox 799 3107 901 3156; x_wconf 82' lang='lat' dir='ltr'>dux</span> <span class='ocrx_word' id='word_1_250' title='bbox 935 3106 1215 3158; x_wconf 85' lang='lat' dir='ltr'>Marsorum</span> 
     </span>
     <span class='ocr_line' id='line_1_48' title="bbox 278 3173 1216 3236; baseline 0.002 -12"><span class='ocrx_word' id='word_1_251' title='bbox 278 3178 332 3225; x_wconf 89' lang='lat' dir='ltr'>in</span> <span class='ocrx_word' id='word_1_252' title='bbox 348 3176 482 3226; x_wconf 90' lang='lat' dir='ltr'>bello</span> <span class='ocrx_word' id='word_1_253' title='bbox 501 3173 698 3236; x_wconf 87' lang='lat' dir='ltr'>sociali,</span> <span class='ocrx_word' id='word_1_254' title='bbox 720 3189 768 3228; x_wconf 83' lang='lat' dir='ltr'>a.</span> <span class='ocrx_word' id='word_1_255' title='bbox 789 3189 842 3227; x_wconf 87' lang='lat' dir='ltr'>u.</span> <span class='ocrx_word' id='word_1_256' title='bbox 867 3191 911 3230; x_wconf 90' lang='lat' dir='ltr'>c.</span> <span class='ocrx_word' id='word_1_257' title='bbox 934 3175 1051 3228; x_wconf 85' lang='grc'><strong>665.</strong></span> <span class='ocrx_word' id='word_1_258' title='bbox 1091 3177 1216 3228; x_wconf 85' lang='lat' dir='ltr'>Cum</span> 
     </span>
    </p>
   </div>
   <div class='ocr_carea' id='block_1_13' title="bbox 280 3243 1216 3378">
    <p class='ocr_par' dir='ltr' id='par_1_22' title="bbox 280 3243 1216 3378">
     <span class='ocr_line' id='line_1_49' title="bbox 281 3243 1216 3309; baseline 0.001 -14"><span class='ocrx_word' id='word_1_259' title='bbox 281 3261 340 3295; x_wconf 85' lang='lat' dir='ltr'>co</span> <span class='ocrx_word' id='word_1_260' title='bbox 362 3243 452 3294; x_wconf 87' lang='lat' dir='ltr'>Cn.</span> <span class='ocrx_word' id='word_1_261' title='bbox 473 3245 742 3309; x_wconf 87' lang='lat' dir='ltr'>Pompeius</span> <span class='ocrx_word' id='word_1_262' title='bbox 760 3244 1068 3308; x_wconf 88' lang='lat' dir='ltr'>colloquium</span> <span class='ocrx_word' id='word_1_263' title='bbox 1087 3247 1216 3296; x_wconf 87' lang='lat' dir='ltr'>inter</span> 
     </span>
     <span class='ocr_line' id='line_1_50' title="bbox 280 3312 1209 3378; baseline 0.003 -18"><span class='ocrx_word' id='word_1_264' title='bbox 280 3320 444 3362; x_wconf 87' lang='lat' dir='ltr'>castra</span> <span class='ocrx_word' id='word_1_265' title='bbox 458 3313 635 3372; x_wconf 87' lang='lat' dir='ltr'>habet,</span> <span class='ocrx_word' id='word_1_266' title='bbox 660 3312 882 3377; x_wconf 85' lang='lat' dir='ltr'>Philipp.</span> <span class='ocrx_word' id='word_1_267' title='bbox 908 3314 989 3373; x_wconf 83' lang='lat'>12,</span> <span class='ocrx_word' id='word_1_268' title='bbox 1017 3315 1098 3378; x_wconf 89' lang='lat'>11,</span> <span class='ocrx_word' id='word_1_269' title='bbox 1126 3317 1209 3367; x_wconf 83' lang='lat'>27.</span> 
     </span>
    </p>
   </div>
   <div class='ocr_carea' id='block_1_14' title="bbox 209 3392 1209 3458">
    <p class='ocr_par' dir='ltr' id='par_1_23' title="bbox 209 3392 1209 3458">
     <span class='ocr_line' id='line_1_51' title="bbox 209 3392 1209 3458; baseline 0.006 -15"><span class='ocrx_word' id='word_1_270' title='bbox 209 3395 278 3458; x_wconf 74' lang='lat' dir='ltr'>Q.</span> <span class='ocrx_word' id='word_1_271' title='bbox 304 3392 519 3446; x_wconf 81' lang='lat' dir='ltr'>Vettius</span> <span class='ocrx_word' id='word_1_272' title='bbox 545 3392 832 3446; x_wconf 78' lang='lat' dir='ltr'>Vettianus</span> <span class='ocrx_word' id='word_1_273' title='bbox 854 3411 881 3444; x_wconf 87' lang='lat' dir='ltr'>e</span> <span class='ocrx_word' id='word_1_274' title='bbox 899 3396 1078 3447; x_wconf 88' lang='lat' dir='ltr'>Marsis</span> <span class='ocrx_word' id='word_1_275' title='bbox 1091 3435 1104 3458; x_wconf 92' lang='lat'>,</span> <span class='ocrx_word' id='word_1_276' title='bbox 1125 3415 1209 3449; x_wconf 85' lang='lat' dir='ltr'>ae-</span> 
     </span>
    </p>
   </div>
   <div class='ocr_carea' id='block_1_15' title="bbox 1291 586 2310 3466">
    <p class='ocr_par' dir='ltr' id='par_1_24' title="bbox 1368 586 2310 923">
     <span class='ocr_line' id='line_1_52' title="bbox 1371 586 2307 649; baseline 0.004 -13"><span class='ocrx_word' id='word_1_277' title='bbox 1371 589 1505 637; x_wconf 87' lang='lat' dir='ltr'>mins</span> <span class='ocrx_word' id='word_1_278' title='bbox 1531 586 1781 649; x_wconf 87' lang='lat' dir='ltr'>Albinus,</span> <span class='ocrx_word' id='word_1_279' title='bbox 1808 602 1940 637; x_wconf 82' lang='lat' dir='ltr'>coss.</span> <span class='ocrx_word' id='word_1_280' title='bbox 1974 588 2157 637; x_wconf 87' lang='lat' dir='ltr'>iterum</span> <span class='ocrx_word' id='word_1_281' title='bbox 2188 602 2235 637; x_wconf 84' lang='lat' dir='ltr'>a.</span> <span class='ocrx_word' id='word_1_282' title='bbox 2257 604 2307 640; x_wconf 90' lang='lat' dir='ltr'>u.</span> 
     </span>
     <span class='ocr_line' id='line_1_53' title="bbox 1370 654 2310 721; baseline 0 -16"><span class='ocrx_word' id='word_1_283' title='bbox 1370 672 1415 705; x_wconf 89' lang='lat' dir='ltr'>c.</span> <span class='ocrx_word' id='word_1_284' title='bbox 1438 654 1558 707; x_wconf 84' lang='lat'><strong>433.</strong></span> <span class='ocrx_word' id='word_1_285' title='bbox 1602 654 1824 705; x_wconf 87' lang='lat' dir='ltr'>Caudino</span> <span class='ocrx_word' id='word_1_286' title='bbox 1845 655 2040 721; x_wconf 84' lang='lat' dir='ltr'>proelio</span> <span class='ocrx_word' id='word_1_287' title='bbox 2060 672 2090 703; x_wconf 82' lang='lat' dir='ltr'>a</span> <span class='ocrx_word' id='word_1_288' title='bbox 2112 655 2166 710; x_wconf 88' lang='lat' dir='ltr'>C.</span> <span class='ocrx_word' id='word_1_289' title='bbox 2186 656 2310 705; x_wconf 91' lang='lat' dir='ltr'>Pon-</span> 
     </span>
     <span class='ocr_line' id='line_1_54' title="bbox 1368 722 2310 787; baseline -0.001 -13"><span class='ocrx_word' id='word_1_290' title='bbox 1368 727 1439 774; x_wconf 88' lang='lat' dir='ltr'>tio</span> <span class='ocrx_word' id='word_1_291' title='bbox 1474 724 1741 787; x_wconf 85' lang='lat' dir='ltr'>Telesino,</span> <span class='ocrx_word' id='word_1_292' title='bbox 1780 726 2016 775; x_wconf 86' lang='lat' dir='ltr'>Herennii</span> <span class='ocrx_word' id='word_1_293' title='bbox 2056 724 2191 785; x_wconf 86' lang='lat' dir='ltr'>filio,</span> <span class='ocrx_word' id='word_1_294' title='bbox 2222 722 2310 773; x_wconf 88' lang='lat' dir='ltr'>Sa-</span> 
     </span>
     <span class='ocr_line' id='line_1_55' title="bbox 1368 793 2303 859; baseline -0.004 -16"><span class='ocrx_word' id='word_1_295' title='bbox 1368 794 1525 859; x_wconf 84' lang='lat' dir='ltr'>mnite</span> <span class='ocrx_word' id='word_1_296' title='bbox 1542 795 1791 858; x_wconf 86' lang='lat' dir='ltr'>superati,</span> <span class='ocrx_word' id='word_1_297' title='bbox 1813 793 1877 844; x_wconf 88' lang='lat' dir='ltr'>de</span> <span class='ocrx_word' id='word_1_298' title='bbox 1894 808 2004 846; x_wconf 90' lang='lat' dir='ltr'>sen.</span> <span class='ocrx_word' id='word_1_299' title='bbox 2029 793 2115 853; x_wconf 86' lang='lat'>12,</span> <span class='ocrx_word' id='word_1_300' title='bbox 2134 793 2220 843; x_wconf 84' lang='lat'>41.</span> <span class='ocrx_word' id='word_1_301' title='bbox 2246 793 2303 841; x_wconf 91' lang='lat' dir='ltr'>cl.</span> 
     </span>
     <span class='ocr_line' id='line_1_56' title="bbox 1368 862 1868 923; baseline -0.004 -10"><span class='ocrx_word' id='word_1_302' title='bbox 1368 864 1433 913; x_wconf 87' lang='lat' dir='ltr'>de</span> <span class='ocrx_word' id='word_1_303' title='bbox 1456 862 1544 911; x_wconf 84' lang='lat' dir='ltr'>off.</span> <span class='ocrx_word' id='word_1_304' title='bbox 1568 863 1617 923; x_wconf 88' lang='grc'><strong>3,</strong></span> <span class='ocrx_word' id='word_1_305' title='bbox 1643 863 1728 920; x_wconf 89' lang='grc'>30,</span> <span class='ocrx_word' id='word_1_306' title='bbox 1752 862 1868 913; x_wconf 83' lang='grc'><strong>109.</strong></span> 
     </span>
    </p>

    <p class='ocr_par' dir='ltr' id='par_1_25' title="bbox 1299 928 2305 1062">
     <span class='ocr_line' id='line_1_57' title="bbox 1299 928 2303 989; baseline 0 -7"><span class='ocrx_word' id='word_1_307' title='bbox 1299 931 1361 982; x_wconf 78' lang='lat' dir='ltr'>L.</span> <span class='ocrx_word' id='word_1_308' title='bbox 1398 929 1659 981; x_wconf 84' lang='lat' dir='ltr'>Veturius</span> <span class='ocrx_word' id='word_1_309' title='bbox 1690 928 1860 980; x_wconf 85' lang='lat' dir='ltr'>Philo</span> <span class='ocrx_word' id='word_1_310' title='bbox 1896 930 2071 980; x_wconf 84' lang='lat' dir='ltr'>consul</span> <span class='ocrx_word' id='word_1_311' title='bbox 2112 947 2221 979; x_wconf 88' lang='lat' dir='ltr'>cum</span> <span class='ocrx_word' id='word_1_312' title='bbox 2248 931 2303 989; x_wconf 87' lang='lat' dir='ltr'>Q.</span> 
     </span>
     <span class='ocr_line' id='line_1_58' title="bbox 1368 998 2305 1062; baseline 0.002 -15"><span class='ocrx_word' id='word_1_313' title='bbox 1368 999 1569 1049; x_wconf 88' lang='lat' dir='ltr'>Metello</span> <span class='ocrx_word' id='word_1_314' title='bbox 1588 1014 1634 1048; x_wconf 79' lang='lat' dir='ltr'>a.</span> <span class='ocrx_word' id='word_1_315' title='bbox 1660 1015 1709 1051; x_wconf 89' lang='lat' dir='ltr'>u.</span> <span class='ocrx_word' id='word_1_316' title='bbox 1733 1016 1777 1049; x_wconf 91' lang='lat' dir='ltr'>c.</span> <span class='ocrx_word' id='word_1_317' title='bbox 1803 1000 1942 1062; x_wconf 68' lang='lat'>548„</span> <span class='ocrx_word' id='word_1_318' title='bbox 1963 998 2108 1053; x_wconf 86' lang='lat' dir='ltr'>Brut.</span> <span class='ocrx_word' id='word_1_319' title='bbox 2125 1000 2206 1060; x_wconf 87' lang='lat'>14,</span> <span class='ocrx_word' id='word_1_320' title='bbox 2221 1000 2305 1050; x_wconf 83' lang='lat'>57.</span> 
     </span>
    </p>

    <p class='ocr_par' dir='ltr' id='par_1_26' title="bbox 1296 1064 2306 1405">
     <span class='ocr_line' id='line_1_59' title="bbox 1296 1064 2306 1120; baseline -0.002 -2"><span class='ocrx_word' id='word_1_321' title='bbox 1296 1067 1360 1118; x_wconf 75' lang='lat' dir='ltr'>L.</span> <span class='ocrx_word' id='word_1_322' title='bbox 1395 1064 1659 1118; x_wconf 81' lang='lat' dir='ltr'>Veturius</span> <span class='ocrx_word' id='word_1_323' title='bbox 1688 1065 1875 1118; x_wconf 88' lang='lat' dir='ltr'>Philo.</span> <span class='ocrx_word' id='word_1_324' title='bbox 1915 1095 1984 1106; x_wconf 89' lang='lat'>—-</span> <span class='ocrx_word' id='word_1_325' title='bbox 2013 1067 2073 1120; x_wconf 90' lang='lat' dir='ltr'>L.</span> <span class='ocrx_word' id='word_1_326' title='bbox 2112 1068 2306 1117; x_wconf 87' lang='lat' dir='ltr'>Philoni</span> 
     </span>
     <span class='ocr_line' id='line_1_60' title="bbox 1366 1135 2299 1199; baseline 0.001 -15"><span class='ocrx_word' id='word_1_327' title='bbox 1366 1138 1622 1199; x_wconf 86' lang='lat' dir='ltr'>quaestori</span> <span class='ocrx_word' id='word_1_328' title='bbox 1642 1138 1693 1185; x_wconf 91' lang='lat' dir='ltr'>in</span> <span class='ocrx_word' id='word_1_329' title='bbox 1715 1135 1767 1186; x_wconf 89' lang='lat' dir='ltr'>C.</span> <span class='ocrx_word' id='word_1_330' title='bbox 1791 1136 2062 1187; x_wconf 85' lang='lat' dir='ltr'>Servilium</span> <span class='ocrx_word' id='word_1_331' title='bbox 2083 1138 2299 1192; x_wconf 64' lang='lat' dir='ltr'>Vadam,</span> 
     </span>
     <span class='ocr_line' id='line_1_61' title="bbox 1368 1206 2305 1268; baseline 0.002 -16"><span class='ocrx_word' id='word_1_332' title='bbox 1368 1212 1650 1268; x_wconf 86' lang='lat' dir='ltr'>praetorem</span> <span class='ocrx_word' id='word_1_333' title='bbox 1704 1220 1850 1254; x_wconf 87' lang='lat' dir='ltr'>suum</span> <span class='ocrx_word' id='word_1_334' title='bbox 1896 1206 2121 1257; x_wconf 83' lang='lat' dir='ltr'>nominis</span> <span class='ocrx_word' id='word_1_335' title='bbox 2172 1206 2305 1255; x_wconf 86' lang='lat' dir='ltr'>defe-</span> 
     </span>
     <span class='ocr_line' id='line_1_62' title="bbox 1364 1274 2303 1338; baseline 0.004 -17"><span class='ocrx_word' id='word_1_336' title='bbox 1364 1274 1505 1322; x_wconf 87' lang='lat' dir='ltr'>rendi</span> <span class='ocrx_word' id='word_1_337' title='bbox 1529 1283 1756 1338; x_wconf 85' lang='lat' dir='ltr'>potestas</span> <span class='ocrx_word' id='word_1_338' title='bbox 1776 1288 1876 1323; x_wconf 89' lang='lat' dir='ltr'>non</span> <span class='ocrx_word' id='word_1_339' title='bbox 1896 1283 1974 1323; x_wconf 84' lang='lat' dir='ltr'>est</span> <span class='ocrx_word' id='word_1_340' title='bbox 1992 1276 2129 1337; x_wconf 86' lang='lat' dir='ltr'>data,</span> <span class='ocrx_word' id='word_1_341' title='bbox 2151 1275 2303 1325; x_wconf 87' lang='lat' dir='ltr'>divin.</span> 
     </span>
     <span class='ocr_line' id='line_1_63' title="bbox 1366 1342 1922 1405; baseline 0.005 -14"><span class='ocrx_word' id='word_1_342' title='bbox 1366 1344 1416 1391; x_wconf 89' lang='lat' dir='ltr'>in</span> <span class='ocrx_word' id='word_1_343' title='bbox 1438 1342 1495 1401; x_wconf 85' lang='lat' dir='ltr'>Q.</span> <span class='ocrx_word' id='word_1_344' title='bbox 1520 1343 1707 1393; x_wconf 86' lang='lat' dir='ltr'>Caecil.</span> <span class='ocrx_word' id='word_1_345' title='bbox 1734 1343 1817 1405; x_wconf 84' lang='lat'>19,</span> <span class='ocrx_word' id='word_1_346' title='bbox 1837 1342 1922 1393; x_wconf 87' lang='grc'>63.</span> 
     </span>
    </p>

    <p class='ocr_par' dir='ltr' id='par_1_27' title="bbox 1299 1408 2307 1684">
     <span class='ocr_line' id='line_1_64' title="bbox 1299 1408 2300 1477; baseline 0 -17"><span class='ocrx_word' id='word_1_347' title='bbox 1299 1409 1360 1460; x_wconf 84' lang='lat' dir='ltr'>C.</span> <span class='ocrx_word' id='word_1_348' title='bbox 1391 1408 1654 1462; x_wconf 77' lang='lat' dir='ltr'>Vibienus</span> <span class='ocrx_word' id='word_1_349' title='bbox 1669 1449 1684 1475; x_wconf 94' lang='lat'>‚</span> <span class='ocrx_word' id='word_1_350' title='bbox 1702 1422 1907 1461; x_wconf 84' lang='lat' dir='ltr'>senator</span> <span class='ocrx_word' id='word_1_351' title='bbox 1921 1446 1936 1471; x_wconf 89' lang='lat'>,</span> <span class='ocrx_word' id='word_1_352' title='bbox 1963 1414 2041 1461; x_wconf 84' lang='lat' dir='ltr'>vir</span> <span class='ocrx_word' id='word_1_353' title='bbox 2062 1413 2300 1477; x_wconf 74' lang='lat' dir='ltr'>optimuS,</span> 
     </span>
     <span class='ocr_line' id='line_1_65' title="bbox 1366 1480 2307 1533; baseline 0 -5"><span class='ocrx_word' id='word_1_354' title='bbox 1366 1481 1416 1528; x_wconf 89' lang='lat' dir='ltr'>in</span> <span class='ocrx_word' id='word_1_355' title='bbox 1448 1482 1597 1529; x_wconf 82' lang='lat' dir='ltr'>turba</span> <span class='ocrx_word' id='word_1_356' title='bbox 1623 1481 1872 1530; x_wconf 82' lang='lat' dir='ltr'>concitata</span> <span class='ocrx_word' id='word_1_357' title='bbox 1892 1495 1923 1529; x_wconf 86' lang='lat' dir='ltr'>a</span> <span class='ocrx_word' id='word_1_358' title='bbox 1942 1482 1997 1532; x_wconf 91' lang='lat' dir='ltr'>P.</span> <span class='ocrx_word' id='word_1_359' title='bbox 2022 1480 2187 1533; x_wconf 85' lang='lat' dir='ltr'>Clodii</span> <span class='ocrx_word' id='word_1_360' title='bbox 2206 1496 2307 1531; x_wconf 84' lang='lat' dir='ltr'>ser-</span> 
     </span>
     <span class='ocr_line' id='line_1_66' title="bbox 1366 1549 2303 1611; baseline 0 -14"><span class='ocrx_word' id='word_1_361' title='bbox 1366 1550 1477 1611; x_wconf 87' lang='lat' dir='ltr'>vis,</span> <span class='ocrx_word' id='word_1_362' title='bbox 1515 1550 1589 1599; x_wconf 84' lang='lat' dir='ltr'>ita</span> <span class='ocrx_word' id='word_1_363' title='bbox 1623 1558 1704 1601; x_wconf 75' lang='lat' dir='ltr'>est</span> <span class='ocrx_word' id='word_1_364' title='bbox 1736 1549 2016 1608; x_wconf 85' lang='lat' dir='ltr'>mulcatus,</span> <span class='ocrx_word' id='word_1_365' title='bbox 2057 1556 2113 1598; x_wconf 90' lang='lat' dir='ltr'>ut</span> <span class='ocrx_word' id='word_1_366' title='bbox 2151 1550 2303 1599; x_wconf 83' lang='lat' dir='ltr'>vitam</span> 
     </span>
     <span class='ocr_line' id='line_1_67' title="bbox 1365 1616 2076 1684; baseline -0.004 -16"><span class='ocrx_word' id='word_1_367' title='bbox 1365 1620 1618 1681; x_wconf 87' lang='lat' dir='ltr'>amiserit,</span> <span class='ocrx_word' id='word_1_368' title='bbox 1638 1633 1731 1684; x_wconf 88' lang='lat' dir='ltr'>pro</span> <span class='ocrx_word' id='word_1_369' title='bbox 1753 1617 1859 1666; x_wconf 89' lang='lat' dir='ltr'>Mil.</span> <span class='ocrx_word' id='word_1_370' title='bbox 1886 1617 1967 1679; x_wconf 87' lang='lat'>14,</span> <span class='ocrx_word' id='word_1_371' title='bbox 1990 1616 2076 1669; x_wconf 87' lang='lat'>37.</span> 
     </span>
    </p>

    <p class='ocr_par' dir='ltr' id='par_1_28' title="bbox 1296 1683 2307 1886">
     <span class='ocr_line' id='line_1_68' title="bbox 1296 1683 2307 1752; baseline -0.004 -15"><span class='ocrx_word' id='word_1_372' title='bbox 1296 1683 1510 1739; x_wconf 84' lang='lat' dir='ltr'>Vibius.</span> <span class='ocrx_word' id='word_1_373' title='bbox 1550 1686 1629 1735; x_wconf 84' lang='lat' dir='ltr'>Ab</span> <span class='ocrx_word' id='word_1_374' title='bbox 1653 1702 1712 1736; x_wconf 90' lang='lat' dir='ltr'>eo</span> <span class='ocrx_word' id='word_1_375' title='bbox 1735 1685 1909 1735; x_wconf 88' lang='lat' dir='ltr'>Cicero</span> <span class='ocrx_word' id='word_1_376' title='bbox 1932 1688 2130 1752; x_wconf 88' lang='lat' dir='ltr'>accepit</span> <span class='ocrx_word' id='word_1_377' title='bbox 2150 1684 2307 1737; x_wconf 84' lang='lat' dir='ltr'>libros</span> 
     </span>
     <span class='ocr_line' id='line_1_69' title="bbox 1365 1754 2303 1820; baseline -0.002 -15"><span class='ocrx_word' id='word_1_378' title='bbox 1365 1756 1641 1805; x_wconf 82' lang='lat' dir='ltr'>Alexandri</span> <span class='ocrx_word' id='word_1_379' title='bbox 1668 1754 1892 1819; x_wconf 76' lang='lat' dir='ltr'>Lychni,</span> <span class='ocrx_word' id='word_1_380' title='bbox 1920 1758 2105 1820; x_wconf 69' lang='lat' dir='ltr'>poetae</span> <span class='ocrx_word' id='word_1_381' title='bbox 2126 1756 2303 1819; x_wconf 85' lang='lat' dir='ltr'>inepti,</span> 
     </span>
     <span class='ocr_line' id='line_1_70' title="bbox 1366 1823 1805 1886; baseline 0 -14"><span class='ocrx_word' id='word_1_382' title='bbox 1366 1825 1429 1872; x_wconf 84' lang='lat' dir='ltr'>ad</span> <span class='ocrx_word' id='word_1_383' title='bbox 1451 1824 1552 1873; x_wconf 81' lang='lat' dir='ltr'>Att.</span> <span class='ocrx_word' id='word_1_384' title='bbox 1574 1825 1625 1886; x_wconf 87' lang='grc'><strong>2,</strong></span> <span class='ocrx_word' id='word_1_385' title='bbox 1646 1824 1733 1882; x_wconf 88' lang='grc'><strong>20,</strong></span> <span class='ocrx_word' id='word_1_386' title='bbox 1754 1823 1805 1874; x_wconf 89' lang='grc'>6.</span> 
     </span>
    </p>

    <p class='ocr_par' dir='ltr' id='par_1_29' title="bbox 1296 1889 2304 2095">
     <span class='ocr_line' id='line_1_71' title="bbox 1296 1889 2303 1958; baseline 0.002 -18"><span class='ocrx_word' id='word_1_387' title='bbox 1296 1889 1490 1943; x_wconf 85' lang='lat' dir='ltr'>Vibius</span> <span class='ocrx_word' id='word_1_388' title='bbox 1520 1890 1849 1958; x_wconf 82' lang='lat' dir='ltr'>Cappadox,</span> <span class='ocrx_word' id='word_1_389' title='bbox 1880 1892 2122 1956; x_wconf 88' lang='lat' dir='ltr'>Larinas,</span> <span class='ocrx_word' id='word_1_390' title='bbox 2155 1892 2219 1945; x_wconf 87' lang='lat' dir='ltr'>ab</span> <span class='ocrx_word' id='word_1_391' title='bbox 2243 1894 2303 1943; x_wconf 84' lang='grc' dir='ltr'>Α.</span> 
     </span>
     <span class='ocr_line' id='line_1_72' title="bbox 1362 1961 2304 2012; baseline -0.001 -1"><span class='ocrx_word' id='word_1_392' title='bbox 1362 1961 1589 2011; x_wconf 87' lang='lat' dir='ltr'>Cluentio</span> <span class='ocrx_word' id='word_1_393' title='bbox 1608 1976 1802 2011; x_wconf 87' lang='lat' dir='ltr'>veneno</span> <span class='ocrx_word' id='word_1_394' title='bbox 1834 1977 1947 2010; x_wconf 78' lang='lat' dir='ltr'>esse</span> <span class='ocrx_word' id='word_1_395' title='bbox 1976 1962 2205 2012; x_wconf 86' lang='lat' dir='ltr'>sublatus</span> <span class='ocrx_word' id='word_1_396' title='bbox 2226 1962 2304 2012; x_wconf 88' lang='lat' dir='ltr'>di-</span> 
     </span>
     <span class='ocr_line' id='line_1_73' title="bbox 1364 2030 2185 2095; baseline -0.002 -15"><span class='ocrx_word' id='word_1_397' title='bbox 1364 2030 1571 2080; x_wconf 85' lang='lat' dir='ltr'>cebatur</span> <span class='ocrx_word' id='word_1_398' title='bbox 1586 2067 1603 2090; x_wconf 90' lang='lat'>,</span> <span class='ocrx_word' id='word_1_399' title='bbox 1624 2045 1717 2095; x_wconf 85' lang='lat' dir='ltr'>pro</span> <span class='ocrx_word' id='word_1_400' title='bbox 1738 2030 1931 2080; x_wconf 86' lang='lat' dir='ltr'>Cluent.</span> <span class='ocrx_word' id='word_1_401' title='bbox 1955 2030 2041 2089; x_wconf 87' lang='grc'>60,</span> <span class='ocrx_word' id='word_1_402' title='bbox 2068 2030 2185 2081; x_wconf 87' lang='grc'><strong>165.</strong></span> 
     </span>
    </p>

    <p class='ocr_par' dir='ltr' id='par_1_30' title="bbox 1293 2095 2304 2300">
     <span class='ocr_line' id='line_1_74' title="bbox 1293 2095 2303 2164; baseline 0.002 -18"><span class='ocrx_word' id='word_1_403' title='bbox 1293 2095 1357 2146; x_wconf 75' lang='lat'>1..</span> <span class='ocrx_word' id='word_1_404' title='bbox 1378 2095 1575 2149; x_wconf 82' lang='lat' dir='ltr'>Vibius</span> <span class='ocrx_word' id='word_1_405' title='bbox 1589 2134 1605 2163; x_wconf 91' lang='lat'>,</span> <span class='ocrx_word' id='word_1_406' title='bbox 1638 2114 1793 2161; x_wconf 88' lang='lat' dir='ltr'>eques</span> <span class='ocrx_word' id='word_1_407' title='bbox 1812 2100 1958 2150; x_wconf 85' lang='lat' dir='ltr'>Rom.</span> <span class='ocrx_word' id='word_1_408' title='bbox 1971 2134 1986 2158; x_wconf 91' lang='lat'>‚</span> <span class='ocrx_word' id='word_1_409' title='bbox 2016 2099 2095 2149; x_wconf 86' lang='lat' dir='ltr'>vir</span> <span class='ocrx_word' id='word_1_410' title='bbox 2113 2101 2303 2164; x_wconf 85' lang='lat' dir='ltr'>prima-</span> 
     </span>
     <span class='ocr_line' id='line_1_75' title="bbox 1361 2169 2304 2233; baseline 0.001 -18"><span class='ocrx_word' id='word_1_411' title='bbox 1361 2169 1466 2216; x_wconf 86' lang='lat' dir='ltr'>rius</span> <span class='ocrx_word' id='word_1_412' title='bbox 1484 2203 1497 2226; x_wconf 94' lang='lat'>,</span> <span class='ocrx_word' id='word_1_413' title='bbox 1544 2169 1787 2233; x_wconf 82' lang='lat' dir='ltr'>magister</span> <span class='ocrx_word' id='word_1_414' title='bbox 1831 2169 2090 2218; x_wconf 85' lang='lat' dir='ltr'>societatis</span> <span class='ocrx_word' id='word_1_415' title='bbox 2129 2176 2304 2232; x_wconf 87' lang='lat' dir='ltr'>portus</span> 
     </span>
     <span class='ocr_line' id='line_1_76' title="bbox 1362 2234 2303 2300; baseline 0.003 -16"><span class='ocrx_word' id='word_1_416' title='bbox 1362 2234 1653 2299; x_wconf 76' lang='lat' dir='ltr'>Syracusis,</span> <span class='ocrx_word' id='word_1_417' title='bbox 1691 2237 1836 2290; x_wconf 86' lang='lat' dir='ltr'>Verr.</span> <span class='ocrx_word' id='word_1_418' title='bbox 1868 2245 2089 2286; x_wconf 84' lang='lat' dir='ltr'>accusat.</span> <span class='ocrx_word' id='word_1_419' title='bbox 2119 2239 2183 2298; x_wconf 90' lang='grc'><strong>2,</strong></span> <span class='ocrx_word' id='word_1_420' title='bbox 2215 2238 2303 2300; x_wconf 88' lang='grc'>74,</span> 
     </span>
    </p>

    <p class='ocr_par' dir='ltr' id='par_1_31' title="bbox 1291 2369 2305 2506">
     <span class='ocr_line' id='line_1_77' title="bbox 1291 2369 2305 2436; baseline 0.001 -15"><span class='ocrx_word' id='word_1_421' title='bbox 1291 2369 1417 2422; x_wconf 84' lang='lat' dir='ltr'>Sex.</span> <span class='ocrx_word' id='word_1_422' title='bbox 1466 2369 1660 2423; x_wconf 83' lang='lat' dir='ltr'>Vibius</span> <span class='ocrx_word' id='word_1_423' title='bbox 1676 2407 1691 2436; x_wconf 90' lang='lat'>,</span> <span class='ocrx_word' id='word_1_424' title='bbox 1729 2372 1942 2424; x_wconf 84' lang='lat' dir='ltr'>Larinas</span> <span class='ocrx_word' id='word_1_425' title='bbox 1957 2411 1970 2433; x_wconf 95' lang='lat'>,</span> <span class='ocrx_word' id='word_1_426' title='bbox 2006 2373 2305 2424; x_wconf 76' lang='lat' dir='ltr'>interfectus</span> 
     </span>
     <span class='ocr_line' id='line_1_78' title="bbox 1361 2441 2265 2506; baseline 0.003 -16"><span class='ocrx_word' id='word_1_427' title='bbox 1361 2443 1423 2491; x_wconf 88' lang='lat' dir='ltr'>ab</span> <span class='ocrx_word' id='word_1_428' title='bbox 1442 2441 1720 2506; x_wconf 85' lang='lat' dir='ltr'>Oppianico</span> <span class='ocrx_word' id='word_1_429' title='bbox 1736 2478 1748 2500; x_wconf 92' lang='lat'>,</span> <span class='ocrx_word' id='word_1_430' title='bbox 1771 2456 1864 2506; x_wconf 91' lang='lat' dir='ltr'>pro</span> <span class='ocrx_word' id='word_1_431' title='bbox 1884 2442 2079 2491; x_wconf 84' lang='lat' dir='ltr'>Cluent.</span> <span class='ocrx_word' id='word_1_432' title='bbox 2098 2442 2151 2505; x_wconf 91' lang='lat'>8,</span> <span class='ocrx_word' id='word_1_433' title='bbox 2177 2442 2265 2495; x_wconf 76' lang='lat'>25.</span> 
     </span>
    </p>

    <p class='ocr_par' dir='ltr' id='par_1_32' title="bbox 1291 2507 2305 2640">
     <span class='ocr_line' id='line_1_79' title="bbox 1291 2507 2305 2574; baseline -0.001 -13"><span class='ocrx_word' id='word_1_434' title='bbox 1291 2508 1362 2561; x_wconf 91' lang='grc' dir='ltr'>Τ.</span> <span class='ocrx_word' id='word_1_435' title='bbox 1391 2507 1617 2574; x_wconf 82' lang='lat' dir='ltr'>Vibius,</span> <span class='ocrx_word' id='word_1_436' title='bbox 1647 2510 1917 2564; x_wconf 77' lang='lat' dir='ltr'>familiaris</span> <span class='ocrx_word' id='word_1_437' title='bbox 1948 2510 2012 2564; x_wconf 88' lang='lat' dir='ltr'>D.</span> <span class='ocrx_word' id='word_1_438' title='bbox 2035 2511 2210 2574; x_wconf 88' lang='lat' dir='ltr'>Bruti,</span> <span class='ocrx_word' id='word_1_439' title='bbox 2238 2512 2305 2560; x_wconf 85' lang='lat' dir='ltr'>ad</span> 
     </span>
     <span class='ocr_line' id='line_1_80' title="bbox 1359 2579 1773 2640; baseline 0.007 -13"><span class='ocrx_word' id='word_1_440' title='bbox 1359 2579 1480 2631; x_wconf 73' lang='lat' dir='ltr'>fam.</span> <span class='ocrx_word' id='word_1_441' title='bbox 1508 2579 1590 2638; x_wconf 92' lang='grc'>11,</span> <span class='ocrx_word' id='word_1_442' title='bbox 1617 2579 1699 2640; x_wconf 85' lang='grc'>12,</span> <span class='ocrx_word' id='word_1_443' title='bbox 1723 2580 1773 2631; x_wconf 93' lang='grc'>1.</span> 
     </span>
    </p>

    <p class='ocr_par' dir='ltr' id='par_1_33' title="bbox 1292 2644 2303 3466">
     <span class='ocr_line' id='line_1_81' title="bbox 1292 2644 2302 2700; baseline 0.002 -4"><span class='ocrx_word' id='word_1_444' title='bbox 1292 2645 1353 2696; x_wconf 92' lang='lat' dir='ltr'>C.</span> <span class='ocrx_word' id='word_1_445' title='bbox 1379 2645 1573 2699; x_wconf 84' lang='lat' dir='ltr'>Vibius</span> <span class='ocrx_word' id='word_1_446' title='bbox 1595 2644 1914 2700; x_wconf 84' lang='lat' dir='ltr'>Norbanus.</span> <span class='ocrx_word' id='word_1_447' title='bbox 1938 2673 2005 2684; x_wconf 91' lang='lat'>-—</span> <span class='ocrx_word' id='word_1_448' title='bbox 2025 2647 2079 2697; x_wconf 89' lang='lat' dir='ltr'>C.</span> <span class='ocrx_word' id='word_1_449' title='bbox 2106 2648 2302 2698; x_wconf 80' lang='lat' dir='ltr'>Norba-</span> 
     </span>
     <span class='ocr_line' id='line_1_82' title="bbox 1358 2713 2299 2781; baseline -0.001 -16"><span class='ocrx_word' id='word_1_450' title='bbox 1358 2731 1453 2765; x_wconf 89' lang='lat' dir='ltr'>nus</span> <span class='ocrx_word' id='word_1_451' title='bbox 1481 2722 1747 2766; x_wconf 88' lang='lat' dir='ltr'>accusatus</span> <span class='ocrx_word' id='word_1_452' title='bbox 1771 2731 1801 2764; x_wconf 83' lang='lat' dir='ltr'>a</span> <span class='ocrx_word' id='word_1_453' title='bbox 1826 2715 1883 2765; x_wconf 93' lang='lat' dir='ltr'>P.</span> <span class='ocrx_word' id='word_1_454' title='bbox 1906 2713 2135 2781; x_wconf 87' lang='lat' dir='ltr'>Sulpicio</span> <span class='ocrx_word' id='word_1_455' title='bbox 2164 2716 2299 2766; x_wconf 83' lang='lat' dir='ltr'>Ruso</span> 
     </span>
     <span class='ocr_line' id='line_1_83' title="bbox 1358 2784 2303 2844; baseline 0.001 -10"><span class='ocrx_word' id='word_1_456' title='bbox 1358 2799 1406 2834; x_wconf 89' lang='lat' dir='ltr'>a.</span> <span class='ocrx_word' id='word_1_457' title='bbox 1427 2800 1478 2837; x_wconf 90' lang='grc' dir='ltr'>ιι.</span> <span class='ocrx_word' id='word_1_458' title='bbox 1501 2801 1549 2834; x_wconf 89' lang='lat' dir='ltr'>c.</span> <span class='ocrx_word' id='word_1_459' title='bbox 1568 2784 1712 2844; x_wconf 76' lang='lat'><strong>660..</strong></span> <span class='ocrx_word' id='word_1_460' title='bbox 1733 2784 1971 2835; x_wconf 83' lang='lat' dir='ltr'>defensus</span> <span class='ocrx_word' id='word_1_461' title='bbox 2004 2800 2035 2833; x_wconf 87' lang='lat' dir='ltr'>a</span> <span class='ocrx_word' id='word_1_462' title='bbox 2051 2785 2119 2834; x_wconf 90' lang='lat' dir='ltr'>M.</span> <span class='ocrx_word' id='word_1_463' title='bbox 2142 2786 2303 2836; x_wconf 81' lang='lat' dir='ltr'>Anto-</span> 
     </span>
     <span class='ocr_line' id='line_1_84' title="bbox 1356 2853 2298 2915; baseline -0.001 -13"><span class='ocrx_word' id='word_1_464' title='bbox 1356 2855 1460 2914; x_wconf 90' lang='lat' dir='ltr'>nio,</span> <span class='ocrx_word' id='word_1_465' title='bbox 1480 2855 1623 2904; x_wconf 85' lang='lat' dir='ltr'>cuius</span> <span class='ocrx_word' id='word_1_466' title='bbox 1640 2863 1878 2915; x_wconf 88' lang='lat' dir='ltr'>quaestor</span> <span class='ocrx_word' id='word_1_467' title='bbox 1898 2853 2079 2914; x_wconf 74' lang='lat' dir='ltr'>fuerat,</span> <span class='ocrx_word' id='word_1_468' title='bbox 2095 2854 2159 2904; x_wconf 87' lang='lat' dir='ltr'>de</span> <span class='ocrx_word' id='word_1_469' title='bbox 2172 2863 2298 2904; x_wconf 86' lang='lat' dir='ltr'>orat.</span> 
     </span>
     <span class='ocr_line' id='line_1_85' title="bbox 1358 2921 2301 2982; baseline -0.001 -11"><span class='ocrx_word' id='word_1_470' title='bbox 1358 2923 1407 2982; x_wconf 87' lang='lat'>2,</span> <span class='ocrx_word' id='word_1_471' title='bbox 1431 2921 1516 2982; x_wconf 83' lang='lat'>21,</span> <span class='ocrx_word' id='word_1_472' title='bbox 1534 2922 1621 2974; x_wconf 88' lang='grc'>89.</span> <span class='ocrx_word' id='word_1_473' title='bbox 1647 2923 1721 2970; x_wconf 88' lang='lat' dir='ltr'>lb.</span> <span class='ocrx_word' id='word_1_474' title='bbox 1742 2925 1791 2982; x_wconf 84' lang='grc'>2,</span> <span class='ocrx_word' id='word_1_475' title='bbox 1812 2923 1900 2982; x_wconf 88' lang='grc'>25,</span> <span class='ocrx_word' id='word_1_476' title='bbox 1923 2921 2039 2972; x_wconf 89' lang='grc'><strong>107.</strong></span> <span class='ocrx_word' id='word_1_477' title='bbox 2054 2949 2125 2960; x_wconf 89' lang='grc'>--</span> <span class='ocrx_word' id='word_1_478' title='bbox 2140 2923 2301 2973; x_wconf 89' lang='lat' dir='ltr'>Homo</span> 
     </span>
     <span class='ocr_line' id='line_1_86' title="bbox 1358 2989 2297 3052; baseline 0.004 -14"><span class='ocrx_word' id='word_1_479' title='bbox 1358 2989 1631 3040; x_wconf 78' lang='lat' dir='ltr'>seditIOsus</span> <span class='ocrx_word' id='word_1_480' title='bbox 1654 2990 1979 3052; x_wconf 77' lang='lat' dir='ltr'>furiosusque</span> <span class='ocrx_word' id='word_1_481' title='bbox 1994 3027 2009 3049; x_wconf 87' lang='lat'>,</span> <span class='ocrx_word' id='word_1_482' title='bbox 2036 2992 2108 3041; x_wconf 79' lang='lat' dir='ltr'>Ib.</span> <span class='ocrx_word' id='word_1_483' title='bbox 2132 2992 2183 3051; x_wconf 91' lang='grc'>2,</span> <span class='ocrx_word' id='word_1_484' title='bbox 2211 2991 2297 3050; x_wconf 81' lang='grc'><strong>28,</strong></span> 
     </span>
     <span class='ocr_line' id='line_1_87' title="bbox 1360 3057 2300 3124; baseline 0.002 -16"><span class='ocrx_word' id='word_1_485' title='bbox 1360 3058 1478 3108; x_wconf 89' lang='grc'><strong>124.</strong></span> <span class='ocrx_word' id='word_1_486' title='bbox 1513 3057 1586 3108; x_wconf 90' lang='lat' dir='ltr'>Ib.</span> <span class='ocrx_word' id='word_1_487' title='bbox 1610 3059 1642 3108; x_wconf 88' lang='grc'><strong>2</strong></span> <span class='ocrx_word' id='word_1_488' title='bbox 1658 3093 1673 3120; x_wconf 90' lang='grc'><strong>,</strong></span> <span class='ocrx_word' id='word_1_489' title='bbox 1695 3060 1791 3124; x_wconf 88' lang='grc'><strong>47,</strong></span> <span class='ocrx_word' id='word_1_490' title='bbox 1817 3057 1934 3108; x_wconf 90' lang='grc'><strong>197.</strong></span> <span class='ocrx_word' id='word_1_491' title='bbox 1966 3059 2027 3110; x_wconf 90' lang='lat' dir='ltr'>cl.</span> <span class='ocrx_word' id='word_1_492' title='bbox 2052 3060 2116 3109; x_wconf 84' lang='lat' dir='ltr'>de</span> <span class='ocrx_word' id='word_1_493' title='bbox 2137 3058 2225 3113; x_wconf 79' lang='lat' dir='ltr'>off.</span> <span class='ocrx_word' id='word_1_494' title='bbox 2246 3063 2300 3124; x_wconf 87' lang='grc'>2,</span> 
     </span>
     <span class='ocr_line' id='line_1_88' title="bbox 1360 3125 2302 3186; baseline 0.002 -10"><span class='ocrx_word' id='word_1_495' title='bbox 1360 3126 1425 3178; x_wconf 90' lang='grc'>14</span> <span class='ocrx_word' id='word_1_496' title='bbox 1442 3162 1455 3182; x_wconf 91' lang='grc'><strong>,</strong></span> <span class='ocrx_word' id='word_1_497' title='bbox 1483 3125 1570 3177; x_wconf 89' lang='grc'><strong>49.</strong></span> <span class='ocrx_word' id='word_1_498' title='bbox 1598 3153 1665 3164; x_wconf 89' lang='lat'>--</span> <span class='ocrx_word' id='word_1_499' title='bbox 1699 3127 1966 3186; x_wconf 83' lang='lat' dir='ltr'>Quaestio:</span> <span class='ocrx_word' id='word_1_500' title='bbox 1995 3129 2302 3178; x_wconf 87' lang='lat' dir='ltr'>minueritne</span> 
     </span>
     <span class='ocr_line' id='line_1_89' title="bbox 1358 3195 2301 3253; baseline 0.001 -9"><span class='ocrx_word' id='word_1_501' title='bbox 1358 3195 1672 3245; x_wconf 86' lang='lat' dir='ltr'>maiestatem</span> <span class='ocrx_word' id='word_1_502' title='bbox 1720 3196 2026 3253; x_wconf 71' lang='lat' dir='ltr'>Norbanus?</span> <span class='ocrx_word' id='word_1_503' title='bbox 2072 3223 2139 3232; x_wconf 88' lang='lat'>—</span> <span class='ocrx_word' id='word_1_504' title='bbox 2185 3196 2301 3248; x_wconf 86' lang='lat' dir='ltr'>Non</span> 
     </span>
     <span class='ocr_line' id='line_1_90' title="bbox 1352 3265 2299 3330; baseline 0 -16"><span class='ocrx_word' id='word_1_505' title='bbox 1352 3265 1533 3314; x_wconf 85' lang='lat' dir='ltr'>minuit</span> <span class='ocrx_word' id='word_1_506' title='bbox 1558 3265 1872 3314; x_wconf 85' lang='lat' dir='ltr'>maiestatem</span> <span class='ocrx_word' id='word_1_507' title='bbox 1889 3303 1903 3330; x_wconf 93' lang='lat'>,</span> <span class='ocrx_word' id='word_1_508' title='bbox 1932 3266 2069 3328; x_wconf 86' lang='lat' dir='ltr'>quod</span> <span class='ocrx_word' id='word_1_509' title='bbox 2096 3266 2206 3330; x_wconf 86' lang='lat' dir='ltr'>egit</span> <span class='ocrx_word' id='word_1_510' title='bbox 2233 3265 2299 3314; x_wconf 88' lang='lat' dir='ltr'>de</span> 
     </span>
     <span class='ocr_line' id='line_1_91' title="bbox 1352 3333 2294 3400; baseline 0 -17"><span class='ocrx_word' id='word_1_511' title='bbox 1352 3333 1603 3399; x_wconf 87' lang='lat' dir='ltr'>Caepione</span> <span class='ocrx_word' id='word_1_512' title='bbox 1621 3333 1985 3394; x_wconf 84' lang='lat' dir='ltr'>turbulentius,</span> <span class='ocrx_word' id='word_1_513' title='bbox 2008 3341 2139 3400; x_wconf 85' lang='lat' dir='ltr'>part.</span> <span class='ocrx_word' id='word_1_514' title='bbox 2164 3341 2294 3383; x_wconf 84' lang='lat' dir='ltr'>orat.</span> 
     </span>
     <span class='ocr_line' id='line_1_92' title="bbox 1348 3400 2296 3466; baseline 0.002 -16"><span class='ocrx_word' id='word_1_515' title='bbox 1348 3400 1433 3466; x_wconf 85' lang='lat'>30,</span> <span class='ocrx_word' id='word_1_516' title='bbox 1452 3400 1551 3451; x_wconf 84' lang='lat'>104</span> <span class='ocrx_word' id='word_1_517' title='bbox 1562 3415 1700 3463; x_wconf 74' lang='lat' dir='ltr'>sq.—·</span> <span class='ocrx_word' id='word_1_518' title='bbox 1712 3401 1877 3461; x_wconf 87' lang='lat' dir='ltr'>Quum</span> <span class='ocrx_word' id='word_1_519' title='bbox 1892 3402 2021 3452; x_wconf 87' lang='lat' dir='ltr'>bello</span> <span class='ocrx_word' id='word_1_520' title='bbox 2039 3402 2296 3453; x_wconf 78' lang='lat' dir='ltr'>scelorum</span> 
     </span>
    </p>
   </div>
  </div>
 </body>
</html>
