2500 3850
275 172 392 235 188

338 342 647 393 tribunatum
679 339 753 404 pl.
780 347 1032 404 petentem
1058 353 1105 390 a.
1137 354 1190 387 u.
1224 353 1270 388 c.

341 410 459 460 703.
514 409 664 458 valde
702 409 1027 472 contempsit,
1070 408 1272 458 Caelius

340 481 405 528 ad
443 477 562 528 sam.
593 477 651 540 8,
690 479 751 541 2,
786 479 835 526 2.
876 504 941 512 —-
972 476 1079 535 Quo
1120 477 1272 527 modo

341 548 525 597 Caesar
538 547 601 596 de
620 555 825 594 senatus
846 547 1140 595 auctoritate
1156 561 1272 610 per-

338 619 526 680 scripta
547 615 697 664 ferret
717 629 765 666 a.
794 629 845 662 ιι.
870 631 913 666 c.
940 613 1059 664 703.
1109 616 1271 663 incer-

338 694 445 734 tum
486 692 621 747 erat,
662 684 729 732 ad
767 683 869 732 Att.
910 684 960 747 5,
1006 683 1067 742 2,
1108 683 1159 736 3.
1204 682 1268 734 cl.

338 756 409 806 ib.
436 752 487 814 5,
518 753 603 816 20,
635 751 686 805 8.
726 779 793 788 —
835 752 967 811 Quid
1002 758 1169 801 actum
1206 752 1275 800 sit

338 839 387 874 a.
440 823 488 870 d.
532 822 621 870 XI.
660 821 771 873 Kal.
810 819 991 870 Sextil.
1038 835 1085 868 a.
1131 836 1183 873 u.
1224 835 1268 868 c.

264 904 283 948 ς·
338 889 455 941 703.
500 890 562 939 de
589 891 908 939 successione
936 890 989 940 C.
1022 887 1268 950 Caesaris,

339 959 541 1008 Caelius
580 959 647 1008 ad
672 958 791 1008 fam.
832 957 883 1022 8,
923 960 972 1016 4,
1012 959 1064 1008 4.
1108 957 1173 1009 cf.
1196 958 1270 1006 lb.

336 1029 397 1092 8,
434 1029 495 1089 5,
524 1030 571 1078 2.
611 1028 686 1075 lb.
718 1026 777 1089 8,
817 1026 877 1090 8,
908 1028 957 1075 7.
990 1051 1057 1063 ·--
1087 1027 1142 1074 ln
1168 1027 1272 1091 pri-

334 1097 432 1145 mis
462 1097 531 1148 ib.
566 1094 627 1156 8,
666 1095 729 1158 8,
762 1094 844 1146 10.
881 1119 948 1130 -·
987 1095 1181 1144 Rursus
1208 1095 1274 1144 de

336 1165 657 1214 successione
689 1162 993 1224 Galliarum,
1033 1163 1105 1213 lb.
1128 1163 1186 1221 8,
1218 1163 1270 1226 9,

337 1236 369 1283 2
400 1240 448 1282 et
486 1233 534 1282 5.
581 1259 647 1268 -
680 1233 923 1282 Actiones
948 1231 1001 1281 C.
1040 1231 1273 1282 Curionis

337 1304 400 1352 de
420 1315 543 1366 agro
566 1300 820 1366 Campano
841 1315 887 1350 a.
912 1317 963 1350 ιι.
988 1317 1035 1354 c.
1062 1299 1183 1361 703,
1207 1301 1273 1350 de

338 1385 438 1434 quo
486 1377 673 1435 negant
710 1369 977 1420 Caesarem
1020 1370 1270 1430 laborare,

338 1438 737 1502 sedPompeium
759 1436 907 1489 valde
927 1437 1079 1504 nolle,
1101 1453 1165 1488 ne
1182 1453 1273 1487 va-

336 1523 461 1558 cuus
506 1509 795 1558 advenienti
830 1508 1033 1558 Caesari
1080 1513 1268 1574 pateat,

334 1579 407 1627 Ib.
429 1577 479 1633 8,
509 1574 591 1636 10,
612 1579 661 1626 4.
683 1602 751 1612 —
770 1578 843 1626 De
864 1584 995 1626 statu
1015 1575 1268 1636 Caesari5‚

335 1647 409 1694 lb.
438 1645 489 1704 8,
516 1645 576 1695 ll
621 1647 669 1708 §-
695 1643 745 1698 3.
785 1673 855 1684 -—-
892 1644 979 1697 Cn.
998 1644 1271 1708 Pompeius

336 1713 595 1762 constituit
630 1726 730 1761 non
766 1714 875 1776 pati
912 1713 968 1767 C.
1007 1711 1270 1762 Caesarem

338 1781 599 1830 consulem
620 1781 763 1829 aliter
783 1781 922 1843 fieri,
956 1783 1056 1830 nisi
1076 1782 1272 1830 exerci-

336 1857 442 1899 tum
464 1857 511 1898 et
528 1850 817 1912 provincias
835 1850 1125 1898 tradideritz
1148 1848 1272 1898 Cae-

336 1919 437 1969 sari
460 1926 627 1967 autem
650 1932 949 1983 persuasum
982 1926 1059 1967 est
1088 1934 1144 1968 se
1168 1917 1271 1969 sal-

336 2004 456 2038 vum
482 2002 594 2036 esse
619 2001 716 2035 non
738 2000 891 2051 posse
908 2023 923 2051 ,
962 1989 1007 2035 si
1040 1987 1101 2035 ab
1126 2002 1272 2037 exer-

338 2058 441 2106 citu
479 2056 745 2105 recesserit
781 2063 911 2119 etc.,
970 2056 1170 2105 Caelius
1206 2056 1274 2106 ad

336 2125 460 2175 fam.
485 2124 536 2187 8,
560 2125 640 2183 14,
663 2126 711 2177 2.
754 2150 821 2160 -
840 2126 939 2173 Res
968 2124 1172 2189 publica
1191 2123 1272 2173 Ci-

338 2207 569 2243 ceronem
608 2193 757 2241 valde
794 2193 1049 2242 sollicitat.
1118 2193 1275 2243 Favet

336 2260 570 2311 Curioni:
594 2260 859 2311 Caesarem
878 2261 1145 2311 honestum
1160 2276 1273 2311 esse

336 2332 500 2395 eupit:
537 2345 630 2395 pro
650 2331 894 2395 Pompeio
927 2332 1085 2379 emori
1104 2338 1272 2394 potest

336 2416 383 2451 a.
408 2415 457 2448 ιι.
485 2415 527 2450 c.
552 2400 693 2459 704„
725 2400 790 2449 ad
810 2398 931 2452 fam.
954 2400 1005 2460 2,
1029 2398 1111 2462 15,
1134 2398 1183 2449 3.
1204 2426 1273 2436 —

336 2470 543 2520 Caesari
563 2484 594 2519 a
610 2476 788 2519 senatu
808 2468 977 2517 nullus
995 2468 1159 2517 honor
1178 2466 1274 2517 ha-

333 2540 481 2588 betur
502 2552 551 2586 a.
574 2555 625 2592 u.
649 2554 694 2592 c.
719 2537 860 2599 704„
898 2539 965 2587 ad
986 2539 1089 2586 Att.
1110 2535 1161 2596 5,
1184 2536 1270 2596 21,

334 2604 386 2659 3.
414 2634 479 2643 -—
514 2605 730 2656 Luceius
764 2611 1123 2656 commemorat
1149 2606 1273 2665 quid

337 2674 457 2723 olim
485 2674 605 2723 mali
628 2674 683 2725 C.
705 2674 866 2722 Iulius
887 2674 1063 2723 fecerit
1080 2710 1093 2733 ‚
1116 2688 1272 2735 quum

334 2743 387 2789 in
412 2742 675 2791 consulatu
706 2756 755 2789 a.
777 2758 828 2794 u.
853 2756 896 2795 c.
921 2740 1041 2793 695.
1100 2742 1272 2791 diecu-

334 2808 437 2870 lam
460 2808 726 2858 solutionis
748 2810 964 2869 duxerit,
995 2824 1272 2872 numquam

332 2878 409 2925 rei
434 2877 577 2941 publ.
599 2876 742 2944 plus,
785 2880 857 2928 Ib.
882 2878 933 2937 5,
971 2878 1057 2938 21,
1099 2876 1181 2929 13.
1205 2906 1272 2915 —

333 2947 607 3011 Pompeius
636 2954 779 3010 putat
811 2946 1075 2997 Caesarem
1099 2947 1149 2995 in
1186 2962 1272 2997 ae·-

337 3015 590 3065 dificando
626 3015 922 3067 Nemorensi
978 3016 1271 3081 diligentio-

334 3100 442 3134 rem
461 3084 597 3149 fore,
623 3084 695 3134 lb.
718 3085 769 3145 6,
798 3086 845 3149 1,
868 3086 952 3135 25.
984 3112 1049 3121 -
1086 3084 1272 3141 Caesar

334 3152 403 3203 M.
428 3154 699 3203 Antonium
726 3154 837 3204 sine
867 3162 1002 3205 sorte
1033 3162 1270 3217 quaesto-

332 3237 441 3272 rem
462 3222 650 3287 delegit
673 3238 719 3273 a.
739 3238 789 3276 u.
810 3238 853 3273 e.
878 3223 1018 3287 704„
1058 3224 1129 3272 lb.
1150 3222 1203 3288 6,
1218 3223 1269 3284 6,

334 3291 385 3343 3.
410 3317 475 3327 -—
510 3289 695 3341 Caesar
710 3292 1019 3343 Placentiam
1043 3292 1272 3355 legiones

334 3366 565 3421 quattuor
583 3362 724 3412 misit
744 3376 791 3414 a.
815 3378 865 3410 u.
894 3377 939 3411 c.
962 3362 1101 3422 704„
1124 3358 1197 3413 n».
1214 3359 1268 3425 6,

334 3426 383 3487 9,
406 3427 457 3483 5.
478 3455 550 3466 —·
574 3429 648 3479 De
669 3428 924 3479 Ciceronis
951 3428 1268 3492 condicione,

978 183 1033 230 C.
1072 183 1302 231 IULIUS
1341 182 1624 230 CAESAR.

1416 352 1568 399 quum
1605 337 1895 402 impendeat
1927 341 2180 389 contentio
2224 339 2350 391 Cae·-

1415 421 1578 456 sarem
1609 407 1740 455 inter
1763 415 1811 456 et
1831 407 2158 472 Pompeium,
2199 409 2270 458 lb.
2295 411 2346 473 7,

1377 474 1517 532 ,1,3
1549 491 1660 537 sqq.
1703 475 1858 527 el.ib.
1885 477 2028 536 7,2,
2056 478 2106 526 7.
2147 504 2220 514 -—
2251 479 2349 528 Pro

1414 546 1578 608 ipsius
1596 546 1645 592 in
1663 542 1792 592 alios
1813 543 2064 595 effusione
2081 545 2346 596 Caesarem

1411 627 1510 661 non
1537 613 1661 661 satis
1699 613 1752 660 in
1771 611 2056 663 Ciceronem
2087 613 2348 665 liberalem

1411 681 1572 730 fuisse
1592 688 1710 741 etc„
1749 682 1824 730 Ib.
1853 683 1903 742 7,
1933 682 1983 741 3,
2007 681 2058 736 3.
2088 710 2154 718 —
2187 683 2346 732 Homo

1414 750 1784 799 audacissimus
1803 752 2258 814 paratissimusque
2273 753 2349 802 di-

1415 822 1541 868 citur
1560 820 1633 872 lb.
1657 820 1704 876 7,
1725 818 1774 883 3,
1795 819 1845 867 5.
1867 845 1933 854 ——
1953 821 2037 870 Ad
2057 819 2351 872 Ciceronem

1413 887 1605 938 litteras
1628 887 1838 936 blandas
1866 888 2022 951 misit,
2043 890 2114 938 Ib.
2133 890 2181 948 7,
2197 889 2247 953 3,
2264 890 2348 939 11.

1411 983 1482 994 ——
1520 958 1645 1007 Eius
1664 957 1902 1007 alienatio
1923 973 1954 1007 a
1973 959 2238 1022 Pompei0,
2275 959 2348 1006 lb.

1413 1030 1462 1087 7,
1485 1027 1538 1088 4,
1565 1027 1617 1074 2.
1660 1050 1727 1063 —-
1763 1025 1920 1076 Nemo
1958 1041 2197 1090 nmquam
2225 1025 2352 1076 Cae·

1413 1109 1526 1145 sare
1579 1095 1742 1145 aerior
1787 1097 1838 1143 in
1889 1095 2042 1144 rebus
2089 1096 2352 1161 gerendis,

1411 1179 1560 1214 nemo
1599 1164 1776 1214 eodem
1813 1165 1865 1212 in
1905 1165 2119 1214 victoria
2153 1173 2354 1229 tempe-

1411 1233 1618 1290 rantior,
1641 1231 1840 1281 Caelius
1860 1233 1926 1281 ad
1946 1232 2066 1282 fam.
2090 1233 2141 1293 8,
2179 1234 2260 1295 15,
2299 1234 2348 1287 1.

1414 1329 1480 1337 —-
1539 1299 1725 1350 Caesar
1759 1303 1809 1349 in
1847 1301 2148 1364 Hispaniam
2186 1303 2354 1352 itums

1413 1385 1460 1419 a.
1481 1385 1533 1418 u.
1569 1385 1611 1422 c.
1645 1369 1764 1421 705.
1839 1369 1966 1418 nihil
1994 1371 2092 1420 nisi
2122 1375 2269 1420 atrox
2304 1377 2355 1419 et

1413 1453 1622 1488 saevum
1664 1439 1854 1504 cogitat
1891 1447 2042 1500 atque
2084 1440 2236 1488 etiam
2280 1439 2355 1488 lo-

1413 1508 1600 1570 quitur,
1632 1508 1707 1560 Ib.
1735 1507 1785 1570 8,
1811 1506 1891 1569 16,
1918 1508 1965 1560 1.
2005 1533 2072 1543 -
2097 1509 2202 1573 Ipsi
2227 1507 2356 1556 Cae-

1409 1577 1512 1625 sari
1541 1575 1810 1625 concordia
1847 1575 1972 1625 nihil
1999 1576 2178 1625 utilius
2209 1591 2258 1629 a.
2294 1592 2352 1626 ιι.

1411 1661 1453 1694 c.
1489 1644 1628 1707 705.,
1667 1645 1734 1694 ad
1763 1645 1882 1693 fam.
1913 1645 1974 1706 4,
2014 1646 2067 1708 2,
2104 1644 2156 1698 3.
2185 1672 2253 1682 -
2279 1645 2354 1694 De

1409 1714 1570 1762 nimIa
1609 1715 1858 1777 gravitate
1897 1711 1988 1762 Cn.
2026 1714 2256 1778 Pompeii
2305 1722 2357 1762 et

1411 1782 1467 1833 C.
1527 1779 1760 1832 Caesaris
1824 1783 1982 1830 nimia
2051 1783 2354 1848 cupiditate,

1409 1865 1537 1913 quae
1585 1865 1763 1914 pacem
1823 1851 2183 1914 impediverit,
2229 1851 2355 1900 Phi-

1411 1919 1538 1985 lipp.
1588 1918 1682 1982 13,
1729 1919 1788 1984 1,
1821 1920 1872 1973 2.
1913 1947 1981 1957 —
2019 1919 2206 1971 Caesar
2243 1930 2356 1971 erat

1411 1988 1680 2053 impudens
1701 2026 1717 2052 ,
1755 1990 1840 2051 qui
1862 1990 2139 2039 exercitum
2161 1996 2210 2038 et
2231 2004 2357 2053 pro-

1333 2092 1354 2099 ,
1411 2057 1633 2107 vinciam
1685 2058 1842 2106 invito
1903 2068 2082 2107 senatu
2138 2065 2354 2108 teneret.

1409 2127 1662 2175 Antonius
1701 2133 1750 2174 et
1778 2125 1838 2184 Q.
1873 2125 2078 2176 Cassius
2118 2126 2258 2176 nulla
2297 2129 2355 2176 vi

1412 2194 1612 2259 expulsi
1663 2195 1730 2244 ad
1783 2194 2047 2245 Caesarem
2096 2211 2211 2245 cum
2255 2194 2357 2244 Cn-

1411 2265 1554 2312 rione
1584 2263 1798 2327 profecti
1833 2272 1947 2313 sunt
1975 2280 2020 2313 a.
2050 2280 2101 2314 ιι.
2126 2281 2172 2315 c.
2203 2264 2353 2325 705.,

1415 2332 1480 2381 ad
1502 2332 1624 2384 fam.
1653 2330 1734 2395 16,
1765 2332 1847 2393 11,
1873 2334 1924 2381 2.
1952 2358 2024 2367 -—
2048 2334 2124 2383 De
2148 2335 2356 2398 perieu-

1414 2402 1479 2450 lis
1509 2398 1564 2449 C.
1611 2398 1821 2451 Caesari'
1850 2401 2264 2463 imminentibus,
2307 2403 2353 2450 si

1413 2470 1635 2519 insaniat
1685 2484 1732 2520 a.
1775 2485 1824 2518 u.
1875 2485 1920 2519 c.
1961 2470 2092 2532 705,
2149 2472 2224 2521 lb.
2261 2470 2348 2531 16,

1415 2538 1500 2600 12,
1511 2542 1564 2589 4.
1579 2564 1648 2573 -
1662 2538 1826 2597 Quum
1839 2536 2023 2587 Caesar
2037 2539 2326 2589 Ariminum
2336 2576 2351 2599 ,

1416 2607 1714 2669 Pisaurum,
1756 2607 2048 2667 Anconam,
2090 2607 2353 2656 Arretium

1413 2676 1784 2740 occupavisset,
1815 2676 1992 2725 urbem
2018 2676 2227 2739 reliquit
2264 2676 2353 2726 Ci-

1411 2758 1527 2793 cero
1560 2759 1606 2791 a.
1635 2760 1686 2792 u.
1715 2759 1759 2793 c.
1792 2745 1910 2795 705.
1955 2744 2291 2794 Condiciones
2323 2760 2353 2793 a

1414 2811 1630 2862 Caesare
1675 2814 1833 2876 latae,
1884 2814 1959 2862 Ib.
2012 2814 2107 2873 16,
2163 2813 2246 2876 12,
2295 2814 2348 2862 2.

1407 2906 1479 2917 --
1497 2879 1622 2931 Sero
1643 2882 1743 2931 iam
1765 2880 2020 2932 aitCicero
2041 2882 2210 2931 resisti
2226 2880 2353 2930 Cae-

1411 2950 1580 2999 saria.
1601 2966 1652 2999 ιι.
1680 2966 1726 3002 c.
1749 2950 1887 3013 705.,
1917 2951 1984 3000 ad
2011 2951 2114 3004 Att.
2138 2950 2188 3011 7,
2219 2948 2272 3013 6,
2292 2952 2346 2999 2.

1396 3046 1482 3069 .--
1527 3019 1792 3069 Publicani
1849 3020 2084 3069 dicuntur
2141 3017 2351 3068 Caesari

1409 3102 1523 3137 esse
1547 3087 1874 3148 amicissimi,
1910 3089 1984 3139 lb.
2025 3090 2076 3147 7,
2115 3089 2167 3147 7,
2197 3086 2250 3140 5.
2279 3112 2352 3122 —

1413 3155 1599 3207 Multae
1617 3158 1728 3206 eius
1759 3158 1986 3207 actiones
2005 3162 2353 3207 memorantur

1411 3225 1483 3278 ib.
1503 3226 1554 3289 7,
1585 3228 1634 3289 7,
1661 3224 1713 3277 6.
1753 3226 1874 3274 Eius
1894 3226 2106 3277 victoria
2122 3226 2346 3285 timetur,

1411 3294 1484 3344 ΙΙ).
1515 3296 1565 3357 7,
1601 3296 1653 3354 7,
1683 3295 1735 3346 7.
1776 3320 1843 3329 —
1883 3294 1958 3362 De
1977 3293 2205 3359 Pompeii
2237 3294 2347 3360 opi-

1411 3364 1564 3411 nione
1587 3362 1652 3411 de
1674 3362 1906 3426 Caesare,
1942 3363 2014 3412 Ib.
2042 3363 2091 3419 7,
2119 3362 2170 3423 8,
2191 3364 2242 3411 4.
2280 3388 2345 3397 —-·

1413 3428 1694 3480 Solvendos
1719 3446 1832 3481 esse
1859 3445 2092 3479 nummos
2123 3428 2347 3490 Caesari,
