<?xml version="1.0" encoding="UTF-8"?>
<!DOCTYPE html PUBLIC "-//W3C//DTD XHTML 1.0 Transitional//EN"
    "http://www.w3.org/TR/xhtml1/DTD/xhtml1-transitional.dtd">
<html xmlns="http://www.w3.org/1999/xhtml" xml:lang="en" lang="en">
 <head>
  <title>
</title>
<meta http-equiv="Content-Type" content="text/html;charset=utf-8" />
  <meta name='ocr-system' content='tesseract 3.04.00' />
  <meta name='ocr-capabilities' content='ocr_page ocr_carea ocr_par ocr_line ocrx_word'/>
</head>
<body>
  <div class='ocr_page' id='page_1' title='image "./scriptaquaemans04mlgoog_0200.png"; bbox 0 0 2500 3850; ppageno 0'>
   <div class='ocr_carea' id='block_1_1' title="bbox 234 140 351 200">
    <p class='ocr_par' dir='ltr' id='par_1_1' title="bbox 234 140 351 200">
     <span class='ocr_line' id='line_1_1' title="bbox 234 140 351 200; baseline -0.009 0"><span class='ocrx_word' id='word_1_1' title='bbox 234 140 351 200; x_wconf 88' lang='grc'><strong>194</strong></span> 
     </span>
    </p>
   </div>
   <div class='ocr_carea' id='block_1_2' title="bbox 293 305 1235 428">
    <p class='ocr_par' dir='ltr' id='par_1_2' title="bbox 293 305 1235 428">
     <span class='ocr_line' id='line_1_2' title="bbox 293 305 1233 374; baseline -0.006 -16"><span class='ocrx_word' id='word_1_2' title='bbox 293 309 515 374; x_wconf 85' lang='lat' dir='ltr'>Philipp.</span> <span class='ocrx_word' id='word_1_3' title='bbox 542 308 624 371; x_wconf 85' lang='lat'><strong>13,</strong></span> <span class='ocrx_word' id='word_1_4' title='bbox 648 306 697 366; x_wconf 85' lang='grc'><strong>9,</strong></span> <span class='ocrx_word' id='word_1_5' title='bbox 723 305 804 356; x_wconf 88' lang='grc'><strong>19.</strong></span> <span class='ocrx_word' id='word_1_6' title='bbox 842 308 913 356; x_wconf 88' lang='lat' dir='ltr'><strong>lb.</strong></span> <span class='ocrx_word' id='word_1_7' title='bbox 938 308 998 368; x_wconf 89' lang='lat'><strong>5,</strong></span> <span class='ocrx_word' id='word_1_8' title='bbox 1031 305 1122 368; x_wconf 91' lang='grc'><strong>11,</strong></span> <span class='ocrx_word' id='word_1_9' title='bbox 1149 307 1233 357; x_wconf 87' lang='grc'><strong>28.</strong></span> 
     </span>
     <span class='ocr_line' id='line_1_3' title="bbox 295 375 1235 428; baseline -0.003 -1"><span class='ocrx_word' id='word_1_10' title='bbox 295 405 365 416; x_wconf 94' lang='lat'>—</span> <span class='ocrx_word' id='word_1_11' title='bbox 380 379 649 428; x_wconf 81' lang='lat' dir='ltr'><strong>Decretum</strong></span> <span class='ocrx_word' id='word_1_12' title='bbox 670 376 731 424; x_wconf 91' lang='lat' dir='ltr'><strong>de</strong></span> <span class='ocrx_word' id='word_1_13' title='bbox 750 390 809 425; x_wconf 89' lang='lat' dir='ltr'><strong>eo</strong></span> <span class='ocrx_word' id='word_1_14' title='bbox 830 375 1235 426; x_wconf 83' lang='lat' dir='ltr'><strong>honorificentis-</strong></span> 
     </span>
    </p>
   </div>
   <div class='ocr_carea' id='block_1_3' title="bbox 468 135 2073 224">
    <p class='ocr_par' dir='ltr' id='par_1_3' title="bbox 468 135 2073 224">
     <span class='ocr_line' id='line_1_4' title="bbox 468 135 2073 224; baseline 0.002 -27"><span class='ocrx_word' id='word_1_15' title='bbox 468 135 665 224; x_wconf 69' lang='lat' dir='ltr'><strong>(mh.)</strong></span> <span class='ocrx_word' id='word_1_16' title='bbox 692 151 960 200; x_wconf 80' lang='lat' dir='ltr'>CAESAR</span> <span class='ocrx_word' id='word_1_17' title='bbox 993 137 1396 222; x_wconf 76' lang='lat' dir='ltr'><strong>(CAEsAmo)</strong></span> <span class='ocrx_word' id='word_1_18' title='bbox 1421 173 1505 185; x_wconf 90' lang='lat'><strong>-—-</strong></span> <span class='ocrx_word' id='word_1_19' title='bbox 1525 151 1586 198; x_wconf 82' lang='lat' dir='ltr'><strong>L.</strong></span> <span class='ocrx_word' id='word_1_20' title='bbox 1613 151 1750 200; x_wconf 72' lang='lat' dir='ltr'><strong>mr..</strong></span> <span class='ocrx_word' id='word_1_21' title='bbox 1781 152 2073 202; x_wconf 78' lang='lat' dir='ltr'><strong>CAESAR.</strong></span> 
     </span>
    </p>
   </div>
   <div class='ocr_carea' id='block_1_4' title="bbox 1374 308 2330 441">
    <p class='ocr_par' dir='ltr' id='par_1_4' title="bbox 1374 308 2330 441">
     <span class='ocr_line' id='line_1_5' title="bbox 1375 308 2330 372; baseline 0.002 -16"><span class='ocrx_word' id='word_1_22' title='bbox 1375 309 1440 356; x_wconf 83' lang='lat' dir='ltr'><strong>tis</strong></span> <span class='ocrx_word' id='word_1_23' title='bbox 1456 345 1471 370; x_wconf 93' lang='lat'><strong>,</strong></span> <span class='ocrx_word' id='word_1_24' title='bbox 1495 323 1575 372; x_wconf 90' lang='lat' dir='ltr'><strong>ep.</strong></span> <span class='ocrx_word' id='word_1_25' title='bbox 1597 310 1664 357; x_wconf 87' lang='lat' dir='ltr'><strong>ad</strong></span> <span class='ocrx_word' id='word_1_26' title='bbox 1689 308 1828 360; x_wconf 87' lang='lat' dir='ltr'><strong>Brut.</strong></span> <span class='ocrx_word' id='word_1_27' title='bbox 1854 310 1879 358; x_wconf 90' lang='lat'><strong>1</strong></span> <span class='ocrx_word' id='word_1_28' title='bbox 1899 343 1916 372; x_wconf 90' lang='lat'><strong>,</strong></span> <span class='ocrx_word' id='word_1_29' title='bbox 1942 308 2027 360; x_wconf 88' lang='lat'><strong>18.</strong></span> <span class='ocrx_word' id='word_1_30' title='bbox 2067 309 2137 361; x_wconf 88' lang='lat' dir='ltr'><strong>cl.</strong></span> <span class='ocrx_word' id='word_1_31' title='bbox 2162 310 2330 360; x_wconf 79' lang='lat' dir='ltr'><strong>Pseu-</strong></span> 
     </span>
     <span class='ocr_line' id='line_1_6' title="bbox 1374 376 2216 441; baseline 0.004 -15"><span class='ocrx_word' id='word_1_32' title='bbox 1374 378 1534 427; x_wconf 88' lang='lat' dir='ltr'><strong>docic.</strong></span> <span class='ocrx_word' id='word_1_33' title='bbox 1555 392 1638 441; x_wconf 89' lang='lat' dir='ltr'><strong>ep.</strong></span> <span class='ocrx_word' id='word_1_34' title='bbox 1668 378 1734 426; x_wconf 88' lang='lat' dir='ltr'><strong>ad</strong></span> <span class='ocrx_word' id='word_1_35' title='bbox 1753 376 2021 426; x_wconf 85' lang='lat' dir='ltr'><strong>Octavium</strong></span> <span class='ocrx_word' id='word_1_36' title='bbox 2045 378 2074 428; x_wconf 95' lang='lat' dir='ltr'>l</span> <span class='ocrx_word' id='word_1_37' title='bbox 2099 391 2216 441; x_wconf 77' lang='lat' dir='ltr'><strong>sqq.</strong></span> 
     </span>
    </p>
   </div>
   <div class='ocr_carea' id='block_1_5' title="bbox 296 443 2334 512">
    <p class='ocr_par' dir='ltr' id='par_1_5' title="bbox 296 443 2334 512">
     <span class='ocr_line' id='line_1_7' title="bbox 296 443 2334 512; baseline 0.001 -16"><span class='ocrx_word' id='word_1_38' title='bbox 296 445 785 496; x_wconf 85' lang='lat' dir='ltr'><strong>simumaCiceroue</strong></span> <span class='ocrx_word' id='word_1_39' title='bbox 798 445 1137 508; x_wconf 83' lang='lat' dir='ltr'><strong>propositum,</strong></span> <span class='ocrx_word' id='word_1_40' title='bbox 1157 444 1230 495; x_wconf 90' lang='lat' dir='ltr'><strong>lb.</strong></span> <span class='ocrx_word' id='word_1_41' title='bbox 1305 443 1530 512; x_wconf 83' lang='lat' dir='ltr'><strong>(Iulius)</strong></span> <span class='ocrx_word' id='word_1_42' title='bbox 1565 443 1776 496; x_wconf 78' lang='lat' dir='ltr'><strong>Caesar</strong></span> <span class='ocrx_word' id='word_1_43' title='bbox 1803 445 1992 496; x_wconf 87' lang='lat' dir='ltr'><strong>nothus</strong></span> <span class='ocrx_word' id='word_1_44' title='bbox 2025 461 2070 495; x_wconf 92' lang='lat' dir='ltr'><strong>s.</strong></span> <span class='ocrx_word' id='word_1_45' title='bbox 2106 445 2334 498; x_wconf 65' lang='lat' dir='ltr'><strong>Caena-</strong></span> 
     </span>
    </p>
   </div>
   <div class='ocr_carea' id='block_1_6' title="bbox 275 511 1233 3474">
    <p class='ocr_par' dir='ltr' id='par_1_6' title="bbox 275 511 1233 3474">
     <span class='ocr_line' id='line_1_8' title="bbox 295 511 1232 576; baseline -0.009 -9"><span class='ocrx_word' id='word_1_46' title='bbox 295 517 345 576; x_wconf 86' lang='lat'><strong>5,</strong></span> <span class='ocrx_word' id='word_1_47' title='bbox 370 515 451 576; x_wconf 84' lang='lat'><strong>16,</strong></span> <span class='ocrx_word' id='word_1_48' title='bbox 470 517 555 566; x_wconf 83' lang='lat'><strong>42.</strong></span> <span class='ocrx_word' id='word_1_49' title='bbox 594 515 656 564; x_wconf 91' lang='lat' dir='ltr'><strong>cl.</strong></span> <span class='ocrx_word' id='word_1_50' title='bbox 682 515 751 563; x_wconf 88' lang='lat' dir='ltr'><strong>ib.</strong></span> <span class='ocrx_word' id='word_1_51' title='bbox 777 515 828 572; x_wconf 92' lang='lat'><strong>7,</strong></span> <span class='ocrx_word' id='word_1_52' title='bbox 848 513 899 575; x_wconf 88' lang='grc'><strong>3,</strong></span> <span class='ocrx_word' id='word_1_53' title='bbox 925 512 1007 564; x_wconf 88' lang='grc'><strong>10.</strong></span> <span class='ocrx_word' id='word_1_54' title='bbox 1032 539 1095 548; x_wconf 87' lang='grc'><strong>--</strong></span> <span class='ocrx_word' id='word_1_55' title='bbox 1116 511 1232 560; x_wconf 88' lang='lat' dir='ltr'><strong>Bel-</strong></span> 
     </span>
     <span class='ocr_line' id='line_1_9' title="bbox 292 584 1233 645; baseline -0.004 -11"><span class='ocrx_word' id='word_1_56' title='bbox 292 586 398 634; x_wconf 88' lang='lat' dir='ltr'><strong>lum</strong></span> <span class='ocrx_word' id='word_1_57' title='bbox 430 592 603 634; x_wconf 87' lang='lat' dir='ltr'><strong>contra</strong></span> <span class='ocrx_word' id='word_1_58' title='bbox 631 584 907 633; x_wconf 86' lang='lat' dir='ltr'><strong>Antonium</strong></span> <span class='ocrx_word' id='word_1_59' title='bbox 930 597 1024 631; x_wconf 82' lang='lat' dir='ltr'><strong>sua</strong></span> <span class='ocrx_word' id='word_1_60' title='bbox 1051 588 1233 645; x_wconf 85' lang='lat' dir='ltr'><strong>sponte</strong></span> 
     </span>
     <span class='ocr_line' id='line_1_10' title="bbox 292 650 1231 718; baseline -0.006 -14"><span class='ocrx_word' id='word_1_61' title='bbox 292 656 550 718; x_wconf 87' lang='lat' dir='ltr'><strong>suscepit,</strong></span> <span class='ocrx_word' id='word_1_62' title='bbox 570 653 643 702; x_wconf 85' lang='grc'><strong>11).</strong></span> <span class='ocrx_word' id='word_1_63' title='bbox 667 651 719 710; x_wconf 90' lang='lat'><strong>8,</strong></span> <span class='ocrx_word' id='word_1_64' title='bbox 742 653 791 710; x_wconf 83' lang='lat'><strong>2,</strong></span> <span class='ocrx_word' id='word_1_65' title='bbox 814 650 864 703; x_wconf 86' lang='lat'><strong>5.</strong></span> <span class='ocrx_word' id='word_1_66' title='bbox 881 651 1231 715; x_wconf 84' lang='lat' dir='ltr'><strong>—Imperium</strong></span> 
     </span>
     <span class='ocr_line' id='line_1_11' title="bbox 294 719 1229 781; baseline -0.005 -8"><span class='ocrx_word' id='word_1_67' title='bbox 294 722 348 773; x_wconf 88' lang='lat' dir='ltr'><strong>C.</strong></span> <span class='ocrx_word' id='word_1_68' title='bbox 374 722 578 774; x_wconf 75' lang='lat' dir='ltr'>Caesari</span> <span class='ocrx_word' id='word_1_69' title='bbox 598 721 718 772; x_wconf 89' lang='lat' dir='ltr'><strong>belli</strong></span> <span class='ocrx_word' id='word_1_70' title='bbox 738 720 1041 781; x_wconf 80' lang='lat' dir='ltr'>necessitas,</span> <span class='ocrx_word' id='word_1_71' title='bbox 1063 719 1229 768; x_wconf 77' lang='lat' dir='ltr'><strong>fasces</strong></span> 
     </span>
     <span class='ocr_line' id='line_1_12' title="bbox 292 786 1227 852; baseline -0.007 -10"><span class='ocrx_word' id='word_1_72' title='bbox 292 800 499 842; x_wconf 86' lang='lat' dir='ltr'><strong>senatus</strong></span> <span class='ocrx_word' id='word_1_73' title='bbox 550 791 718 852; x_wconf 82' lang='lat' dir='ltr'><strong>dedit,</strong></span> <span class='ocrx_word' id='word_1_74' title='bbox 770 790 845 840; x_wconf 89' lang='lat' dir='ltr'><strong>lb.</strong></span> <span class='ocrx_word' id='word_1_75' title='bbox 895 789 956 838; x_wconf 96' lang='grc'><strong>11</strong></span> <span class='ocrx_word' id='word_1_76' title='bbox 974 823 989 850; x_wconf 94' lang='grc'><strong>,</strong></span> <span class='ocrx_word' id='word_1_77' title='bbox 1038 787 1099 848; x_wconf 89' lang='grc'><strong>8,</strong></span> <span class='ocrx_word' id='word_1_78' title='bbox 1140 786 1227 837; x_wconf 86' lang='grc'><strong>20.</strong></span> 
     </span>
     <span class='ocr_line' id='line_1_13' title="bbox 290 855 1231 923; baseline -0.007 -12"><span class='ocrx_word' id='word_1_79' title='bbox 290 885 360 899; x_wconf 89' lang='lat'><strong>·--</strong></span> <span class='ocrx_word' id='word_1_80' title='bbox 393 863 458 910; x_wconf 88' lang='lat' dir='ltr'><strong>A.</strong></span> <span class='ocrx_word' id='word_1_81' title='bbox 506 861 725 923; x_wconf 86' lang='lat' dir='ltr'><strong>Hirtius,</strong></span> <span class='ocrx_word' id='word_1_82' title='bbox 774 857 829 911; x_wconf 88' lang='lat' dir='ltr'><strong>C.</strong></span> <span class='ocrx_word' id='word_1_83' title='bbox 881 855 1065 906; x_wconf 83' lang='lat' dir='ltr'><strong>Caesar</strong></span> <span class='ocrx_word' id='word_1_84' title='bbox 1118 858 1231 905; x_wconf 89' lang='lat' dir='ltr'><strong>vin-</strong></span> 
     </span>
     <span class='ocr_line' id='line_1_14' title="bbox 292 936 1228 995; baseline -0.005 -15"><span class='ocrx_word' id='word_1_85' title='bbox 292 946 405 980; x_wconf 83' lang='lat' dir='ltr'>cere</span> <span class='ocrx_word' id='word_1_86' title='bbox 432 936 672 995; x_wconf 83' lang='lat' dir='ltr'><strong>expetunt</strong></span> <span class='ocrx_word' id='word_1_87' title='bbox 704 941 983 991; x_wconf 86' lang='lat' dir='ltr'><strong>pacemque</strong></span> <span class='ocrx_word' id='word_1_88' title='bbox 1014 941 1112 976; x_wconf 84' lang='lat' dir='ltr'><strong>non</strong></span> <span class='ocrx_word' id='word_1_89' title='bbox 1138 941 1228 988; x_wconf 83' lang='lat' dir='ltr'><strong>pa-</strong></span> 
     </span>
     <span class='ocr_line' id='line_1_15' title="bbox 292 995 1229 1060; baseline -0.003 -12"><span class='ocrx_word' id='word_1_90' title='bbox 292 1001 484 1060; x_wconf 78' lang='lat' dir='ltr'><strong>ctione,</strong></span> <span class='ocrx_word' id='word_1_91' title='bbox 531 998 625 1048; x_wconf 83' lang='lat' dir='ltr'><strong>sed</strong></span> <span class='ocrx_word' id='word_1_92' title='bbox 672 997 882 1046; x_wconf 85' lang='lat' dir='ltr'><strong>victoria</strong></span> <span class='ocrx_word' id='word_1_93' title='bbox 928 995 1229 1060; x_wconf 77' lang='lat' dir='ltr'><strong>concupive-</strong></span> 
     </span>
     <span class='ocr_line' id='line_1_16' title="bbox 288 1063 1224 1129; baseline -0.004 -13"><span class='ocrx_word' id='word_1_94' title='bbox 288 1076 435 1129; x_wconf 89' lang='lat' dir='ltr'><strong>runt,</strong></span> <span class='ocrx_word' id='word_1_95' title='bbox 458 1068 532 1116; x_wconf 89' lang='lat' dir='ltr'><strong>lb.</strong></span> <span class='ocrx_word' id='word_1_96' title='bbox 557 1067 647 1127; x_wconf 86' lang='lat'><strong>12,</strong></span> <span class='ocrx_word' id='word_1_97' title='bbox 669 1067 732 1126; x_wconf 90' lang='grc'><strong>4,</strong></span> <span class='ocrx_word' id='word_1_98' title='bbox 752 1063 805 1115; x_wconf 89' lang='grc'><strong>9.</strong></span> <span class='ocrx_word' id='word_1_99' title='bbox 832 1091 899 1102; x_wconf 86' lang='lat'><strong>·—</strong></span> <span class='ocrx_word' id='word_1_100' title='bbox 920 1065 1106 1115; x_wconf 85' lang='lat' dir='ltr'><strong>Caesar</strong></span> <span class='ocrx_word' id='word_1_101' title='bbox 1132 1078 1224 1128; x_wconf 85' lang='lat' dir='ltr'><strong>pro</strong></span> 
     </span>
     <span class='ocr_line' id='line_1_17' title="bbox 289 1132 1221 1202; baseline -0.001 -18"><span class='ocrx_word' id='word_1_102' title='bbox 289 1143 523 1202; x_wconf 88' lang='lat' dir='ltr'><strong>praetore</strong></span> <span class='ocrx_word' id='word_1_103' title='bbox 542 1150 591 1184; x_wconf 88' lang='lat' dir='ltr'><strong>a.</strong></span> <span class='ocrx_word' id='word_1_104' title='bbox 614 1151 667 1186; x_wconf 93' lang='grc' dir='ltr'><strong>ιι.</strong></span> <span class='ocrx_word' id='word_1_105' title='bbox 688 1149 732 1186; x_wconf 89' lang='lat' dir='ltr'><strong>c.</strong></span> <span class='ocrx_word' id='word_1_106' title='bbox 758 1132 878 1186; x_wconf 86' lang='lat'><strong>711.</strong></span> <span class='ocrx_word' id='word_1_107' title='bbox 894 1169 907 1192; x_wconf 92' lang='lat'><strong>,</strong></span> <span class='ocrx_word' id='word_1_108' title='bbox 930 1133 1005 1184; x_wconf 82' lang='grc'><strong>11).</strong></span> <span class='ocrx_word' id='word_1_109' title='bbox 1030 1133 1111 1191; x_wconf 88' lang='grc'><strong>13,</strong></span> <span class='ocrx_word' id='word_1_110' title='bbox 1140 1132 1221 1192; x_wconf 87' lang='grc'><strong>18,</strong></span> 
     </span>
     <span class='ocr_line' id='line_1_18' title="bbox 288 1203 1224 1267; baseline -0.006 -11"><span class='ocrx_word' id='word_1_111' title='bbox 288 1203 374 1256; x_wconf 87' lang='grc'><strong>39.</strong></span> <span class='ocrx_word' id='word_1_112' title='bbox 396 1231 462 1240; x_wconf 90' lang='lat'><strong>—-</strong></span> <span class='ocrx_word' id='word_1_113' title='bbox 482 1203 629 1252; x_wconf 87' lang='lat' dir='ltr'><strong>Nulla</strong></span> <span class='ocrx_word' id='word_1_114' title='bbox 650 1203 819 1267; x_wconf 85' lang='lat' dir='ltr'><strong>specie</strong></span> <span class='ocrx_word' id='word_1_115' title='bbox 840 1203 1036 1266; x_wconf 87' lang='lat' dir='ltr'><strong>paterni</strong></span> <span class='ocrx_word' id='word_1_116' title='bbox 1062 1203 1224 1251; x_wconf 88' lang='lat' dir='ltr'><strong>nomi-</strong></span> 
     </span>
     <span class='ocr_line' id='line_1_19' title="bbox 286 1273 1223 1337; baseline -0.002 -15"><span class='ocrx_word' id='word_1_117' title='bbox 286 1275 367 1322; x_wconf 84' lang='lat' dir='ltr'><strong>nis</strong></span> <span class='ocrx_word' id='word_1_118' title='bbox 386 1287 480 1322; x_wconf 90' lang='lat' dir='ltr'><strong>nec</strong></span> <span class='ocrx_word' id='word_1_119' title='bbox 506 1274 693 1337; x_wconf 82' lang='lat' dir='ltr'><strong>pietate</strong></span> <span class='ocrx_word' id='word_1_120' title='bbox 720 1273 967 1321; x_wconf 87' lang='lat' dir='ltr'><strong>abductus</strong></span> <span class='ocrx_word' id='word_1_121' title='bbox 985 1286 1223 1334; x_wconf 87' lang='lat' dir='ltr'><strong>umquam</strong></span> 
     </span>
     <span class='ocr_line' id='line_1_20' title="bbox 289 1340 1225 1407; baseline -0.002 -16"><span class='ocrx_word' id='word_1_122' title='bbox 289 1351 390 1407; x_wconf 85' lang='lat' dir='ltr'><strong>est,</strong></span> <span class='ocrx_word' id='word_1_123' title='bbox 424 1343 496 1392; x_wconf 84' lang='grc'><strong>11).</strong></span> <span class='ocrx_word' id='word_1_124' title='bbox 522 1342 615 1404; x_wconf 91' lang='grc'><strong>13,</strong></span> <span class='ocrx_word' id='word_1_125' title='bbox 648 1340 717 1391; x_wconf 88' lang='grc'><strong>20</strong></span> <span class='ocrx_word' id='word_1_126' title='bbox 733 1378 746 1400; x_wconf 93' lang='grc'><strong>,</strong></span> <span class='ocrx_word' id='word_1_127' title='bbox 771 1342 861 1393; x_wconf 89' lang='grc'><strong>46.</strong></span> <span class='ocrx_word' id='word_1_128' title='bbox 882 1368 947 1376; x_wconf 89' lang='grc'><strong>--</strong></span> <span class='ocrx_word' id='word_1_129' title='bbox 967 1340 1225 1391; x_wconf 74' lang='lat' dir='ltr'><strong>Profectus</strong></span> 
     </span>
     <span class='ocr_line' id='line_1_21' title="bbox 288 1410 1221 1474; baseline 0 -14"><span class='ocrx_word' id='word_1_130' title='bbox 288 1412 353 1461; x_wconf 90' lang='lat' dir='ltr'><strong>ad</strong></span> <span class='ocrx_word' id='word_1_131' title='bbox 371 1411 433 1465; x_wconf 88' lang='lat' dir='ltr'><strong>D.</strong></span> <span class='ocrx_word' id='word_1_132' title='bbox 457 1411 663 1460; x_wconf 88' lang='lat' dir='ltr'><strong>Brutum</strong></span> <span class='ocrx_word' id='word_1_133' title='bbox 684 1410 1020 1472; x_wconf 84' lang='lat' dir='ltr'><strong>liberandum,</strong></span> <span class='ocrx_word' id='word_1_134' title='bbox 1043 1410 1119 1459; x_wconf 91' lang='grc'><strong>11).</strong></span> <span class='ocrx_word' id='word_1_135' title='bbox 1139 1411 1221 1474; x_wconf 93' lang='grc'><strong>14,</strong></span> 
     </span>
     <span class='ocr_line' id='line_1_22' title="bbox 288 1479 1225 1543; baseline -0.005 -11"><span class='ocrx_word' id='word_1_136' title='bbox 288 1483 353 1542; x_wconf 93' lang='grc'><strong>2,</strong></span> <span class='ocrx_word' id='word_1_137' title='bbox 388 1482 440 1533; x_wconf 87' lang='grc'><strong>4.</strong></span> <span class='ocrx_word' id='word_1_138' title='bbox 470 1507 537 1516; x_wconf 87' lang='lat'><strong>--</strong></span> <span class='ocrx_word' id='word_1_139' title='bbox 570 1481 791 1530; x_wconf 87' lang='lat' dir='ltr'><strong>Tertium</strong></span> <span class='ocrx_word' id='word_1_140' title='bbox 828 1481 936 1529; x_wconf 84' lang='lat' dir='ltr'><strong>eius</strong></span> <span class='ocrx_word' id='word_1_141' title='bbox 974 1479 1225 1543; x_wconf 85' lang='lat' dir='ltr'><strong>proelium</strong></span> 
     </span>
     <span class='ocr_line' id='line_1_23' title="bbox 286 1546 1225 1614; baseline -0.001 -16"><span class='ocrx_word' id='word_1_142' title='bbox 286 1549 425 1614; x_wconf 89' lang='lat' dir='ltr'><strong>apud</strong></span> <span class='ocrx_word' id='word_1_143' title='bbox 450 1549 723 1610; x_wconf 77' lang='lat' dir='ltr'><strong>Mutinam,</strong></span> <span class='ocrx_word' id='word_1_144' title='bbox 756 1550 825 1598; x_wconf 93' lang='lat' dir='ltr'><strong>lb.</strong></span> <span class='ocrx_word' id='word_1_145' title='bbox 867 1548 932 1598; x_wconf 90' lang='grc'><strong>14</strong></span> <span class='ocrx_word' id='word_1_146' title='bbox 950 1584 963 1606; x_wconf 95' lang='grc'><strong>,</strong></span> <span class='ocrx_word' id='word_1_147' title='bbox 995 1546 1056 1608; x_wconf 89' lang='grc'><strong>3,</strong></span> <span class='ocrx_word' id='word_1_148' title='bbox 1084 1547 1133 1598; x_wconf 89' lang='grc'><strong>6.</strong></span> <span class='ocrx_word' id='word_1_149' title='bbox 1154 1575 1225 1586; x_wconf 82' lang='lat'><strong>——</strong></span> 
     </span>
     <span class='ocr_line' id='line_1_24' title="bbox 282 1617 1223 1681; baseline -0.003 -15"><span class='ocrx_word' id='word_1_150' title='bbox 282 1618 645 1681; x_wconf 79' lang='lat' dir='ltr'><strong>Imperatorem</strong></span> <span class='ocrx_word' id='word_1_151' title='bbox 668 1617 1027 1681; x_wconf 87' lang='lat' dir='ltr'><strong>appellandum</strong></span> <span class='ocrx_word' id='word_1_152' title='bbox 1054 1623 1223 1665; x_wconf 88' lang='lat' dir='ltr'><strong>censet</strong></span> 
     </span>
     <span class='ocr_line' id='line_1_25' title="bbox 288 1684 1223 1746; baseline -0.001 -12"><span class='ocrx_word' id='word_1_153' title='bbox 288 1684 461 1734; x_wconf 86' lang='lat' dir='ltr'><strong>Cicero</strong></span> <span class='ocrx_word' id='word_1_154' title='bbox 476 1720 490 1746; x_wconf 91' lang='lat'><strong>,</strong></span> <span class='ocrx_word' id='word_1_155' title='bbox 514 1686 589 1734; x_wconf 91' lang='grc'><strong>11).</strong></span> <span class='ocrx_word' id='word_1_156' title='bbox 612 1685 705 1743; x_wconf 91' lang='grc'><strong>14,</strong></span> <span class='ocrx_word' id='word_1_157' title='bbox 734 1684 820 1746; x_wconf 92' lang='grc'><strong>10,</strong></span> <span class='ocrx_word' id='word_1_158' title='bbox 842 1685 927 1735; x_wconf 87' lang='grc'><strong>28.</strong></span> <span class='ocrx_word' id='word_1_159' title='bbox 958 1713 1024 1722; x_wconf 89' lang='grc'><strong>--</strong></span> <span class='ocrx_word' id='word_1_160' title='bbox 1046 1685 1223 1734; x_wconf 86' lang='lat' dir='ltr'><strong>Castra</strong></span> 
     </span>
     <span class='ocr_line' id='line_1_26' title="bbox 284 1752 1223 1818; baseline 0 -16"><span class='ocrx_word' id='word_1_161' title='bbox 284 1753 557 1803; x_wconf 84' lang='lat' dir='ltr'><strong>multarum</strong></span> <span class='ocrx_word' id='word_1_162' title='bbox 575 1752 827 1816; x_wconf 83' lang='lat' dir='ltr'><strong>legionum</strong></span> <span class='ocrx_word' id='word_1_163' title='bbox 847 1756 1027 1818; x_wconf 79' lang='lat' dir='ltr'><strong>paucis</strong></span> <span class='ocrx_word' id='word_1_164' title='bbox 1046 1754 1223 1804; x_wconf 88' lang='lat' dir='ltr'><strong>cohor-</strong></span> 
     </span>
     <span class='ocr_line' id='line_1_27' title="bbox 284 1822 1219 1884; baseline 0.002 -13"><span class='ocrx_word' id='word_1_165' title='bbox 284 1823 420 1871; x_wconf 84' lang='lat' dir='ltr'><strong>tibus</strong></span> <span class='ocrx_word' id='word_1_166' title='bbox 446 1831 635 1871; x_wconf 87' lang='lat' dir='ltr'><strong>tutatus</strong></span> <span class='ocrx_word' id='word_1_167' title='bbox 660 1830 736 1870; x_wconf 88' lang='lat' dir='ltr'><strong>est</strong></span> <span class='ocrx_word' id='word_1_168' title='bbox 747 1857 767 1881; x_wconf 90' lang='lat'>‚</span> <span class='ocrx_word' id='word_1_169' title='bbox 804 1823 876 1870; x_wconf 89' lang='lat' dir='ltr'><strong>lb.</strong></span> <span class='ocrx_word' id='word_1_170' title='bbox 928 1822 991 1871; x_wconf 85' lang='lat' dir='ltr'><strong>cf.</strong></span> <span class='ocrx_word' id='word_1_171' title='bbox 1026 1823 1092 1871; x_wconf 90' lang='lat' dir='ltr'><strong>ib.</strong></span> <span class='ocrx_word' id='word_1_172' title='bbox 1134 1822 1219 1884; x_wconf 86' lang='lat'><strong>10,</strong></span> 
     </span>
     <span class='ocr_line' id='line_1_28' title="bbox 288 1889 1223 1956; baseline -0.003 -14"><span class='ocrx_word' id='word_1_173' title='bbox 288 1892 371 1952; x_wconf 90' lang='grc'><strong>14,</strong></span> <span class='ocrx_word' id='word_1_174' title='bbox 394 1891 476 1943; x_wconf 87' lang='grc'><strong>37.</strong></span> <span class='ocrx_word' id='word_1_175' title='bbox 492 1890 773 1956; x_wconf 83' lang='lat' dir='ltr'><strong>-Fragm.</strong></span> <span class='ocrx_word' id='word_1_176' title='bbox 802 1889 1131 1955; x_wconf 86' lang='lat' dir='ltr'><strong>epistolarum</strong></span> <span class='ocrx_word' id='word_1_177' title='bbox 1156 1890 1223 1939; x_wconf 85' lang='lat' dir='ltr'><strong>ad</strong></span> 
     </span>
     <span class='ocr_line' id='line_1_29' title="bbox 285 1958 1224 2027; baseline -0.004 -14"><span class='ocrx_word' id='word_1_178' title='bbox 285 1976 399 2013; x_wconf 85' lang='lat' dir='ltr'><strong>eum</strong></span> <span class='ocrx_word' id='word_1_179' title='bbox 414 1997 429 2019; x_wconf 88' lang='lat'><strong>,</strong></span> <span class='ocrx_word' id='word_1_180' title='bbox 448 1958 633 2027; x_wconf 78' lang='lat' dir='ltr'><strong>fragm.</strong></span> <span class='ocrx_word' id='word_1_181' title='bbox 652 1975 706 2025; x_wconf 89' lang='lat' dir='ltr'><strong>p.</strong></span> <span class='ocrx_word' id='word_1_182' title='bbox 731 1959 827 2011; x_wconf 82' lang='lat'><strong>251</strong></span> <span class='ocrx_word' id='word_1_183' title='bbox 848 1976 926 2023; x_wconf 90' lang='lat' dir='ltr'><strong>sq.</strong></span> <span class='ocrx_word' id='word_1_184' title='bbox 953 1986 1023 1997; x_wconf 91' lang='lat'><strong>-—</strong></span> <span class='ocrx_word' id='word_1_185' title='bbox 1041 1958 1116 2009; x_wconf 91' lang='lat' dir='ltr'><strong>De</strong></span> <span class='ocrx_word' id='word_1_186' title='bbox 1136 1976 1224 2009; x_wconf 84' lang='lat' dir='ltr'><strong>re·</strong></span> 
     </span>
     <span class='ocr_line' id='line_1_30' title="bbox 284 2029 1218 2096; baseline 0.003 -17"><span class='ocrx_word' id='word_1_187' title='bbox 284 2030 451 2096; x_wconf 82' lang='lat' dir='ltr'><strong>gendo</strong></span> <span class='ocrx_word' id='word_1_188' title='bbox 464 2030 678 2081; x_wconf 79' lang='lat' dir='ltr'><strong>Caesare</strong></span> <span class='ocrx_word' id='word_1_189' title='bbox 696 2045 874 2095; x_wconf 85' lang='lat' dir='ltr'><strong>puero,</strong></span> <span class='ocrx_word' id='word_1_190' title='bbox 896 2046 976 2095; x_wconf 90' lang='lat' dir='ltr'><strong>ep.</strong></span> <span class='ocrx_word' id='word_1_191' title='bbox 997 2030 1066 2080; x_wconf 91' lang='lat' dir='ltr'><strong>ad</strong></span> <span class='ocrx_word' id='word_1_192' title='bbox 1081 2029 1218 2082; x_wconf 87' lang='lat' dir='ltr'><strong>Brut.</strong></span> 
     </span>
     <span class='ocr_line' id='line_1_31' title="bbox 286 2098 1221 2163; baseline -0.005 -13"><span class='ocrx_word' id='word_1_193' title='bbox 286 2100 335 2160; x_wconf 90' lang='grc'><strong>1,</strong></span> <span class='ocrx_word' id='word_1_194' title='bbox 355 2099 407 2152; x_wconf 86' lang='lat'><strong>3.</strong></span> <span class='ocrx_word' id='word_1_195' title='bbox 424 2126 492 2137; x_wconf 89' lang='lat'><strong>-—·</strong></span> <span class='ocrx_word' id='word_1_196' title='bbox 510 2100 773 2163; x_wconf 80' lang='lat' dir='ltr'><strong>Reliquias</strong></span> <span class='ocrx_word' id='word_1_197' title='bbox 794 2100 1017 2149; x_wconf 89' lang='lat' dir='ltr'><strong>hostium</strong></span> <span class='ocrx_word' id='word_1_198' title='bbox 1035 2098 1221 2147; x_wconf 87' lang='lat' dir='ltr'><strong>Brutus</strong></span> 
     </span>
     <span class='ocr_line' id='line_1_32' title="bbox 283 2166 1221 2232; baseline -0.002 -15"><span class='ocrx_word' id='word_1_199' title='bbox 283 2170 605 2232; x_wconf 86' lang='lat' dir='ltr'><strong>persequitur</strong></span> <span class='ocrx_word' id='word_1_200' title='bbox 624 2178 673 2217; x_wconf 89' lang='lat' dir='ltr'><strong>et</strong></span> <span class='ocrx_word' id='word_1_201' title='bbox 705 2168 913 2229; x_wconf 88' lang='lat' dir='ltr'><strong>Caesar,</strong></span> <span class='ocrx_word' id='word_1_202' title='bbox 942 2169 1016 2218; x_wconf 93' lang='grc'><strong>11).</strong></span> <span class='ocrx_word' id='word_1_203' title='bbox 1052 2194 1116 2202; x_wconf 89' lang='grc'><strong>--</strong></span> <span class='ocrx_word' id='word_1_204' title='bbox 1146 2166 1221 2215; x_wconf 90' lang='lat' dir='ltr'><strong>De</strong></span> 
     </span>
     <span class='ocr_line' id='line_1_33' title="bbox 284 2236 1221 2300; baseline -0.004 -11"><span class='ocrx_word' id='word_1_205' title='bbox 284 2237 517 2289; x_wconf 87' lang='lat' dir='ltr'><strong>Caesaris</strong></span> <span class='ocrx_word' id='word_1_206' title='bbox 533 2236 809 2287; x_wconf 85' lang='lat' dir='ltr'><strong>honoribus</strong></span> <span class='ocrx_word' id='word_1_207' title='bbox 823 2274 837 2299; x_wconf 94' lang='lat'><strong>,</strong></span> <span class='ocrx_word' id='word_1_208' title='bbox 862 2250 989 2299; x_wconf 87' lang='lat' dir='ltr'><strong>quos</strong></span> <span class='ocrx_word' id='word_1_209' title='bbox 1010 2250 1221 2300; x_wconf 88' lang='lat' dir='ltr'><strong>accepe-</strong></span> 
     </span>
     <span class='ocr_line' id='line_1_34' title="bbox 282 2306 1221 2368; baseline 0.002 -13"><span class='ocrx_word' id='word_1_210' title='bbox 282 2307 375 2368; x_wconf 86' lang='lat' dir='ltr'><strong>rit,</strong></span> <span class='ocrx_word' id='word_1_211' title='bbox 408 2306 851 2365; x_wconf 78' lang='lat' dir='ltr'><strong>extraordinariiS,</strong></span> <span class='ocrx_word' id='word_1_212' title='bbox 884 2306 957 2357; x_wconf 93' lang='lat' dir='ltr'><strong>Ib.</strong></span> <span class='ocrx_word' id='word_1_213' title='bbox 982 2306 1040 2365; x_wconf 93' lang='lat'><strong>1,</strong></span> <span class='ocrx_word' id='word_1_214' title='bbox 1069 2307 1120 2358; x_wconf 88' lang='grc'><strong>4.</strong></span> <span class='ocrx_word' id='word_1_215' title='bbox 1148 2332 1221 2345; x_wconf 88' lang='grc'><strong>-</strong></span> 
     </span>
     <span class='ocr_line' id='line_1_35' title="bbox 280 2374 1217 2441; baseline -0.003 -16"><span class='ocrx_word' id='word_1_216' title='bbox 280 2375 357 2425; x_wconf 89' lang='lat' dir='ltr'><strong>De</strong></span> <span class='ocrx_word' id='word_1_217' title='bbox 374 2374 508 2424; x_wconf 91' lang='lat' dir='ltr'><strong>bello</strong></span> <span class='ocrx_word' id='word_1_218' title='bbox 524 2411 539 2437; x_wconf 93' lang='lat'><strong>,</strong></span> <span class='ocrx_word' id='word_1_219' title='bbox 559 2376 695 2439; x_wconf 86' lang='lat' dir='ltr'><strong>quod</strong></span> <span class='ocrx_word' id='word_1_220' title='bbox 720 2378 787 2427; x_wconf 88' lang='lat' dir='ltr'><strong>ad</strong></span> <span class='ocrx_word' id='word_1_221' title='bbox 809 2375 1053 2425; x_wconf 83' lang='lat' dir='ltr'><strong>Mutinam</strong></span> <span class='ocrx_word' id='word_1_222' title='bbox 1071 2388 1217 2441; x_wconf 84' lang='lat' dir='ltr'><strong>gera-</strong></span> 
     </span>
     <span class='ocr_line' id='line_1_36' title="bbox 279 2445 1218 2509; baseline -0.002 -14"><span class='ocrx_word' id='word_1_223' title='bbox 279 2453 392 2505; x_wconf 77' lang='lat' dir='ltr'><strong>tur,</strong></span> <span class='ocrx_word' id='word_1_224' title='bbox 425 2445 488 2496; x_wconf 90' lang='lat' dir='ltr'><strong>de</strong></span> <span class='ocrx_word' id='word_1_225' title='bbox 508 2445 722 2501; x_wconf 81' lang='lat' dir='ltr'><strong>Caesare</strong></span> <span class='ocrx_word' id='word_1_226' title='bbox 746 2446 954 2507; x_wconf 89' lang='lat' dir='ltr'><strong>eiusque</strong></span> <span class='ocrx_word' id='word_1_227' title='bbox 979 2459 1069 2509; x_wconf 89' lang='lat' dir='ltr'><strong>spe</strong></span> <span class='ocrx_word' id='word_1_228' title='bbox 1098 2458 1218 2494; x_wconf 87' lang='lat' dir='ltr'><strong>con-</strong></span> 
     </span>
     <span class='ocr_line' id='line_1_37' title="bbox 282 2513 1212 2578; baseline -0.005 -13"><span class='ocrx_word' id='word_1_229' title='bbox 282 2513 481 2565; x_wconf 82' lang='lat' dir='ltr'><strong>sulatus</strong></span> <span class='ocrx_word' id='word_1_230' title='bbox 514 2516 825 2574; x_wconf 87' lang='lat' dir='ltr'><strong>certissima,</strong></span> <span class='ocrx_word' id='word_1_231' title='bbox 867 2529 949 2578; x_wconf 89' lang='lat' dir='ltr'><strong>ep.</strong></span> <span class='ocrx_word' id='word_1_232' title='bbox 984 2515 1049 2563; x_wconf 87' lang='lat' dir='ltr'><strong>ad</strong></span> <span class='ocrx_word' id='word_1_233' title='bbox 1072 2513 1212 2561; x_wconf 85' lang='lat' dir='ltr'><strong>Brut.</strong></span> 
     </span>
     <span class='ocr_line' id='line_1_38' title="bbox 282 2582 1216 2647; baseline -0.004 -14"><span class='ocrx_word' id='word_1_234' title='bbox 282 2582 331 2642; x_wconf 90' lang='lat' dir='ltr'><strong>l,</strong></span> <span class='ocrx_word' id='word_1_235' title='bbox 356 2583 437 2634; x_wconf 86' lang='lat'><strong>10.</strong></span> <span class='ocrx_word' id='word_1_236' title='bbox 452 2583 706 2633; x_wconf 88' lang='lat' dir='ltr'><strong>——Cicero</strong></span> <span class='ocrx_word' id='word_1_237' title='bbox 728 2584 933 2634; x_wconf 85' lang='lat' dir='ltr'><strong>Caesari</strong></span> <span class='ocrx_word' id='word_1_238' title='bbox 950 2583 1216 2647; x_wconf 86' lang='lat' dir='ltr'><strong>imperium</strong></span> 
     </span>
     <span class='ocr_line' id='line_1_39' title="bbox 281 2650 1217 2717; baseline -0.001 -17"><span class='ocrx_word' id='word_1_239' title='bbox 281 2652 521 2713; x_wconf 89' lang='lat' dir='ltr'><strong>decrevit,</strong></span> <span class='ocrx_word' id='word_1_240' title='bbox 538 2658 755 2701; x_wconf 84' lang='lat' dir='ltr'><strong>statuam</strong></span> <span class='ocrx_word' id='word_1_241' title='bbox 775 2650 1063 2717; x_wconf 77' lang='lat' dir='ltr'><strong>Philippus,</strong></span> <span class='ocrx_word' id='word_1_242' title='bbox 1084 2650 1217 2701; x_wconf 81' lang='lat' dir='ltr'><strong>eele-</strong></span> 
     </span>
     <span class='ocr_line' id='line_1_40' title="bbox 280 2718 1211 2785; baseline 0.002 -18"><span class='ocrx_word' id='word_1_243' title='bbox 280 2721 481 2768; x_wconf 84' lang='lat' dir='ltr'><strong>ritatem</strong></span> <span class='ocrx_word' id='word_1_244' title='bbox 532 2721 795 2785; x_wconf 84' lang='lat' dir='ltr'><strong>petitionis</strong></span> <span class='ocrx_word' id='word_1_245' title='bbox 850 2720 1014 2783; x_wconf 90' lang='lat' dir='ltr'><strong>primo</strong></span> <span class='ocrx_word' id='word_1_246' title='bbox 1068 2718 1211 2770; x_wconf 75' lang='lat' dir='ltr'><strong>SerV.</strong></span> 
     </span>
     <span class='ocr_line' id='line_1_41' title="bbox 280 2786 1215 2852; baseline -0.001 -15"><span class='ocrx_word' id='word_1_247' title='bbox 280 2786 567 2851; x_wconf 88' lang='lat' dir='ltr'><strong>Sulpicius,</strong></span> <span class='ocrx_word' id='word_1_248' title='bbox 608 2796 725 2852; x_wconf 91' lang='lat' dir='ltr'><strong>post</strong></span> <span class='ocrx_word' id='word_1_249' title='bbox 772 2788 1014 2837; x_wconf 87' lang='lat' dir='ltr'><strong>maiorem</strong></span> <span class='ocrx_word' id='word_1_250' title='bbox 1064 2790 1215 2837; x_wconf 84' lang='lat' dir='ltr'><strong>etiam</strong></span> 
     </span>
     <span class='ocr_line' id='line_1_42' title="bbox 280 2854 1214 2917; baseline 0.002 -13"><span class='ocrx_word' id='word_1_251' title='bbox 280 2854 554 2917; x_wconf 87' lang='lat' dir='ltr'><strong>Servilius,</strong></span> <span class='ocrx_word' id='word_1_252' title='bbox 583 2862 638 2904; x_wconf 90' lang='lat' dir='ltr'><strong>ut</strong></span> <span class='ocrx_word' id='word_1_253' title='bbox 662 2858 833 2906; x_wconf 85' lang='lat' dir='ltr'><strong>ovanti</strong></span> <span class='ocrx_word' id='word_1_254' title='bbox 865 2856 1073 2906; x_wconf 82' lang='lat' dir='ltr'><strong>introire</strong></span> <span class='ocrx_word' id='word_1_255' title='bbox 1096 2856 1214 2906; x_wconf 83' lang='lat' dir='ltr'><strong>lice-</strong></span> 
     </span>
     <span class='ocr_line' id='line_1_43' title="bbox 276 2924 1210 2990; baseline 0.006 -17"><span class='ocrx_word' id='word_1_256' title='bbox 276 2934 380 2989; x_wconf 86' lang='lat' dir='ltr'><strong>ret,</strong></span> <span class='ocrx_word' id='word_1_257' title='bbox 408 2924 473 2973; x_wconf 84' lang='lat' dir='ltr'><strong>ad</strong></span> <span class='ocrx_word' id='word_1_258' title='bbox 492 2925 630 2975; x_wconf 85' lang='lat' dir='ltr'><strong>Brut.</strong></span> <span class='ocrx_word' id='word_1_259' title='bbox 657 2926 715 2990; x_wconf 88' lang='lat'><strong>1,</strong></span> <span class='ocrx_word' id='word_1_260' title='bbox 745 2924 823 2975; x_wconf 92' lang='lat'><strong>15.</strong></span> <span class='ocrx_word' id='word_1_261' title='bbox 863 2925 923 2974; x_wconf 87' lang='lat' dir='ltr'><strong>cl.</strong></span> <span class='ocrx_word' id='word_1_262' title='bbox 948 2926 1013 2974; x_wconf 94' lang='lat' dir='ltr'><strong>ib.</strong></span> <span class='ocrx_word' id='word_1_263' title='bbox 1046 2926 1102 2986; x_wconf 94' lang='lat'><strong>1,</strong></span> <span class='ocrx_word' id='word_1_264' title='bbox 1130 2925 1210 2979; x_wconf 88' lang='grc'><strong>16.</strong></span> 
     </span>
     <span class='ocr_line' id='line_1_44' title="bbox 279 2994 1215 3059; baseline 0 -16"><span class='ocrx_word' id='word_1_265' title='bbox 279 3021 345 3029; x_wconf 90' lang='grc'><strong>-</strong></span> <span class='ocrx_word' id='word_1_266' title='bbox 383 2994 532 3045; x_wconf 87' lang='lat' dir='ltr'><strong>Pueri</strong></span> <span class='ocrx_word' id='word_1_267' title='bbox 575 3002 625 3043; x_wconf 88' lang='lat' dir='ltr'><strong>et</strong></span> <span class='ocrx_word' id='word_1_268' title='bbox 676 2995 927 3059; x_wconf 84' lang='lat' dir='ltr'><strong>cupiditas</strong></span> <span class='ocrx_word' id='word_1_269' title='bbox 964 3002 1013 3045; x_wconf 91' lang='lat' dir='ltr'><strong>et</strong></span> <span class='ocrx_word' id='word_1_270' title='bbox 1057 2994 1215 3045; x_wconf 86' lang='lat' dir='ltr'><strong>licen-</strong></span> 
     </span>
     <span class='ocr_line' id='line_1_45' title="bbox 276 3064 1211 3129; baseline 0.002 -17"><span class='ocrx_word' id='word_1_271' title='bbox 276 3064 351 3112; x_wconf 87' lang='lat' dir='ltr'><strong>tia</strong></span> <span class='ocrx_word' id='word_1_272' title='bbox 388 3066 559 3129; x_wconf 81' lang='lat' dir='ltr'><strong>potius</strong></span> <span class='ocrx_word' id='word_1_273' title='bbox 595 3070 671 3113; x_wconf 86' lang='lat' dir='ltr'><strong>est</strong></span> <span class='ocrx_word' id='word_1_274' title='bbox 706 3064 900 3112; x_wconf 87' lang='lat' dir='ltr'><strong>irritata</strong></span> <span class='ocrx_word' id='word_1_275' title='bbox 935 3078 1085 3127; x_wconf 85' lang='lat' dir='ltr'><strong>quam</strong></span> <span class='ocrx_word' id='word_1_276' title='bbox 1122 3080 1211 3129; x_wconf 87' lang='lat' dir='ltr'><strong>op-</strong></span> 
     </span>
     <span class='ocr_line' id='line_1_46' title="bbox 277 3132 1211 3197; baseline 0.003 -15"><span class='ocrx_word' id='word_1_277' title='bbox 277 3146 459 3197; x_wconf 83' lang='lat' dir='ltr'><strong>pressa</strong></span> <span class='ocrx_word' id='word_1_278' title='bbox 486 3150 516 3183; x_wconf 89' lang='lat' dir='ltr'><strong>a</strong></span> <span class='ocrx_word' id='word_1_279' title='bbox 537 3132 805 3195; x_wconf 86' lang='lat' dir='ltr'><strong>Cicerone,</strong></span> <span class='ocrx_word' id='word_1_280' title='bbox 839 3132 913 3182; x_wconf 93' lang='lat' dir='ltr'><strong>lb.</strong></span> <span class='ocrx_word' id='word_1_281' title='bbox 940 3134 1003 3196; x_wconf 83' lang='grc'><strong>1,·</strong></span> <span class='ocrx_word' id='word_1_282' title='bbox 1038 3134 1119 3185; x_wconf 87' lang='grc'><strong>17.</strong></span> <span class='ocrx_word' id='word_1_283' title='bbox 1142 3152 1211 3171; x_wconf 75' lang='lat'><strong>...-</strong></span> 
     </span>
     <span class='ocr_line' id='line_1_47' title="bbox 276 3201 1211 3268; baseline 0 -16"><span class='ocrx_word' id='word_1_284' title='bbox 276 3202 475 3253; x_wconf 84' lang='lat' dir='ltr'><strong>Patrem</strong></span> <span class='ocrx_word' id='word_1_285' title='bbox 502 3202 725 3268; x_wconf 86' lang='lat' dir='ltr'><strong>appellat</strong></span> <span class='ocrx_word' id='word_1_286' title='bbox 753 3202 987 3253; x_wconf 86' lang='lat' dir='ltr'><strong>Octavius</strong></span> <span class='ocrx_word' id='word_1_287' title='bbox 1012 3201 1211 3252; x_wconf 89' lang='lat' dir='ltr'><strong>Cicero-</strong></span> 
     </span>
     <span class='ocr_line' id='line_1_48' title="bbox 276 3270 1211 3334; baseline -0.002 -13"><span class='ocrx_word' id='word_1_288' title='bbox 276 3280 411 3334; x_wconf 81' lang='lat' dir='ltr'><strong>nem,</strong></span> <span class='ocrx_word' id='word_1_289' title='bbox 432 3273 508 3321; x_wconf 90' lang='lat' dir='ltr'><strong>Ib.</strong></span> <span class='ocrx_word' id='word_1_290' title='bbox 523 3270 788 3322; x_wconf 90' lang='lat' dir='ltr'><strong>—Omnes</strong></span> <span class='ocrx_word' id='word_1_291' title='bbox 808 3272 984 3321; x_wconf 87' lang='lat' dir='ltr'><strong>Cicero</strong></span> <span class='ocrx_word' id='word_1_292' title='bbox 1002 3272 1211 3322; x_wconf 84' lang='lat' dir='ltr'><strong>adhibet</strong></span> 
     </span>
     <span class='ocr_line' id='line_1_49' title="bbox 275 3340 1209 3391; baseline 0 -2"><span class='ocrx_word' id='word_1_293' title='bbox 275 3341 539 3391; x_wconf 87' lang='lat' dir='ltr'><strong>machinas</strong></span> <span class='ocrx_word' id='word_1_294' title='bbox 556 3341 622 3391; x_wconf 90' lang='lat' dir='ltr'><strong>ad</strong></span> <span class='ocrx_word' id='word_1_295' title='bbox 636 3342 903 3391; x_wconf 88' lang='lat' dir='ltr'><strong>tenendum</strong></span> <span class='ocrx_word' id='word_1_296' title='bbox 918 3340 1209 3390; x_wconf 87' lang='lat' dir='ltr'><strong>adolescen-</strong></span> 
     </span>
     <span class='ocr_line' id='line_1_50' title="bbox 277 3408 1209 3474; baseline 0.001 -18"><span class='ocrx_word' id='word_1_297' title='bbox 277 3414 409 3474; x_wconf 84' lang='lat' dir='ltr'><strong>tem,</strong></span> <span class='ocrx_word' id='word_1_298' title='bbox 446 3424 507 3459; x_wconf 87' lang='lat' dir='ltr'><strong>ne</strong></span> <span class='ocrx_word' id='word_1_299' title='bbox 538 3408 726 3459; x_wconf 79' lang='lat' dir='ltr'><strong>famam</strong></span> <span class='ocrx_word' id='word_1_300' title='bbox 753 3411 930 3459; x_wconf 87' lang='lat' dir='ltr'><strong>subeat</strong></span> <span class='ocrx_word' id='word_1_301' title='bbox 958 3411 1209 3461; x_wconf 85' lang='lat' dir='ltr'><strong>temerita-</strong></span> 
     </span>
    </p>
   </div>
   <div class='ocr_carea' id='block_1_7' title="bbox 1371 511 2330 644">
    <p class='ocr_par' dir='ltr' id='par_1_7' title="bbox 1371 511 2330 644">
     <span class='ocr_line' id='line_1_51' title="bbox 1371 511 2330 580; baseline 0.003 -17"><span class='ocrx_word' id='word_1_302' title='bbox 1371 511 1478 578; x_wconf 83' lang='lat' dir='ltr'><strong>rio,</strong></span> <span class='ocrx_word' id='word_1_303' title='bbox 1501 515 1730 564; x_wconf 87' lang='lat' dir='ltr'><strong>Caesaris</strong></span> <span class='ocrx_word' id='word_1_304' title='bbox 1763 528 1827 564; x_wconf 84' lang='lat' dir='ltr'><strong>ex</strong></span> <span class='ocrx_word' id='word_1_305' title='bbox 1857 514 2132 580; x_wconf 81' lang='lat' dir='ltr'><strong>Cleopatra</strong></span> <span class='ocrx_word' id='word_1_306' title='bbox 2161 517 2330 576; x_wconf 80' lang='lat' dir='ltr'><strong>filius,</strong></span> 
     </span>
     <span class='ocr_line' id='line_1_52' title="bbox 1373 583 1855 644; baseline 0.004 -12"><span class='ocrx_word' id='word_1_307' title='bbox 1373 584 1439 632; x_wconf 82' lang='lat' dir='ltr'><strong>ad</strong></span> <span class='ocrx_word' id='word_1_308' title='bbox 1460 586 1558 632; x_wconf 80' lang='lat' dir='ltr'><strong>Au.</strong></span> <span class='ocrx_word' id='word_1_309' title='bbox 1584 585 1666 641; x_wconf 86' lang='lat'><strong>14,</strong></span> <span class='ocrx_word' id='word_1_310' title='bbox 1694 583 1782 644; x_wconf 92' lang='grc'><strong>20,</strong></span> <span class='ocrx_word' id='word_1_311' title='bbox 1803 586 1855 634; x_wconf 90' lang='grc'><strong>2.</strong></span> 
     </span>
    </p>
   </div>
   <div class='ocr_carea' id='block_1_8' title="bbox 1301 649 2324 711">
    <p class='ocr_par' dir='ltr' id='par_1_8' title="bbox 1301 649 2324 711">
     <span class='ocr_line' id='line_1_53' title="bbox 1301 649 2324 711; baseline 0.002 -11"><span class='ocrx_word' id='word_1_312' title='bbox 1301 649 1365 700; x_wconf 88' lang='lat' dir='ltr'><strong>L.</strong></span> <span class='ocrx_word' id='word_1_313' title='bbox 1401 650 1600 702; x_wconf 72' lang='lat' dir='ltr'><strong>Iulius.</strong></span> <span class='ocrx_word' id='word_1_314' title='bbox 1637 651 2036 703; x_wconf 84' lang='lat' dir='ltr'><strong>Commendatur</strong></span> <span class='ocrx_word' id='word_1_315' title='bbox 2067 653 2129 711; x_wconf 86' lang='lat' dir='ltr'><strong>Q.</strong></span> <span class='ocrx_word' id='word_1_316' title='bbox 2163 654 2324 702; x_wconf 81' lang='lat' dir='ltr'><strong>Vale-</strong></span> 
     </span>
    </p>
   </div>
   <div class='ocr_carea' id='block_1_9' title="bbox 1371 720 2148 782">
    <p class='ocr_par' dir='ltr' id='par_1_9' title="bbox 1371 720 2148 782">
     <span class='ocr_line' id='line_1_54' title="bbox 1371 720 2148 782; baseline 0.009 -14"><span class='ocrx_word' id='word_1_317' title='bbox 1371 722 1447 769; x_wconf 90' lang='lat' dir='ltr'><strong>rio</strong></span> <span class='ocrx_word' id='word_1_318' title='bbox 1468 720 1650 780; x_wconf 84' lang='lat' dir='ltr'><strong>Orcae,</strong></span> <span class='ocrx_word' id='word_1_319' title='bbox 1678 722 1744 771; x_wconf 89' lang='lat' dir='ltr'><strong>ad</strong></span> <span class='ocrx_word' id='word_1_320' title='bbox 1765 722 1889 771; x_wconf 83' lang='lat' dir='ltr'><strong>fam.</strong></span> <span class='ocrx_word' id='word_1_321' title='bbox 1913 720 1994 780; x_wconf 85' lang='lat'><strong>13,</strong></span> <span class='ocrx_word' id='word_1_322' title='bbox 2017 723 2070 782; x_wconf 87' lang='grc'><strong>6,</strong></span> <span class='ocrx_word' id='word_1_323' title='bbox 2093 724 2148 774; x_wconf 82' lang='lat'><strong>2.</strong></span> 
     </span>
    </p>
   </div>
   <div class='ocr_carea' id='block_1_10' title="bbox 1300 787 2324 855">
    <p class='ocr_par' dir='ltr' id='par_1_10' title="bbox 1300 787 2324 855">
     <span class='ocr_line' id='line_1_55' title="bbox 1300 787 2324 855; baseline 0 -15"><span class='ocrx_word' id='word_1_324' title='bbox 1300 788 1364 840; x_wconf 81' lang='lat' dir='ltr'><strong>L.</strong></span> <span class='ocrx_word' id='word_1_325' title='bbox 1386 787 1567 840; x_wconf 85' lang='lat' dir='ltr'><strong>Iulius</strong></span> <span class='ocrx_word' id='word_1_326' title='bbox 1591 787 1800 840; x_wconf 72' lang='lat' dir='ltr'><strong>Caesar</strong></span> <span class='ocrx_word' id='word_1_327' title='bbox 1820 789 2048 855; x_wconf 73' lang='lat' dir='ltr'><strong>Strabo,</strong></span> <span class='ocrx_word' id='word_1_328' title='bbox 2071 791 2184 840; x_wconf 84' lang='lat' dir='ltr'><strong>Caii</strong></span> <span class='ocrx_word' id='word_1_329' title='bbox 2205 805 2324 842; x_wconf 78' lang='lat' dir='ltr'><strong>oru-</strong></span> 
     </span>
    </p>
   </div>
   <div class='ocr_carea' id='block_1_11' title="bbox 1361 859 2322 1735">
    <p class='ocr_par' dir='ltr' id='par_1_11' title="bbox 1361 859 2322 1735">
     <span class='ocr_line' id='line_1_56' title="bbox 1367 859 2320 926; baseline 0.004 -20"><span class='ocrx_word' id='word_1_330' title='bbox 1367 859 1490 906; x_wconf 86' lang='lat' dir='ltr'><strong>toris</strong></span> <span class='ocrx_word' id='word_1_331' title='bbox 1523 866 1572 908; x_wconf 88' lang='lat' dir='ltr'><strong>et</strong></span> <span class='ocrx_word' id='word_1_332' title='bbox 1589 862 1772 924; x_wconf 69' lang='lat' dir='ltr'><strong>poetae</strong></span> <span class='ocrx_word' id='word_1_333' title='bbox 1799 861 1985 926; x_wconf 82' lang='lat' dir='ltr'><strong>tragici</strong></span> <span class='ocrx_word' id='word_1_334' title='bbox 2003 859 2196 920; x_wconf 77' lang='lat' dir='ltr'><strong>frate-r,</strong></span> <span class='ocrx_word' id='word_1_335' title='bbox 2231 875 2320 910; x_wconf 89' lang='lat' dir='ltr'><strong>ae—</strong></span> 
     </span>
     <span class='ocr_line' id='line_1_57' title="bbox 1370 927 2322 991; baseline 0.004 -15"><span class='ocrx_word' id='word_1_336' title='bbox 1370 927 1564 976; x_wconf 83' lang='lat' dir='ltr'><strong>dilitate</strong></span> <span class='ocrx_word' id='word_1_337' title='bbox 1591 929 1892 991; x_wconf 87' lang='lat' dir='ltr'><strong>praeteritus</strong></span> <span class='ocrx_word' id='word_1_338' title='bbox 1924 929 2104 990; x_wconf 82' lang='lat' dir='ltr'><strong>consul</strong></span> <span class='ocrx_word' id='word_1_339' title='bbox 2141 937 2220 978; x_wconf 89' lang='lat' dir='ltr'><strong>est</strong></span> <span class='ocrx_word' id='word_1_340' title='bbox 2241 929 2322 980; x_wconf 76' lang='lat' dir='ltr'><strong>fa-</strong></span> 
     </span>
     <span class='ocr_line' id='line_1_58' title="bbox 1369 997 2320 1060; baseline 0.003 -16"><span class='ocrx_word' id='word_1_341' title='bbox 1369 1003 1506 1059; x_wconf 89' lang='lat' dir='ltr'><strong>ctus,</strong></span> <span class='ocrx_word' id='word_1_342' title='bbox 1527 1011 1620 1060; x_wconf 89' lang='lat' dir='ltr'><strong>pro</strong></span> <span class='ocrx_word' id='word_1_343' title='bbox 1641 997 1810 1048; x_wconf 85' lang='lat' dir='ltr'><strong>Plane.</strong></span> <span class='ocrx_word' id='word_1_344' title='bbox 1839 998 1926 1060; x_wconf 87' lang='lat'><strong>21,</strong></span> <span class='ocrx_word' id='word_1_345' title='bbox 1951 997 2038 1047; x_wconf 93' lang='grc'><strong>51.</strong></span> <span class='ocrx_word' id='word_1_346' title='bbox 2059 1023 2130 1034; x_wconf 86' lang='grc'><strong>-</strong></span> <span class='ocrx_word' id='word_1_347' title='bbox 2151 999 2213 1050; x_wconf 88' lang='lat' dir='ltr'><strong>L.</strong></span> <span class='ocrx_word' id='word_1_348' title='bbox 2234 999 2320 1047; x_wconf 86' lang='lat' dir='ltr'><strong>Iu-</strong></span> 
     </span>
     <span class='ocr_line' id='line_1_59' title="bbox 1367 1064 2319 1119; baseline 0.003 -6"><span class='ocrx_word' id='word_1_349' title='bbox 1367 1064 1468 1114; x_wconf 87' lang='lat' dir='ltr'><strong>lius</strong></span> <span class='ocrx_word' id='word_1_350' title='bbox 1489 1065 1674 1114; x_wconf 88' lang='lat' dir='ltr'><strong>Caesar</strong></span> <span class='ocrx_word' id='word_1_351' title='bbox 1703 1081 1810 1115; x_wconf 90' lang='lat' dir='ltr'><strong>cos.</strong></span> <span class='ocrx_word' id='word_1_352' title='bbox 1833 1080 1879 1114; x_wconf 87' lang='lat' dir='ltr'><strong>a.</strong></span> <span class='ocrx_word' id='word_1_353' title='bbox 1902 1082 1954 1115; x_wconf 95' lang='grc' dir='ltr'><strong>ιι.</strong></span> <span class='ocrx_word' id='word_1_354' title='bbox 1979 1081 2024 1116; x_wconf 91' lang='lat' dir='ltr'><strong>c.</strong></span> <span class='ocrx_word' id='word_1_355' title='bbox 2045 1066 2172 1119; x_wconf 83' lang='lat'><strong>664.</strong></span> <span class='ocrx_word' id='word_1_356' title='bbox 2201 1082 2319 1116; x_wconf 86' lang='lat' dir='ltr'><strong>cum</strong></span> 
     </span>
     <span class='ocr_line' id='line_1_60' title="bbox 1361 1131 2310 1199; baseline 0.005 -18"><span class='ocrx_word' id='word_1_357' title='bbox 1361 1131 1417 1186; x_wconf 89' lang='lat' dir='ltr'><strong>P.</strong></span> <span class='ocrx_word' id='word_1_358' title='bbox 1434 1133 1626 1184; x_wconf 84' lang='lat' dir='ltr'><strong>Rutilio</strong></span> <span class='ocrx_word' id='word_1_359' title='bbox 1644 1135 1807 1199; x_wconf 89' lang='lat' dir='ltr'><strong>Lupo,</strong></span> <span class='ocrx_word' id='word_1_360' title='bbox 1826 1150 1920 1199; x_wconf 90' lang='lat' dir='ltr'><strong>pro</strong></span> <span class='ocrx_word' id='word_1_361' title='bbox 1937 1134 2081 1184; x_wconf 82' lang='lat' dir='ltr'><strong>Font.</strong></span> <span class='ocrx_word' id='word_1_362' title='bbox 2110 1135 2200 1197; x_wconf 86' lang='lat'><strong>15,</strong></span> <span class='ocrx_word' id='word_1_363' title='bbox 2224 1135 2310 1186; x_wconf 89' lang='grc'><strong>33.</strong></span> 
     </span>
     <span class='ocr_line' id='line_1_61' title="bbox 1363 1201 2318 1268; baseline 0.003 -17"><span class='ocrx_word' id='word_1_364' title='bbox 1363 1228 1430 1238; x_wconf 92' lang='lat'><em>-</em></span> <span class='ocrx_word' id='word_1_365' title='bbox 1453 1201 1641 1253; x_wconf 87' lang='lat' dir='ltr'><strong>Consul</strong></span> <span class='ocrx_word' id='word_1_366' title='bbox 1673 1204 1848 1252; x_wconf 82' lang='lat' dir='ltr'><strong>refecit</strong></span> <span class='ocrx_word' id='word_1_367' title='bbox 1871 1204 2124 1268; x_wconf 84' lang='lat' dir='ltr'><strong>templum</strong></span> <span class='ocrx_word' id='word_1_368' title='bbox 2161 1207 2318 1254; x_wconf 82' lang='lat' dir='ltr'><strong>Iuno-</strong></span> 
     </span>
     <span class='ocr_line' id='line_1_62' title="bbox 1365 1271 2318 1336; baseline 0.003 -17"><span class='ocrx_word' id='word_1_369' title='bbox 1365 1272 1446 1321; x_wconf 89' lang='lat' dir='ltr'><strong>nis</strong></span> <span class='ocrx_word' id='word_1_370' title='bbox 1467 1271 1729 1336; x_wconf 86' lang='lat' dir='ltr'><strong>Sospitae,</strong></span> <span class='ocrx_word' id='word_1_371' title='bbox 1753 1273 1816 1322; x_wconf 89' lang='lat' dir='ltr'><strong>de</strong></span> <span class='ocrx_word' id='word_1_372' title='bbox 1839 1273 1999 1325; x_wconf 86' lang='lat' dir='ltr'><strong>divin.</strong></span> <span class='ocrx_word' id='word_1_373' title='bbox 2023 1273 2076 1333; x_wconf 89' lang='lat'><strong>1,</strong></span> <span class='ocrx_word' id='word_1_374' title='bbox 2097 1275 2147 1332; x_wconf 84' lang='lat'><strong>2,</strong></span> <span class='ocrx_word' id='word_1_375' title='bbox 2169 1276 2224 1324; x_wconf 88' lang='grc'><strong>4.</strong></span> <span class='ocrx_word' id='word_1_376' title='bbox 2245 1299 2318 1312; x_wconf 59' lang='grc' dir='ltr'><strong>ν-</strong></span> 
     </span>
     <span class='ocr_line' id='line_1_63' title="bbox 1363 1340 2318 1392; baseline 0.001 -2"><span class='ocrx_word' id='word_1_377' title='bbox 1363 1341 1426 1392; x_wconf 92' lang='lat' dir='ltr'><strong>L.</strong></span> <span class='ocrx_word' id='word_1_378' title='bbox 1468 1341 1626 1390; x_wconf 85' lang='lat' dir='ltr'><strong>Iulius</strong></span> <span class='ocrx_word' id='word_1_379' title='bbox 1663 1340 1850 1391; x_wconf 84' lang='lat' dir='ltr'><strong>Caesar</strong></span> <span class='ocrx_word' id='word_1_380' title='bbox 1898 1349 1947 1390; x_wconf 91' lang='lat' dir='ltr'><strong>et</strong></span> <span class='ocrx_word' id='word_1_381' title='bbox 1987 1342 2042 1390; x_wconf 92' lang='lat' dir='ltr'><strong>P.</strong></span> <span class='ocrx_word' id='word_1_382' title='bbox 2083 1342 2318 1391; x_wconf 83' lang='lat' dir='ltr'><strong>Licinius</strong></span> 
     </span>
     <span class='ocr_line' id='line_1_64' title="bbox 1367 1408 2312 1474; baseline 0.002 -16"><span class='ocrx_word' id='word_1_383' title='bbox 1367 1408 1579 1460; x_wconf 88' lang='lat' dir='ltr'><strong>Crassus</strong></span> <span class='ocrx_word' id='word_1_384' title='bbox 1601 1425 1835 1460; x_wconf 86' lang='lat' dir='ltr'><strong>censores</strong></span> <span class='ocrx_word' id='word_1_385' title='bbox 1853 1425 1964 1460; x_wconf 87' lang='lat' dir='ltr'><strong>a.u.</strong></span> <span class='ocrx_word' id='word_1_386' title='bbox 1979 1426 2026 1462; x_wconf 91' lang='lat' dir='ltr'><strong>c.</strong></span> <span class='ocrx_word' id='word_1_387' title='bbox 2049 1409 2195 1470; x_wconf 70' lang='lat'><strong>665„</strong></span> <span class='ocrx_word' id='word_1_388' title='bbox 2215 1425 2312 1474; x_wconf 90' lang='lat' dir='ltr'><strong>pro</strong></span> 
     </span>
     <span class='ocr_line' id='line_1_65' title="bbox 1364 1478 2312 1542; baseline 0.001 -15"><span class='ocrx_word' id='word_1_389' title='bbox 1364 1478 1524 1528; x_wconf 84' lang='lat' dir='ltr'><strong>Arch.</strong></span> <span class='ocrx_word' id='word_1_390' title='bbox 1557 1479 1616 1542; x_wconf 88' lang='lat'><strong>5,</strong></span> <span class='ocrx_word' id='word_1_391' title='bbox 1657 1480 1741 1529; x_wconf 89' lang='lat'><strong>11.</strong></span> <span class='ocrx_word' id='word_1_392' title='bbox 1773 1505 1839 1516; x_wconf 93' lang='lat'><strong>—-</strong></span> <span class='ocrx_word' id='word_1_393' title='bbox 1875 1479 2000 1528; x_wconf 86' lang='lat' dir='ltr'><strong>Eius</strong></span> <span class='ocrx_word' id='word_1_394' title='bbox 2036 1495 2204 1536; x_wconf 84' lang='lat' dir='ltr'><strong>mors,</strong></span> <span class='ocrx_word' id='word_1_395' title='bbox 2245 1480 2312 1528; x_wconf 91' lang='lat' dir='ltr'><strong>de</strong></span> 
     </span>
     <span class='ocr_line' id='line_1_66' title="bbox 1366 1545 2312 1612; baseline -0.001 -14"><span class='ocrx_word' id='word_1_396' title='bbox 1366 1555 1492 1598; x_wconf 87' lang='lat' dir='ltr'><strong>orat.</strong></span> <span class='ocrx_word' id='word_1_397' title='bbox 1511 1545 1562 1612; x_wconf 84' lang='lat'><strong>3,</strong></span> <span class='ocrx_word' id='word_1_398' title='bbox 1585 1547 1635 1610; x_wconf 84' lang='lat'><strong>3,</strong></span> <span class='ocrx_word' id='word_1_399' title='bbox 1661 1547 1743 1598; x_wconf 92' lang='grc'><strong>10.</strong></span> <span class='ocrx_word' id='word_1_400' title='bbox 1770 1573 1827 1585; x_wconf 89' lang='grc'>-</span> <span class='ocrx_word' id='word_1_401' title='bbox 1849 1547 2057 1598; x_wconf 84' lang='lat' dir='ltr'><strong>Occisus</strong></span> <span class='ocrx_word' id='word_1_402' title='bbox 2079 1563 2110 1598; x_wconf 85' lang='lat' dir='ltr'><strong>a</strong></span> <span class='ocrx_word' id='word_1_403' title='bbox 2129 1548 2312 1611; x_wconf 83' lang='lat' dir='ltr'><strong>Cinna,</strong></span> 
     </span>
     <span class='ocr_line' id='line_1_67' title="bbox 1363 1613 2310 1679; baseline 0.004 -15"><span class='ocrx_word' id='word_1_404' title='bbox 1363 1615 1566 1668; x_wconf 90' lang='lat' dir='ltr'><strong>Tuscul.</strong></span> <span class='ocrx_word' id='word_1_405' title='bbox 1594 1617 1657 1679; x_wconf 88' lang='lat'><strong>5,</strong></span> <span class='ocrx_word' id='word_1_406' title='bbox 1694 1613 1790 1677; x_wconf 84' lang='lat'><strong>19,</strong></span> <span class='ocrx_word' id='word_1_407' title='bbox 1813 1616 1898 1666; x_wconf 83' lang='lat'><strong>55.</strong></span> <span class='ocrx_word' id='word_1_408' title='bbox 1942 1620 2006 1667; x_wconf 87' lang='lat' dir='ltr'><strong>V.</strong></span> <span class='ocrx_word' id='word_1_409' title='bbox 2031 1615 2096 1667; x_wconf 84' lang='lat' dir='ltr'><strong>G.</strong></span> <span class='ocrx_word' id='word_1_410' title='bbox 2125 1614 2310 1668; x_wconf 76' lang='lat' dir='ltr'><strong>Iulius</strong></span> 
     </span>
     <span class='ocr_line' id='line_1_68' title="bbox 1365 1682 1823 1735; baseline -0.007 0"><span class='ocrx_word' id='word_1_411' title='bbox 1365 1683 1576 1735; x_wconf 79' lang='lat' dir='ltr'><strong>Caesar</strong></span> <span class='ocrx_word' id='word_1_412' title='bbox 1602 1682 1823 1734; x_wconf 86' lang='lat' dir='ltr'><strong>Strabo.</strong></span> 
     </span>
    </p>
   </div>
   <div class='ocr_carea' id='block_1_12' title="bbox 1295 1751 2301 1806">
    <p class='ocr_par' dir='ltr' id='par_1_12' title="bbox 1295 1751 2301 1806">
     <span class='ocr_line' id='line_1_69' title="bbox 1295 1751 2301 1806; baseline 0.002 -4"><span class='ocrx_word' id='word_1_413' title='bbox 1295 1751 1360 1802; x_wconf 90' lang='lat' dir='ltr'><strong>L.</strong></span> <span class='ocrx_word' id='word_1_414' title='bbox 1402 1752 1582 1804; x_wconf 79' lang='lat' dir='ltr'><strong>Iulius</strong></span> <span class='ocrx_word' id='word_1_415' title='bbox 1621 1751 1834 1804; x_wconf 78' lang='lat' dir='ltr'><strong>Caesar</strong></span> <span class='ocrx_word' id='word_1_416' title='bbox 1870 1755 2047 1806; x_wconf 90' lang='lat' dir='ltr'><strong>consul</strong></span> <span class='ocrx_word' id='word_1_417' title='bbox 2085 1770 2133 1803; x_wconf 87' lang='lat' dir='ltr'><strong>a.</strong></span> <span class='ocrx_word' id='word_1_418' title='bbox 2166 1771 2223 1804; x_wconf 90' lang='lat' dir='ltr'><strong>u.</strong></span> <span class='ocrx_word' id='word_1_419' title='bbox 2255 1771 2301 1805; x_wconf 87' lang='lat' dir='ltr'><strong>c.</strong></span> 
     </span>
    </p>
   </div>
   <div class='ocr_carea' id='block_1_13' title="bbox 1349 1823 2306 3475">
    <p class='ocr_par' dir='ltr' id='par_1_13' title="bbox 1349 1823 2306 3475">
     <span class='ocr_line' id='line_1_70' title="bbox 1363 1823 2306 1889; baseline -0.001 -15"><span class='ocrx_word' id='word_1_420' title='bbox 1363 1823 1483 1874; x_wconf 88' lang='grc'><strong>690.</strong></span> <span class='ocrx_word' id='word_1_421' title='bbox 1518 1823 1699 1873; x_wconf 88' lang='lat' dir='ltr'><strong>Plebes</strong></span> <span class='ocrx_word' id='word_1_422' title='bbox 1728 1829 1934 1874; x_wconf 84' lang='lat' dir='ltr'><strong>senatus</strong></span> <span class='ocrx_word' id='word_1_423' title='bbox 1963 1824 2196 1876; x_wconf 86' lang='lat' dir='ltr'><strong>consulto</strong></span> <span class='ocrx_word' id='word_1_424' title='bbox 2218 1823 2306 1889; x_wconf 89' lang='lat' dir='ltr'><strong>(de</strong></span> 
     </span>
     <span class='ocr_line' id='line_1_71' title="bbox 1365 1889 2299 1957; baseline -0.004 -14"><span class='ocrx_word' id='word_1_425' title='bbox 1365 1905 1574 1943; x_wconf 89' lang='lat' dir='ltr'><strong>numero</strong></span> <span class='ocrx_word' id='word_1_426' title='bbox 1597 1889 1959 1957; x_wconf 85' lang='lat' dir='ltr'><strong>sectatorum),</strong></span> <span class='ocrx_word' id='word_1_427' title='bbox 1985 1892 2124 1955; x_wconf 86' lang='lat' dir='ltr'><strong>quod</strong></span> <span class='ocrx_word' id='word_1_428' title='bbox 2147 1901 2226 1943; x_wconf 88' lang='lat' dir='ltr'><strong>est</strong></span> <span class='ocrx_word' id='word_1_429' title='bbox 2245 1893 2299 1941; x_wconf 87' lang='lat' dir='ltr'><strong>L.</strong></span> 
     </span>
     <span class='ocr_line' id='line_1_72' title="bbox 1363 1962 2304 2027; baseline -0.001 -14"><span class='ocrx_word' id='word_1_430' title='bbox 1363 1962 1581 2013; x_wconf 84' lang='lat' dir='ltr'><strong>Caesare</strong></span> <span class='ocrx_word' id='word_1_431' title='bbox 1611 1962 1820 2011; x_wconf 90' lang='lat' dir='ltr'><strong>consule</strong></span> <span class='ocrx_word' id='word_1_432' title='bbox 1851 1962 2066 2027; x_wconf 79' lang='lat' dir='ltr'><strong>factum,</strong></span> <span class='ocrx_word' id='word_1_433' title='bbox 2100 1964 2304 2023; x_wconf 82' lang='lat' dir='ltr'><strong>restitit,</strong></span> 
     </span>
     <span class='ocr_line' id='line_1_73' title="bbox 1361 2029 2303 2095; baseline 0.002 -16"><span class='ocrx_word' id='word_1_434' title='bbox 1361 2045 1458 2095; x_wconf 87' lang='lat' dir='ltr'><strong>pro</strong></span> <span class='ocrx_word' id='word_1_435' title='bbox 1477 2030 1605 2081; x_wconf 89' lang='lat' dir='ltr'><strong>Mur.</strong></span> <span class='ocrx_word' id='word_1_436' title='bbox 1626 2029 1712 2091; x_wconf 84' lang='lat'><strong>34,</strong></span> <span class='ocrx_word' id='word_1_437' title='bbox 1735 2030 1820 2083; x_wconf 88' lang='grc'><strong>71.</strong></span> <span class='ocrx_word' id='word_1_438' title='bbox 1839 2030 1978 2081; x_wconf 86' lang='lat' dir='ltr'><strong>——L.</strong></span> <span class='ocrx_word' id='word_1_439' title='bbox 1999 2031 2160 2081; x_wconf 88' lang='lat' dir='ltr'><strong>Iulius</strong></span> <span class='ocrx_word' id='word_1_440' title='bbox 2180 2031 2303 2081; x_wconf 73' lang='lat' dir='ltr'><strong>Cae-</strong></span> 
     </span>
     <span class='ocr_line' id='line_1_74' title="bbox 1362 2096 2302 2161; baseline 0 -12"><span class='ocrx_word' id='word_1_441' title='bbox 1362 2114 1446 2149; x_wconf 86' lang='lat' dir='ltr'><strong>sar</strong></span> <span class='ocrx_word' id='word_1_442' title='bbox 1476 2096 1720 2151; x_wconf 89' lang='lat' dir='ltr'><strong>consula.</strong></span> <span class='ocrx_word' id='word_1_443' title='bbox 1746 2114 1800 2148; x_wconf 91' lang='lat' dir='ltr'><strong>u.</strong></span> <span class='ocrx_word' id='word_1_444' title='bbox 1833 2115 1876 2148; x_wconf 92' lang='lat' dir='ltr'><strong>c.</strong></span> <span class='ocrx_word' id='word_1_445' title='bbox 1905 2098 2053 2161; x_wconf 61' lang='lat'><strong>690„</strong></span> <span class='ocrx_word' id='word_1_446' title='bbox 2093 2104 2161 2149; x_wconf 89' lang='lat' dir='ltr'><strong>ad</strong></span> <span class='ocrx_word' id='word_1_447' title='bbox 2192 2102 2302 2150; x_wconf 85' lang='lat' dir='ltr'><strong>Att.</strong></span> 
     </span>
     <span class='ocr_line' id='line_1_75' title="bbox 1363 2167 2305 2232; baseline -0.001 -14"><span class='ocrx_word' id='word_1_448' title='bbox 1363 2168 1411 2228; x_wconf 88' lang='lat'><strong>1,</strong></span> <span class='ocrx_word' id='word_1_449' title='bbox 1436 2169 1484 2229; x_wconf 91' lang='grc'><strong>1,</strong></span> <span class='ocrx_word' id='word_1_450' title='bbox 1507 2168 1670 2218; x_wconf 89' lang='grc'><strong>2.11).</strong></span> <span class='ocrx_word' id='word_1_451' title='bbox 1699 2167 1756 2227; x_wconf 89' lang='grc'><strong>1,</strong></span> <span class='ocrx_word' id='word_1_452' title='bbox 1785 2170 1851 2232; x_wconf 89' lang='grc'><strong>2,</strong></span> <span class='ocrx_word' id='word_1_453' title='bbox 1879 2169 1928 2219; x_wconf 95' lang='grc'><strong>1.</strong></span> <span class='ocrx_word' id='word_1_454' title='bbox 1951 2168 2092 2217; x_wconf 86' lang='lat' dir='ltr'><strong>—L.</strong></span> <span class='ocrx_word' id='word_1_455' title='bbox 2116 2168 2305 2221; x_wconf 85' lang='lat' dir='ltr'><strong>Caesar</strong></span> 
     </span>
     <span class='ocr_line' id='line_1_76' title="bbox 1356 2237 2304 2289; baseline 0 -2"><span class='ocrx_word' id='word_1_456' title='bbox 1356 2238 1422 2287; x_wconf 85' lang='lat' dir='ltr'><strong>de</strong></span> <span class='ocrx_word' id='word_1_457' title='bbox 1443 2237 1884 2287; x_wconf 81' lang='lat' dir='ltr'><strong>animadversione</strong></span> <span class='ocrx_word' id='word_1_458' title='bbox 1902 2238 1950 2287; x_wconf 86' lang='lat' dir='ltr'><strong>in</strong></span> <span class='ocrx_word' id='word_1_459' title='bbox 1975 2237 2304 2289; x_wconf 84' lang='lat' dir='ltr'><strong>Catilinarios</strong></span> 
     </span>
     <span class='ocr_line' id='line_1_77' title="bbox 1358 2305 2304 2367; baseline 0.001 -11"><span class='ocrx_word' id='word_1_460' title='bbox 1358 2308 1490 2357; x_wconf 84' lang='lat' dir='ltr'><strong>dixit</strong></span> <span class='ocrx_word' id='word_1_461' title='bbox 1509 2314 1621 2356; x_wconf 83' lang='lat' dir='ltr'><strong>ante</strong></span> <span class='ocrx_word' id='word_1_462' title='bbox 1643 2305 1879 2355; x_wconf 87' lang='lat' dir='ltr'><strong>Catonem</strong></span> <span class='ocrx_word' id='word_1_463' title='bbox 1894 2342 1908 2367; x_wconf 91' lang='lat'><strong>,</strong></span> <span class='ocrx_word' id='word_1_464' title='bbox 1939 2308 2011 2355; x_wconf 86' lang='grc'><strong>11).</strong></span> <span class='ocrx_word' id='word_1_465' title='bbox 2034 2306 2115 2366; x_wconf 89' lang='grc'><strong>12,</strong></span> <span class='ocrx_word' id='word_1_466' title='bbox 2138 2307 2226 2367; x_wconf 84' lang='grc'><strong>21,</strong></span> <span class='ocrx_word' id='word_1_467' title='bbox 2251 2308 2304 2357; x_wconf 90' lang='grc'><strong>1.</strong></span> 
     </span>
     <span class='ocr_line' id='line_1_78' title="bbox 1357 2376 2304 2425; baseline -0.001 0"><span class='ocrx_word' id='word_1_468' title='bbox 1357 2403 1424 2412; x_wconf 90' lang='lat'><strong>--</strong></span> <span class='ocrx_word' id='word_1_469' title='bbox 1443 2376 1567 2425; x_wconf 89' lang='lat' dir='ltr'><strong>Eius</strong></span> <span class='ocrx_word' id='word_1_470' title='bbox 1597 2377 1844 2425; x_wconf 86' lang='lat' dir='ltr'><strong>sententia</strong></span> <span class='ocrx_word' id='word_1_471' title='bbox 1877 2376 1940 2425; x_wconf 90' lang='lat' dir='ltr'><strong>de</strong></span> <span class='ocrx_word' id='word_1_472' title='bbox 1964 2376 2154 2424; x_wconf 87' lang='lat' dir='ltr'><strong>sororis</strong></span> <span class='ocrx_word' id='word_1_473' title='bbox 2175 2390 2304 2425; x_wconf 69' lang='lat' dir='ltr'><strong>suae</strong></span> 
     </span>
     <span class='ocr_line' id='line_1_79' title="bbox 1353 2443 2301 2505; baseline 0.001 -11"><span class='ocrx_word' id='word_1_474' title='bbox 1353 2446 1464 2494; x_wconf 85' lang='lat' dir='ltr'><strong>viro</strong></span> <span class='ocrx_word' id='word_1_475' title='bbox 1487 2444 1543 2493; x_wconf 91' lang='lat' dir='ltr'><strong>P.</strong></span> <span class='ocrx_word' id='word_1_476' title='bbox 1567 2444 1780 2495; x_wconf 85' lang='lat' dir='ltr'><strong>Lentulo</strong></span> <span class='ocrx_word' id='word_1_477' title='bbox 1803 2444 1960 2505; x_wconf 87' lang='lat' dir='ltr'><strong>Sura,</strong></span> <span class='ocrx_word' id='word_1_478' title='bbox 1984 2445 2038 2492; x_wconf 86' lang='lat' dir='ltr'><strong>iu</strong></span> <span class='ocrx_word' id='word_1_479' title='bbox 2061 2443 2210 2493; x_wconf 87' lang='lat' dir='ltr'><strong>Catil.</strong></span> <span class='ocrx_word' id='word_1_480' title='bbox 2245 2448 2301 2503; x_wconf 87' lang='lat'><strong>4,</strong></span> 
     </span>
     <span class='ocr_line' id='line_1_80' title="bbox 1355 2512 2303 2577; baseline -0.002 -14"><span class='ocrx_word' id='word_1_481' title='bbox 1355 2512 1418 2575; x_wconf 89' lang='grc'><strong>6,</strong></span> <span class='ocrx_word' id='word_1_482' title='bbox 1446 2512 1528 2566; x_wconf 89' lang='lat'><strong>13.</strong></span> <span class='ocrx_word' id='word_1_483' title='bbox 1579 2514 1644 2563; x_wconf 92' lang='lat' dir='ltr'><strong>cl.</strong></span> <span class='ocrx_word' id='word_1_484' title='bbox 1676 2512 1902 2577; x_wconf 88' lang='lat' dir='ltr'><strong>Philipp.</strong></span> <span class='ocrx_word' id='word_1_485' title='bbox 1931 2514 1990 2577; x_wconf 87' lang='grc'><strong>2,</strong></span> <span class='ocrx_word' id='word_1_486' title='bbox 2020 2512 2083 2575; x_wconf 89' lang='grc'><strong>6,</strong></span> <span class='ocrx_word' id='word_1_487' title='bbox 2123 2513 2204 2563; x_wconf 93' lang='grc'><strong>14.</strong></span> <span class='ocrx_word' id='word_1_488' title='bbox 2228 2539 2303 2550; x_wconf 90' lang='lat'><strong>--</strong></span> 
     </span>
     <span class='ocr_line' id='line_1_81' title="bbox 1355 2582 2302 2646; baseline 0 -15"><span class='ocrx_word' id='word_1_489' title='bbox 1355 2583 1530 2632; x_wconf 84' lang='lat' dir='ltr'><strong>Fausti</strong></span> <span class='ocrx_word' id='word_1_490' title='bbox 1549 2582 1717 2631; x_wconf 84' lang='lat' dir='ltr'><strong>Sullae</strong></span> <span class='ocrx_word' id='word_1_491' title='bbox 1735 2583 1802 2631; x_wconf 88' lang='lat' dir='ltr'><strong>ad</strong></span> <span class='ocrx_word' id='word_1_492' title='bbox 1824 2596 1937 2630; x_wconf 84' lang='lat' dir='ltr'><strong>eum</strong></span> <span class='ocrx_word' id='word_1_493' title='bbox 1960 2582 2172 2645; x_wconf 84' lang='lat' dir='ltr'><strong>litterae,</strong></span> <span class='ocrx_word' id='word_1_494' title='bbox 2201 2597 2302 2646; x_wconf 85' lang='lat' dir='ltr'><strong>pro</strong></span> 
     </span>
     <span class='ocr_line' id='line_1_82' title="bbox 1357 2649 2299 2715; baseline 0.002 -16"><span class='ocrx_word' id='word_1_495' title='bbox 1357 2650 1498 2700; x_wconf 83' lang='lat' dir='ltr'><strong>Sulla</strong></span> <span class='ocrx_word' id='word_1_496' title='bbox 1521 2650 1612 2715; x_wconf 89' lang='grc'><strong>19,</strong></span> <span class='ocrx_word' id='word_1_497' title='bbox 1641 2652 1726 2703; x_wconf 91' lang='grc'><strong>55.</strong></span> <span class='ocrx_word' id='word_1_498' title='bbox 1751 2676 1818 2687; x_wconf 91' lang='lat'><strong>-·</strong></span> <span class='ocrx_word' id='word_1_499' title='bbox 1847 2649 1906 2703; x_wconf 92' lang='lat' dir='ltr'><strong>L.</strong></span> <span class='ocrx_word' id='word_1_500' title='bbox 1929 2651 2112 2701; x_wconf 87' lang='lat' dir='ltr'><strong>Caesar</strong></span> <span class='ocrx_word' id='word_1_501' title='bbox 2144 2665 2299 2701; x_wconf 80' lang='lat' dir='ltr'><strong>accu-</strong></span> 
     </span>
     <span class='ocr_line' id='line_1_83' title="bbox 1356 2718 2298 2785; baseline 0 -16"><span class='ocrx_word' id='word_1_502' title='bbox 1356 2726 1557 2769; x_wconf 87' lang='lat' dir='ltr'><strong>saturus</strong></span> <span class='ocrx_word' id='word_1_503' title='bbox 1580 2727 1787 2785; x_wconf 87' lang='lat' dir='ltr'><strong>putatur</strong></span> <span class='ocrx_word' id='word_1_504' title='bbox 1817 2720 1885 2769; x_wconf 89' lang='lat' dir='ltr'><strong>M.</strong></span> <span class='ocrx_word' id='word_1_505' title='bbox 1914 2718 2192 2781; x_wconf 87' lang='lat' dir='ltr'><strong>Scaurum,</strong></span> <span class='ocrx_word' id='word_1_506' title='bbox 2223 2720 2298 2769; x_wconf 85' lang='lat' dir='ltr'><strong>ad</strong></span> 
     </span>
     <span class='ocr_line' id='line_1_84' title="bbox 1358 2786 2296 2852; baseline 0.002 -15"><span class='ocrx_word' id='word_1_507' title='bbox 1358 2790 1461 2837; x_wconf 86' lang='lat' dir='ltr'><strong>Att.</strong></span> <span class='ocrx_word' id='word_1_508' title='bbox 1483 2791 1544 2848; x_wconf 84' lang='lat'><strong>4,</strong></span> <span class='ocrx_word' id='word_1_509' title='bbox 1583 2788 1673 2852; x_wconf 90' lang='grc'><strong>16,</strong></span> <span class='ocrx_word' id='word_1_510' title='bbox 1705 2787 1759 2841; x_wconf 87' lang='grc'><strong>8.</strong></span> <span class='ocrx_word' id='word_1_511' title='bbox 1782 2816 1849 2824; x_wconf 94' lang='grc'>-</span> <span class='ocrx_word' id='word_1_512' title='bbox 1867 2786 1926 2837; x_wconf 88' lang='lat' dir='ltr'><strong>L.</strong></span> <span class='ocrx_word' id='word_1_513' title='bbox 1949 2788 2134 2837; x_wconf 86' lang='lat' dir='ltr'><strong>Caesar</strong></span> <span class='ocrx_word' id='word_1_514' title='bbox 2157 2788 2296 2839; x_wconf 85' lang='lat' dir='ltr'><strong>vale-</strong></span> 
     </span>
     <span class='ocr_line' id='line_1_85' title="bbox 1351 2858 2294 2922; baseline 0.001 -16"><span class='ocrx_word' id='word_1_515' title='bbox 1351 2858 1529 2907; x_wconf 85' lang='lat' dir='ltr'><strong>tudine</strong></span> <span class='ocrx_word' id='word_1_516' title='bbox 1560 2858 1956 2922; x_wconf 86' lang='lat' dir='ltr'><strong>impediebatur,</strong></span> <span class='ocrx_word' id='word_1_517' title='bbox 1993 2871 2092 2919; x_wconf 86' lang='lat' dir='ltr'><strong>quo</strong></span> <span class='ocrx_word' id='word_1_518' title='bbox 2123 2858 2294 2907; x_wconf 79' lang='lat' dir='ltr'><strong>miuus</strong></span> 
     </span>
     <span class='ocr_line' id='line_1_86' title="bbox 1353 2924 2290 2991; baseline -0.001 -15"><span class='ocrx_word' id='word_1_519' title='bbox 1353 2934 1471 2991; x_wconf 89' lang='lat' dir='ltr'><strong>post</strong></span> <span class='ocrx_word' id='word_1_520' title='bbox 1501 2924 1730 2976; x_wconf 84' lang='lat' dir='ltr'><strong>Caesaris</strong></span> <span class='ocrx_word' id='word_1_521' title='bbox 1767 2926 2026 2975; x_wconf 87' lang='lat' dir='ltr'><strong>interitum</strong></span> <span class='ocrx_word' id='word_1_522' title='bbox 2061 2928 2112 2974; x_wconf 89' lang='lat' dir='ltr'><strong>in</strong></span> <span class='ocrx_word' id='word_1_523' title='bbox 2143 2940 2290 2975; x_wconf 80' lang='lat' dir='ltr'><strong>sena-</strong></span> 
     </span>
     <span class='ocr_line' id='line_1_87' title="bbox 1351 2994 2291 3063; baseline 0.002 -19"><span class='ocrx_word' id='word_1_524' title='bbox 1351 3004 1460 3044; x_wconf 88' lang='lat' dir='ltr'><strong>tum</strong></span> <span class='ocrx_word' id='word_1_525' title='bbox 1478 2997 1704 3053; x_wconf 87' lang='lat' dir='ltr'><strong>veniret,</strong></span> <span class='ocrx_word' id='word_1_526' title='bbox 1724 2996 1789 3045; x_wconf 87' lang='lat' dir='ltr'><strong>ad</strong></span> <span class='ocrx_word' id='word_1_527' title='bbox 1805 2994 1927 3045; x_wconf 84' lang='lat' dir='ltr'><strong>fam.</strong></span> <span class='ocrx_word' id='word_1_528' title='bbox 1951 2995 2034 3059; x_wconf 82' lang='lat'><strong>12,</strong></span> <span class='ocrx_word' id='word_1_529' title='bbox 2055 2996 2088 3045; x_wconf 89' lang='grc'><strong>2</strong></span> <span class='ocrx_word' id='word_1_530' title='bbox 2103 3032 2116 3056; x_wconf 90' lang='grc'><strong>,</strong></span> <span class='ocrx_word' id='word_1_531' title='bbox 2146 2994 2291 3063; x_wconf 16' lang='grc'><strong>3.,-</strong></span> 
     </span>
     <span class='ocr_line' id='line_1_88' title="bbox 1350 3062 2292 3115; baseline -0.001 -1"><span class='ocrx_word' id='word_1_532' title='bbox 1350 3090 1420 3102; x_wconf 90' lang='lat'><strong>--</strong></span> <span class='ocrx_word' id='word_1_533' title='bbox 1440 3065 1518 3115; x_wconf 84' lang='lat' dir='ltr'><strong>Ex</strong></span> <span class='ocrx_word' id='word_1_534' title='bbox 1549 3064 1906 3115; x_wconf 87' lang='lat' dir='ltr'><strong>consularibus</strong></span> <span class='ocrx_word' id='word_1_535' title='bbox 1928 3078 2058 3113; x_wconf 87' lang='lat' dir='ltr'><strong>unus</strong></span> <span class='ocrx_word' id='word_1_536' title='bbox 2078 3064 2137 3115; x_wconf 94' lang='lat' dir='ltr'><strong>L.</strong></span> <span class='ocrx_word' id='word_1_537' title='bbox 2163 3062 2292 3113; x_wconf 87' lang='lat' dir='ltr'><strong>Cae—</strong></span> 
     </span>
     <span class='ocr_line' id='line_1_89' title="bbox 1351 3132 2286 3196; baseline 0 -15"><span class='ocrx_word' id='word_1_538' title='bbox 1351 3148 1436 3181; x_wconf 86' lang='lat' dir='ltr'><strong>sar</strong></span> <span class='ocrx_word' id='word_1_539' title='bbox 1455 3134 1630 3183; x_wconf 86' lang='lat' dir='ltr'><strong>firmus</strong></span> <span class='ocrx_word' id='word_1_540' title='bbox 1649 3141 1726 3185; x_wconf 90' lang='lat' dir='ltr'><strong>est</strong></span> <span class='ocrx_word' id='word_1_541' title='bbox 1744 3140 1794 3182; x_wconf 89' lang='lat' dir='ltr'><strong>et</strong></span> <span class='ocrx_word' id='word_1_542' title='bbox 1810 3140 2006 3196; x_wconf 83' lang='lat' dir='ltr'><strong>rectus,</strong></span> <span class='ocrx_word' id='word_1_543' title='bbox 2030 3134 2102 3183; x_wconf 89' lang='grc'><strong>11).</strong></span> <span class='ocrx_word' id='word_1_544' title='bbox 2129 3132 2212 3190; x_wconf 88' lang='grc'><strong>12,</strong></span> <span class='ocrx_word' id='word_1_545' title='bbox 2233 3132 2286 3193; x_wconf 87' lang='grc'><strong>5,</strong></span> 
     </span>
     <span class='ocr_line' id='line_1_90' title="bbox 1350 3200 2288 3254; baseline -0.004 -1"><span class='ocrx_word' id='word_1_546' title='bbox 1350 3204 1402 3253; x_wconf 90' lang='grc'><strong>2.</strong></span> <span class='ocrx_word' id='word_1_547' title='bbox 1440 3230 1506 3240; x_wconf 86' lang='grc'><strong>--</strong></span> <span class='ocrx_word' id='word_1_548' title='bbox 1538 3204 1597 3253; x_wconf 90' lang='lat' dir='ltr'><strong>L.</strong></span> <span class='ocrx_word' id='word_1_549' title='bbox 1633 3202 1820 3254; x_wconf 86' lang='lat' dir='ltr'><strong>Caesar</strong></span> <span class='ocrx_word' id='word_1_550' title='bbox 1855 3202 2068 3252; x_wconf 86' lang='lat' dir='ltr'><strong>eximias</strong></span> <span class='ocrx_word' id='word_1_551' title='bbox 2109 3200 2288 3251; x_wconf 88' lang='lat' dir='ltr'><strong>laudes</strong></span> 
     </span>
     <span class='ocr_line' id='line_1_91' title="bbox 1349 3270 2283 3323; baseline 0.001 -4"><span class='ocrx_word' id='word_1_552' title='bbox 1349 3273 1526 3322; x_wconf 89' lang='lat' dir='ltr'><strong>tribuit</strong></span> <span class='ocrx_word' id='word_1_553' title='bbox 1545 3272 1838 3323; x_wconf 85' lang='lat' dir='ltr'><strong>Dolabellae</strong></span> <span class='ocrx_word' id='word_1_554' title='bbox 1855 3270 2050 3321; x_wconf 85' lang='lat' dir='ltr'><strong>consuli</strong></span> <span class='ocrx_word' id='word_1_555' title='bbox 2069 3286 2116 3319; x_wconf 87' lang='lat' dir='ltr'><strong>a.</strong></span> <span class='ocrx_word' id='word_1_556' title='bbox 2151 3286 2205 3319; x_wconf 92' lang='lat' dir='ltr'><strong>u.</strong></span> <span class='ocrx_word' id='word_1_557' title='bbox 2237 3285 2283 3321; x_wconf 93' lang='lat' dir='ltr'><strong>c.</strong></span> 
     </span>
     <span class='ocr_line' id='line_1_92' title="bbox 1351 3339 2286 3406; baseline -0.003 -17"><span class='ocrx_word' id='word_1_558' title='bbox 1351 3340 1497 3399; x_wconf 65' lang='lat'><strong>710„</strong></span> <span class='ocrx_word' id='word_1_559' title='bbox 1520 3342 1594 3393; x_wconf 91' lang='grc'><strong>11).</strong></span> <span class='ocrx_word' id='word_1_560' title='bbox 1621 3340 1780 3406; x_wconf 81' lang='lat'><strong>9,·14,</strong></span> <span class='ocrx_word' id='word_1_561' title='bbox 1801 3341 1849 3391; x_wconf 88' lang='grc'><strong>3.</strong></span> <span class='ocrx_word' id='word_1_562' title='bbox 1885 3341 1949 3389; x_wconf 87' lang='lat' dir='ltr'><strong>ad</strong></span> <span class='ocrx_word' id='word_1_563' title='bbox 1969 3342 2070 3393; x_wconf 87' lang='lat' dir='ltr'><strong>Att.</strong></span> <span class='ocrx_word' id='word_1_564' title='bbox 2093 3339 2176 3397; x_wconf 82' lang='lat'><strong>14,</strong></span> <span class='ocrx_word' id='word_1_565' title='bbox 2199 3339 2286 3397; x_wconf 84' lang='lat'><strong>17,</strong></span> 
     </span>
     <span class='ocr_line' id='line_1_93' title="bbox 1349 3406 2280 3475; baseline -0.003 -18"><span class='ocrx_word' id='word_1_566' title='bbox 1349 3406 1399 3457; x_wconf 85' lang='grc'><strong>3.</strong></span> <span class='ocrx_word' id='word_1_567' title='bbox 1430 3435 1499 3445; x_wconf 92' lang='grc'><strong>--</strong></span> <span class='ocrx_word' id='word_1_568' title='bbox 1528 3409 1656 3459; x_wconf 85' lang='lat' dir='ltr'><strong>Eum</strong></span> <span class='ocrx_word' id='word_1_569' title='bbox 1689 3409 1901 3474; x_wconf 84' lang='lat' dir='ltr'><strong>Neapoli</strong></span> <span class='ocrx_word' id='word_1_570' title='bbox 1931 3409 2152 3475; x_wconf 83' lang='lat' dir='ltr'><strong>graviter</strong></span> <span class='ocrx_word' id='word_1_571' title='bbox 2189 3407 2280 3455; x_wconf 65' lang='lat' dir='ltr'><strong>ad:-</strong></span> 
     </span>
    </p>
   </div>
  </div>
 </body>
</html>
