<?xml version="1.0" encoding="UTF-8"?>
<!DOCTYPE html PUBLIC "-//W3C//DTD XHTML 1.0 Transitional//EN"
    "http://www.w3.org/TR/xhtml1/DTD/xhtml1-transitional.dtd">
<html xmlns="http://www.w3.org/1999/xhtml" xml:lang="en" lang="en">
 <head>
  <title>
</title>
<meta http-equiv="Content-Type" content="text/html;charset=utf-8" />
  <meta name='ocr-system' content='tesseract 3.04.00' />
  <meta name='ocr-capabilities' content='ocr_page ocr_carea ocr_par ocr_line ocrx_word'/>
</head>
<body>
  <div class='ocr_page' id='page_1' title='image "./scriptaquaemans04mlgoog_0051.png"; bbox 0 0 2500 3850; ppageno 0'>
   <div class='ocr_carea' id='block_1_1' title="bbox 589 221 1491 272">
    <p class='ocr_par' dir='ltr' id='par_1_1' title="bbox 589 221 1491 272">
     <span class='ocr_line' id='line_1_1' title="bbox 589 221 1491 272; baseline 0.003 -3"><span class='ocrx_word' id='word_1_1' title='bbox 589 222 760 270; x_wconf 85' lang='lat' dir='ltr'>AXIA</span> <span class='ocrx_word' id='word_1_2' title='bbox 796 244 870 254; x_wconf 91' lang='lat'><em>-</em></span> <span class='ocrx_word' id='word_1_3' title='bbox 919 222 1152 270; x_wconf 83' lang='lat' dir='ltr'><strong>BARBA</strong></span> <span class='ocrx_word' id='word_1_4' title='bbox 1193 221 1491 272; x_wconf 81' lang='lat' dir='ltr'><strong>CASSIUS.</strong></span> 
     </span>
    </p>
   </div>
   <div class='ocr_carea' id='block_1_2' title="bbox 14 376 1010 704">
    <p class='ocr_par' dir='ltr' id='par_1_2' title="bbox 14 376 1009 512">
     <span class='ocr_line' id='line_1_2' title="bbox 14 376 1009 444; baseline 0 -15"><span class='ocrx_word' id='word_1_5' title='bbox 14 377 172 442; x_wconf 80' lang='lat' dir='ltr'><strong>Axia,</strong></span> <span class='ocrx_word' id='word_1_6' title='bbox 212 379 449 428; x_wconf 73' lang='lat' dir='ltr'>Etruriae</span> <span class='ocrx_word' id='word_1_7' title='bbox 485 376 752 428; x_wconf 88' lang='lat' dir='ltr'><strong>castellum</strong></span> <span class='ocrx_word' id='word_1_8' title='bbox 794 379 846 426; x_wconf 90' lang='lat' dir='ltr'><strong>in</strong></span> <span class='ocrx_word' id='word_1_9' title='bbox 884 393 1009 444; x_wconf 81' lang='lat' dir='ltr'><strong>agro</strong></span> 
     </span>
     <span class='ocr_line' id='line_1_3' title="bbox 81 445 914 512; baseline 0.005 -17"><span class='ocrx_word' id='word_1_10' title='bbox 81 447 456 510; x_wconf 77' lang='lat' dir='ltr'>Tarquiniensi,</span> <span class='ocrx_word' id='word_1_11' title='bbox 475 460 567 511; x_wconf 90' lang='lat' dir='ltr'><strong>pro</strong></span> <span class='ocrx_word' id='word_1_12' title='bbox 585 445 737 512; x_wconf 82' lang='lat' dir='ltr'><strong>Caso.</strong></span> <span class='ocrx_word' id='word_1_13' title='bbox 755 447 806 509; x_wconf 95' lang='grc'><strong>7,</strong></span> <span class='ocrx_word' id='word_1_14' title='bbox 825 447 914 500; x_wconf 88' lang='grc'><strong>20.</strong></span> 
     </span>
    </p>

    <p class='ocr_par' dir='ltr' id='par_1_3' title="bbox 14 513 878 579">
     <span class='ocr_line' id='line_1_4' title="bbox 14 513 878 579; baseline -0.002 -13"><span class='ocrx_word' id='word_1_15' title='bbox 14 516 90 566; x_wconf 89' lang='grc' dir='ltr'><strong>Μ.</strong></span> <span class='ocrx_word' id='word_1_16' title='bbox 111 515 380 579; x_wconf 82' lang='lat' dir='ltr'><strong>Axianus,</strong></span> <span class='ocrx_word' id='word_1_17' title='bbox 399 515 468 568; x_wconf 81' lang='lat' dir='ltr'><strong>ad</strong></span> <span class='ocrx_word' id='word_1_18' title='bbox 489 517 592 569; x_wconf 84' lang='lat' dir='ltr'><strong>Att.</strong></span> <span class='ocrx_word' id='word_1_19' title='bbox 616 515 696 575; x_wconf 87' lang='lat'>15,</span> <span class='ocrx_word' id='word_1_20' title='bbox 719 513 804 573; x_wconf 84' lang='lat'>29,</span> <span class='ocrx_word' id='word_1_21' title='bbox 830 515 878 566; x_wconf 95' lang='grc'><strong>1.</strong></span> 
     </span>
    </p>

    <p class='ocr_par' dir='ltr' id='par_1_4' title="bbox 14 582 1010 704">
     <span class='ocr_line' id='line_1_5' title="bbox 14 582 1010 648; baseline 0 -14"><span class='ocrx_word' id='word_1_22' title='bbox 14 583 232 634; x_wconf 80' lang='lat' dir='ltr'><strong>Axilla·</strong></span> <span class='ocrx_word' id='word_1_23' title='bbox 248 584 377 635; x_wconf 83' lang='lat' dir='ltr'><strong>Ala.</strong></span> <span class='ocrx_word' id='word_1_24' title='bbox 446 582 688 648; x_wconf 76' lang='lat' dir='ltr'><strong>(Ahala)</strong></span> <span class='ocrx_word' id='word_1_25' title='bbox 739 590 864 637; x_wconf 82' lang='lat' dir='ltr'><strong>orat.</strong></span> <span class='ocrx_word' id='word_1_26' title='bbox 924 583 1010 644; x_wconf 78' lang='lat'>45,</span> 
     </span>
     <span class='ocr_line' id='line_1_6' title="bbox 83 649 917 704; baseline -0.002 -2"><span class='ocrx_word' id='word_1_27' title='bbox 83 654 190 704; x_wconf 84' lang='lat'><strong>153.</strong></span> <span class='ocrx_word' id='word_1_28' title='bbox 231 655 295 703; x_wconf 90' lang='lat' dir='ltr'><strong>V.</strong></span> <span class='ocrx_word' id='word_1_29' title='bbox 327 651 395 702; x_wconf 85' lang='lat' dir='ltr'><strong>G.</strong></span> <span class='ocrx_word' id='word_1_30' title='bbox 419 649 696 702; x_wconf 82' lang='lat' dir='ltr'><strong>Servilius</strong></span> <span class='ocrx_word' id='word_1_31' title='bbox 717 650 917 702; x_wconf 84' lang='lat' dir='ltr'><strong>Ahala.</strong></span> 
     </span>
    </p>
   </div>
   <div class='ocr_carea' id='block_1_3' title="bbox 9 720 1012 785">
    <p class='ocr_par' dir='ltr' id='par_1_5' title="bbox 9 720 1012 785">
     <span class='ocr_line' id='line_1_7' title="bbox 9 720 1012 785; baseline 0 -15"><span class='ocrx_word' id='word_1_32' title='bbox 9 720 244 785; x_wconf 77' lang='lat' dir='ltr'><strong>Axinus,</strong></span> <span class='ocrx_word' id='word_1_33' title='bbox 279 722 404 771; x_wconf 88' lang='lat' dir='ltr'><strong>alibi</strong></span> <span class='ocrx_word' id='word_1_34' title='bbox 433 721 621 772; x_wconf 81' lang='lat' dir='ltr'><strong>Pontus</strong></span> <span class='ocrx_word' id='word_1_35' title='bbox 653 720 910 783; x_wconf 76' lang='lat' dir='ltr'><strong>EuxinuS,</strong></span> <span class='ocrx_word' id='word_1_36' title='bbox 947 721 1012 770; x_wconf 88' lang='lat' dir='ltr'><strong>de</strong></span> 
     </span>
    </p>
   </div>
   <div class='ocr_carea' id='block_1_4' title="bbox 12 789 1011 978">
    <p class='ocr_par' dir='ltr' id='par_1_6' title="bbox 12 789 1011 978">
     <span class='ocr_line' id='line_1_8' title="bbox 12 789 1007 922; baseline 0.001 -16"><span class='ocrx_word' id='word_1_37' title='bbox 12 789 609 922; x_wconf 48' lang='lat' dir='ltr'><strong>Q.rilI;i15is?’f}1?erator‚</strong></span> <span class='ocrx_word' id='word_1_38' title='bbox 632 859 698 907; x_wconf 86' lang='lat' dir='ltr'><strong>ad</strong></span> <span class='ocrx_word' id='word_1_39' title='bbox 720 859 825 912; x_wconf 74' lang='lat' dir='ltr'><strong>Aa.</strong></span> <span class='ocrx_word' id='word_1_40' title='bbox 853 858 899 921; x_wconf 92' lang='lat' dir='ltr'><strong>l,</strong></span> <span class='ocrx_word' id='word_1_41' title='bbox 923 858 1007 922; x_wconf 98' lang='grc'><strong>12,</strong></span> 
     </span>
     <span class='ocr_line' id='line_1_9' title="bbox 77 924 1011 978; baseline -0.001 -1"><span class='ocrx_word' id='word_1_42' title='bbox 77 928 120 977; x_wconf 93' lang='grc'><strong>1.</strong></span> <span class='ocrx_word' id='word_1_43' title='bbox 141 955 207 964; x_wconf 89' lang='lat'>-</span> <span class='ocrx_word' id='word_1_44' title='bbox 230 929 400 978; x_wconf 85' lang='lat' dir='ltr'><strong>Axius</strong></span> <span class='ocrx_word' id='word_1_45' title='bbox 420 941 520 978; x_wconf 91' lang='lat' dir='ltr'><strong>non</strong></span> <span class='ocrx_word' id='word_1_46' title='bbox 544 927 615 976; x_wconf 87' lang='lat' dir='ltr'><strong>ita</strong></span> <span class='ocrx_word' id='word_1_47' title='bbox 642 926 814 975; x_wconf 85' lang='lat' dir='ltr'><strong>laudat</strong></span> <span class='ocrx_word' id='word_1_48' title='bbox 837 924 1011 976; x_wconf 83' lang='lat' dir='ltr'><strong>Curio—</strong></span> 
     </span>
    </p>
   </div>
   <div class='ocr_carea' id='block_1_5' title="bbox 75 993 1012 1057">
    <p class='ocr_par' dir='ltr' id='par_1_7' title="bbox 75 993 1012 1057">
     <span class='ocr_line' id='line_1_10' title="bbox 75 993 1012 1057; baseline 0.001 -13"><span class='ocrx_word' id='word_1_49' title='bbox 75 1011 186 1046; x_wconf 87' lang='lat' dir='ltr'><strong>nem</strong></span> <span class='ocrx_word' id='word_1_50' title='bbox 215 997 405 1055; x_wconf 86' lang='lat' dir='ltr'><strong>filium,</strong></span> <span class='ocrx_word' id='word_1_51' title='bbox 438 995 506 1044; x_wconf 84' lang='lat' dir='ltr'><strong>ad</strong></span> <span class='ocrx_word' id='word_1_52' title='bbox 533 995 638 1049; x_wconf 66' lang='lat' dir='ltr'><strong>Ati.</strong></span> <span class='ocrx_word' id='word_1_53' title='bbox 661 993 722 1054; x_wconf 86' lang='lat'>3,</span> <span class='ocrx_word' id='word_1_54' title='bbox 747 995 840 1057; x_wconf 84' lang='lat'>15,</span> <span class='ocrx_word' id='word_1_55' title='bbox 867 993 919 1048; x_wconf 88' lang='lat'><strong>3.</strong></span> <span class='ocrx_word' id='word_1_56' title='bbox 941 1024 1012 1034; x_wconf 95' lang='lat'><strong>—</strong></span> 
     </span>
    </p>
   </div>
   <div class='ocr_carea' id='block_1_6' title="bbox 71 1063 1011 1473">
    <p class='ocr_par' dir='ltr' id='par_1_8' title="bbox 71 1063 1011 1473">
     <span class='ocr_line' id='line_1_11' title="bbox 75 1063 1009 1130; baseline -0.002 -16"><span class='ocrx_word' id='word_1_57' title='bbox 75 1067 238 1116; x_wconf 80' lang='lat' dir='ltr'>Axius</span> <span class='ocrx_word' id='word_1_58' title='bbox 259 1081 340 1114; x_wconf 88' lang='lat' dir='ltr'><strong>me</strong></span> <span class='ocrx_word' id='word_1_59' title='bbox 361 1065 428 1114; x_wconf 89' lang='lat' dir='ltr'><strong>ad</strong></span> <span class='ocrx_word' id='word_1_60' title='bbox 447 1063 652 1130; x_wconf 79' lang='lat' dir='ltr'><strong>Septem</strong></span> <span class='ocrx_word' id='word_1_61' title='bbox 673 1077 830 1127; x_wconf 86' lang='lat' dir='ltr'><strong>aquas</strong></span> <span class='ocrx_word' id='word_1_62' title='bbox 849 1064 1009 1124; x_wconf 86' lang='lat' dir='ltr'><strong>duxit,</strong></span> 
     </span>
     <span class='ocr_line' id='line_1_12' title="bbox 75 1133 1011 1194; baseline 0 -11"><span class='ocrx_word' id='word_1_63' title='bbox 75 1135 136 1183; x_wconf 85' lang='lat' dir='ltr'><strong>ad</strong></span> <span class='ocrx_word' id='word_1_64' title='bbox 157 1135 263 1187; x_wconf 81' lang='lat' dir='ltr'><strong>Att.</strong></span> <span class='ocrx_word' id='word_1_65' title='bbox 287 1135 338 1194; x_wconf 88' lang='lat'><strong>4,</strong></span> <span class='ocrx_word' id='word_1_66' title='bbox 364 1133 448 1194; x_wconf 86' lang='lat'>15,</span> <span class='ocrx_word' id='word_1_67' title='bbox 469 1133 517 1183; x_wconf 87' lang='lat'><strong>5.</strong></span> <span class='ocrx_word' id='word_1_68' title='bbox 539 1159 608 1169; x_wconf 89' lang='lat'>—</span> <span class='ocrx_word' id='word_1_69' title='bbox 637 1133 895 1183; x_wconf 77' lang='lat' dir='ltr'>Ciceronis</span> <span class='ocrx_word' id='word_1_70' title='bbox 921 1133 1011 1183; x_wconf 86' lang='lat' dir='ltr'><strong>de-</strong></span> 
     </span>
     <span class='ocr_line' id='line_1_13' title="bbox 73 1201 1008 1267; baseline 0 -15"><span class='ocrx_word' id='word_1_71' title='bbox 73 1205 230 1264; x_wconf 89' lang='lat' dir='ltr'><strong>bitor,</strong></span> <span class='ocrx_word' id='word_1_72' title='bbox 263 1203 330 1252; x_wconf 81' lang='lat' dir='ltr'><strong>ad</strong></span> <span class='ocrx_word' id='word_1_73' title='bbox 365 1202 469 1256; x_wconf 84' lang='lat' dir='ltr'><strong>Att.</strong></span> <span class='ocrx_word' id='word_1_74' title='bbox 499 1201 588 1262; x_wconf 91' lang='grc'><strong>10,</strong></span> <span class='ocrx_word' id='word_1_75' title='bbox 613 1201 673 1251; x_wconf 90' lang='grc'><strong>11</strong></span> <span class='ocrx_word' id='word_1_76' title='bbox 695 1237 708 1264; x_wconf 91' lang='grc'><strong>,</strong></span> <span class='ocrx_word' id='word_1_77' title='bbox 733 1203 784 1254; x_wconf 97' lang='grc'><strong>2.</strong></span> <span class='ocrx_word' id='word_1_78' title='bbox 824 1202 896 1250; x_wconf 88' lang='lat' dir='ltr'><strong>Ib.</strong></span> <span class='ocrx_word' id='word_1_79' title='bbox 923 1202 1008 1267; x_wconf 91' lang='grc'><strong>10,</strong></span> 
     </span>
     <span class='ocr_line' id='line_1_14' title="bbox 75 1268 1010 1334; baseline -0.002 -12"><span class='ocrx_word' id='word_1_80' title='bbox 75 1272 154 1330; x_wconf 83' lang='grc'><strong>13,</strong></span> <span class='ocrx_word' id='word_1_81' title='bbox 183 1274 236 1324; x_wconf 87' lang='grc'><strong>2.</strong></span> <span class='ocrx_word' id='word_1_82' title='bbox 281 1271 364 1332; x_wconf 91' lang='grc'><strong>10,</strong></span> <span class='ocrx_word' id='word_1_83' title='bbox 400 1270 482 1331; x_wconf 89' lang='lat'><strong>15,</strong></span> <span class='ocrx_word' id='word_1_84' title='bbox 522 1273 574 1324; x_wconf 84' lang='lat'><strong>4.</strong></span> <span class='ocrx_word' id='word_1_85' title='bbox 610 1268 868 1320; x_wconf 87' lang='lat' dir='ltr'><strong>Ciceronis</strong></span> <span class='ocrx_word' id='word_1_86' title='bbox 903 1273 1010 1334; x_wconf 90' lang='lat' dir='ltr'><strong>epi-</strong></span> 
     </span>
     <span class='ocr_line' id='line_1_15' title="bbox 75 1338 1004 1405; baseline 0.001 -16"><span class='ocrx_word' id='word_1_87' title='bbox 75 1341 318 1391; x_wconf 88' lang='lat' dir='ltr'><strong>stolarum</strong></span> <span class='ocrx_word' id='word_1_88' title='bbox 367 1339 435 1388; x_wconf 86' lang='lat' dir='ltr'><strong>ad</strong></span> <span class='ocrx_word' id='word_1_89' title='bbox 483 1338 540 1397; x_wconf 87' lang='lat' dir='ltr'><strong>Q.</strong></span> <span class='ocrx_word' id='word_1_90' title='bbox 587 1339 778 1388; x_wconf 87' lang='lat' dir='ltr'><strong>Axium</strong></span> <span class='ocrx_word' id='word_1_91' title='bbox 817 1339 1004 1405; x_wconf 81' lang='lat' dir='ltr'><strong>fragm.</strong></span> 
     </span>
     <span class='ocr_line' id='line_1_16' title="bbox 71 1406 774 1473; baseline -0.001 -16"><span class='ocrx_word' id='word_1_92' title='bbox 71 1417 200 1473; x_wconf 82' lang='lat' dir='ltr'><strong>part.</strong></span> <span class='ocrx_word' id='word_1_93' title='bbox 224 1409 310 1458; x_wconf 86' lang='lat' dir='ltr'><strong>IV.</strong></span> <span class='ocrx_word' id='word_1_94' title='bbox 335 1408 438 1458; x_wconf 85' lang='lat' dir='ltr'><strong>vol.</strong></span> <span class='ocrx_word' id='word_1_95' title='bbox 458 1410 548 1461; x_wconf 91' lang='lat'><strong>111.</strong></span> <span class='ocrx_word' id='word_1_96' title='bbox 576 1422 631 1472; x_wconf 83' lang='lat' dir='ltr'><strong>P.</strong></span> <span class='ocrx_word' id='word_1_97' title='bbox 654 1406 774 1460; x_wconf 83' lang='lat'><strong>249.</strong></span> 
     </span>
    </p>
   </div>
   <div class='ocr_carea' id='block_1_7' title="bbox 9 1595 1006 3533">
    <p class='ocr_par' dir='ltr' id='par_1_9' title="bbox 9 1595 1006 1810">
     <span class='ocr_line' id='line_1_17' title="bbox 9 1595 1006 1674; baseline -0.002 -15"><span class='ocrx_word' id='word_1_98' title='bbox 9 1595 292 1662; x_wconf 73' lang='lat' dir='ltr'><strong>Babullius</strong></span> <span class='ocrx_word' id='word_1_99' title='bbox 326 1611 540 1662; x_wconf 88' lang='lat' dir='ltr'><strong>heredes</strong></span> <span class='ocrx_word' id='word_1_100' title='bbox 566 1611 686 1661; x_wconf 79' lang='lat' dir='ltr'><strong>facit</strong></span> <span class='ocrx_word' id='word_1_101' title='bbox 713 1609 925 1674; x_wconf 79' lang='lat' dir='ltr'><strong>Leptam</strong></span> <span class='ocrx_word' id='word_1_102' title='bbox 958 1616 1006 1658; x_wconf 85' lang='lat' dir='ltr'><strong>et</strong></span> 
     </span>
     <span class='ocr_line' id='line_1_18' title="bbox 73 1675 1001 1740; baseline -0.005 -10"><span class='ocrx_word' id='word_1_103' title='bbox 73 1680 337 1731; x_wconf 88' lang='lat' dir='ltr'><strong>Caesarem</strong></span> <span class='ocrx_word' id='word_1_104' title='bbox 353 1718 366 1740; x_wconf 94' lang='lat'>‚</span> <span class='ocrx_word' id='word_1_105' title='bbox 390 1688 617 1731; x_wconf 86' lang='lat' dir='ltr'><strong>mortuus</strong></span> <span class='ocrx_word' id='word_1_106' title='bbox 635 1695 683 1734; x_wconf 90' lang='lat' dir='ltr'><strong>a.</strong></span> <span class='ocrx_word' id='word_1_107' title='bbox 709 1695 760 1728; x_wconf 91' lang='lat' dir='ltr'><strong>u.</strong></span> <span class='ocrx_word' id='word_1_108' title='bbox 785 1695 831 1732; x_wconf 90' lang='lat' dir='ltr'><strong>c.</strong></span> <span class='ocrx_word' id='word_1_109' title='bbox 861 1675 1001 1739; x_wconf 66' lang='lat'><strong>709„</strong></span> 
     </span>
     <span class='ocr_line' id='line_1_19' title="bbox 74 1749 544 1810; baseline -0.002 -12"><span class='ocrx_word' id='word_1_110' title='bbox 74 1751 136 1799; x_wconf 75' lang='lat' dir='ltr'><strong>ad</strong></span> <span class='ocrx_word' id='word_1_111' title='bbox 151 1749 258 1803; x_wconf 81' lang='lat' dir='ltr'><strong>Att.</strong></span> <span class='ocrx_word' id='word_1_112' title='bbox 285 1749 368 1809; x_wconf 83' lang='grc'><strong>13,</strong></span> <span class='ocrx_word' id='word_1_113' title='bbox 387 1749 474 1810; x_wconf 88' lang='lat'><strong>48,</strong></span> <span class='ocrx_word' id='word_1_114' title='bbox 498 1750 544 1799; x_wconf 91' lang='lat'><strong>1.</strong></span> 
     </span>
    </p>

    <p class='ocr_par' dir='ltr' id='par_1_10' title="bbox 9 1815 1004 2015">
     <span class='ocr_line' id='line_1_20' title="bbox 9 1815 1001 1885; baseline -0.002 -19"><span class='ocrx_word' id='word_1_115' title='bbox 9 1815 260 1885; x_wconf 78' lang='lat' dir='ltr'><strong>Babylon</strong></span> <span class='ocrx_word' id='word_1_116' title='bbox 277 1855 292 1882; x_wconf 92' lang='lat'>,</span> <span class='ocrx_word' id='word_1_117' title='bbox 329 1820 454 1869; x_wconf 88' lang='lat' dir='ltr'><strong>urbs</strong></span> <span class='ocrx_word' id='word_1_118' title='bbox 491 1816 776 1878; x_wconf 79' lang='lat' dir='ltr'><strong>Chaldaeae</strong></span> <span class='ocrx_word' id='word_1_119' title='bbox 816 1816 1001 1882; x_wconf 87' lang='lat' dir='ltr'><strong>gentis,</strong></span> 
     </span>
     <span class='ocr_line' id='line_1_21' title="bbox 75 1885 1004 1953; baseline -0.002 -17"><span class='ocrx_word' id='word_1_120' title='bbox 75 1895 221 1953; x_wconf 87' lang='lat' dir='ltr'><strong>caput</strong></span> <span class='ocrx_word' id='word_1_121' title='bbox 245 1887 573 1953; x_wconf 72' lang='lat' dir='ltr'><strong>Babyloniae.</strong></span> <span class='ocrx_word' id='word_1_122' title='bbox 608 1885 732 1937; x_wconf 86' lang='lat' dir='ltr'><strong>Eius</strong></span> <span class='ocrx_word' id='word_1_123' title='bbox 760 1885 918 1947; x_wconf 85' lang='lat' dir='ltr'><strong>muri,</strong></span> <span class='ocrx_word' id='word_1_124' title='bbox 939 1885 1004 1935; x_wconf 83' lang='lat' dir='ltr'><strong>de</strong></span> 
     </span>
     <span class='ocr_line' id='line_1_22' title="bbox 73 1954 547 2015; baseline -0.004 -10"><span class='ocrx_word' id='word_1_125' title='bbox 73 1957 230 2007; x_wconf 87' lang='lat' dir='ltr'><strong>divin.</strong></span> <span class='ocrx_word' id='word_1_126' title='bbox 249 1958 302 2015; x_wconf 83' lang='lat'>2,</span> <span class='ocrx_word' id='word_1_127' title='bbox 322 1956 408 2015; x_wconf 83' lang='lat'><strong>67,</strong></span> <span class='ocrx_word' id='word_1_128' title='bbox 433 1954 547 2008; x_wconf 87' lang='grc'><strong>139.</strong></span> 
     </span>
    </p>

    <p class='ocr_par' dir='ltr' id='par_1_11' title="bbox 9 2022 1002 2225">
     <span class='ocr_line' id='line_1_23' title="bbox 9 2022 1002 2091; baseline -0.002 -17"><span class='ocrx_word' id='word_1_129' title='bbox 9 2022 320 2091; x_wconf 79' lang='lat' dir='ltr'><strong>Babylonii.</strong></span> <span class='ocrx_word' id='word_1_130' title='bbox 375 2026 562 2075; x_wconf 83' lang='lat' dir='ltr'><strong>Eorum</strong></span> <span class='ocrx_word' id='word_1_131' title='bbox 601 2024 823 2089; x_wconf 81' lang='lat' dir='ltr'><strong>cognitio</strong></span> <span class='ocrx_word' id='word_1_132' title='bbox 867 2023 1002 2073; x_wconf 81' lang='lat' dir='ltr'><strong>side-</strong></span> 
     </span>
     <span class='ocr_line' id='line_1_24' title="bbox 67 2090 1001 2155; baseline 0 -14"><span class='ocrx_word' id='word_1_133' title='bbox 67 2108 209 2154; x_wconf 88' lang='lat' dir='ltr'>rum,</span> <span class='ocrx_word' id='word_1_134' title='bbox 244 2094 307 2143; x_wconf 84' lang='lat' dir='ltr'><strong>de</strong></span> <span class='ocrx_word' id='word_1_135' title='bbox 337 2094 495 2144; x_wconf 86' lang='lat' dir='ltr'><strong>divin.</strong></span> <span class='ocrx_word' id='word_1_136' title='bbox 528 2092 582 2155; x_wconf 94' lang='grc'><strong>1,</strong></span> <span class='ocrx_word' id='word_1_137' title='bbox 609 2092 698 2154; x_wconf 85' lang='grc'><strong>19,</strong></span> <span class='ocrx_word' id='word_1_138' title='bbox 718 2090 802 2143; x_wconf 84' lang='grc'><strong>36.</strong></span> <span class='ocrx_word' id='word_1_139' title='bbox 839 2093 893 2152; x_wconf 92' lang='lat'>1,</span> <span class='ocrx_word' id='word_1_140' title='bbox 915 2093 1001 2154; x_wconf 87' lang='lat'>42,</span> 
     </span>
     <span class='ocr_line' id='line_1_25' title="bbox 67 2161 639 2225; baseline -0.003 -14"><span class='ocrx_word' id='word_1_141' title='bbox 67 2162 152 2212; x_wconf 87' lang='grc'><strong>93.</strong></span> <span class='ocrx_word' id='word_1_142' title='bbox 171 2188 244 2199; x_wconf 92' lang='lat'><strong>--</strong></span> <span class='ocrx_word' id='word_1_143' title='bbox 267 2163 344 2212; x_wconf 89' lang='lat' dir='ltr'><strong>lb.</strong></span> <span class='ocrx_word' id='word_1_144' title='bbox 369 2164 422 2225; x_wconf 89' lang='grc'><strong>2,</strong></span> <span class='ocrx_word' id='word_1_145' title='bbox 451 2161 534 2225; x_wconf 83' lang='grc'><strong>46,</strong></span> <span class='ocrx_word' id='word_1_146' title='bbox 555 2162 639 2214; x_wconf 88' lang='grc'><strong>97.</strong></span> 
     </span>
    </p>

    <p class='ocr_par' dir='ltr' id='par_1_12' title="bbox 9 2229 1004 2433">
     <span class='ocr_line' id='line_1_26' title="bbox 9 2229 1004 2295; baseline -0.002 -15"><span class='ocrx_word' id='word_1_147' title='bbox 9 2230 286 2295; x_wconf 76' lang='lat' dir='ltr'>Bacchae,</span> <span class='ocrx_word' id='word_1_148' title='bbox 308 2232 518 2281; x_wconf 82' lang='lat' dir='ltr'><strong>comites</strong></span> <span class='ocrx_word' id='word_1_149' title='bbox 541 2229 742 2280; x_wconf 85' lang='lat' dir='ltr'><strong>Bacchi.</strong></span> <span class='ocrx_word' id='word_1_150' title='bbox 779 2229 1004 2280; x_wconf 85' lang='lat' dir='ltr'><strong>Baccha-</strong></span> 
     </span>
     <span class='ocr_line' id='line_1_27' title="bbox 65 2298 1002 2365; baseline -0.001 -17"><span class='ocrx_word' id='word_1_151' title='bbox 65 2316 176 2349; x_wconf 89' lang='lat' dir='ltr'><strong>rum</strong></span> <span class='ocrx_word' id='word_1_152' title='bbox 216 2302 367 2365; x_wconf 83' lang='lat' dir='ltr'><strong>signa</strong></span> <span class='ocrx_word' id='word_1_153' title='bbox 405 2299 634 2349; x_wconf 82' lang='lat' dir='ltr'><strong>Ciceroni</strong></span> <span class='ocrx_word' id='word_1_154' title='bbox 674 2314 766 2363; x_wconf 88' lang='lat' dir='ltr'><strong>per</strong></span> <span class='ocrx_word' id='word_1_155' title='bbox 803 2298 1002 2351; x_wconf 88' lang='lat' dir='ltr'><strong>Gallum</strong></span> 
     </span>
     <span class='ocr_line' id='line_1_28' title="bbox 65 2365 757 2433; baseline 0.001 -15"><span class='ocrx_word' id='word_1_156' title='bbox 65 2376 264 2433; x_wconf 89' lang='lat' dir='ltr'><strong>empta,</strong></span> <span class='ocrx_word' id='word_1_157' title='bbox 287 2370 356 2419; x_wconf 80' lang='lat' dir='ltr'><strong>ad</strong></span> <span class='ocrx_word' id='word_1_158' title='bbox 375 2368 498 2418; x_wconf 82' lang='lat' dir='ltr'><strong>fam.</strong></span> <span class='ocrx_word' id='word_1_159' title='bbox 518 2368 568 2427; x_wconf 94' lang='grc'><strong>7,</strong></span> <span class='ocrx_word' id='word_1_160' title='bbox 595 2365 679 2429; x_wconf 85' lang='grc'><strong>23,</strong></span> <span class='ocrx_word' id='word_1_161' title='bbox 707 2365 757 2420; x_wconf 85' lang='grc'><strong>3.</strong></span> 
     </span>
    </p>

    <p class='ocr_par' dir='ltr' id='par_1_13' title="bbox 9 2435 1006 2709">
     <span class='ocr_line' id='line_1_29' title="bbox 9 2435 1004 2502; baseline -0.002 -15"><span class='ocrx_word' id='word_1_162' title='bbox 9 2435 380 2488; x_wconf 82' lang='lat' dir='ltr'><strong>3acchaualia</strong></span> <span class='ocrx_word' id='word_1_163' title='bbox 417 2438 657 2502; x_wconf 72' lang='lat' dir='ltr'><strong>mysteria</strong></span> <span class='ocrx_word' id='word_1_164' title='bbox 691 2437 882 2486; x_wconf 87' lang='lat' dir='ltr'><strong>Romae</strong></span> <span class='ocrx_word' id='word_1_165' title='bbox 918 2451 1004 2486; x_wconf 83' lang='lat' dir='ltr'><strong>ve-</strong></span> 
     </span>
     <span class='ocr_line' id='line_1_30' title="bbox 60 2504 1006 2557; baseline -0.002 -2"><span class='ocrx_word' id='word_1_166' title='bbox 60 2509 169 2555; x_wconf 82' lang='lat' dir='ltr'><strong>tita.</strong></span> <span class='ocrx_word' id='word_1_167' title='bbox 215 2505 434 2555; x_wconf 76' lang='lat' dir='ltr'><strong>Senatus</strong></span> <span class='ocrx_word' id='word_1_168' title='bbox 463 2512 610 2557; x_wconf 85' lang='lat' dir='ltr'><strong>vetus</strong></span> <span class='ocrx_word' id='word_1_169' title='bbox 641 2506 910 2555; x_wconf 76' lang='lat' dir='ltr'><strong>auctoritas</strong></span> <span class='ocrx_word' id='word_1_170' title='bbox 941 2504 1006 2554; x_wconf 86' lang='lat' dir='ltr'><strong>dc</strong></span> 
     </span>
     <span class='ocr_line' id='line_1_31' title="bbox 57 2572 1004 2634; baseline 0 -11"><span class='ocrx_word' id='word_1_171' title='bbox 57 2574 470 2625; x_wconf 82' lang='lat' dir='ltr'><strong>Bacchanalibus</strong></span> <span class='ocrx_word' id='word_1_172' title='bbox 496 2588 546 2622; x_wconf 82' lang='lat' dir='ltr'><strong>a.</strong></span> <span class='ocrx_word' id='word_1_173' title='bbox 585 2590 634 2623; x_wconf 90' lang='lat' dir='ltr'><strong>u.</strong></span> <span class='ocrx_word' id='word_1_174' title='bbox 670 2590 712 2626; x_wconf 91' lang='lat' dir='ltr'><strong>c.</strong></span> <span class='ocrx_word' id='word_1_175' title='bbox 746 2572 898 2634; x_wconf 68' lang='lat'>568„</span> <span class='ocrx_word' id='word_1_176' title='bbox 941 2574 1004 2623; x_wconf 82' lang='lat' dir='ltr'><strong>de</strong></span> 
     </span>
     <span class='ocr_line' id='line_1_32' title="bbox 59 2642 470 2709; baseline 0 -18"><span class='ocrx_word' id='word_1_177' title='bbox 59 2644 164 2709; x_wconf 83' lang='lat' dir='ltr'><strong>leg.</strong></span> <span class='ocrx_word' id='word_1_178' title='bbox 189 2648 244 2707; x_wconf 83' lang='lat'>2,</span> <span class='ocrx_word' id='word_1_179' title='bbox 274 2644 358 2703; x_wconf 84' lang='lat'>15,</span> <span class='ocrx_word' id='word_1_180' title='bbox 383 2642 470 2693; x_wconf 85' lang='lat'><strong>37.</strong></span> 
     </span>
    </p>

    <p class='ocr_par' dir='ltr' id='par_1_14' title="bbox 9 2710 1001 2915">
     <span class='ocr_line' id='line_1_33' title="bbox 9 2710 1000 2777; baseline -0.002 -16"><span class='ocrx_word' id='word_1_181' title='bbox 9 2710 253 2763; x_wconf 64' lang='lat' dir='ltr'><strong>{acchus</strong></span> <span class='ocrx_word' id='word_1_182' title='bbox 267 2750 283 2777; x_wconf 94' lang='lat'><strong>,</strong></span> <span class='ocrx_word' id='word_1_183' title='bbox 303 2712 486 2763; x_wconf 77' lang='lat' dir='ltr'><strong>Cadmi</strong></span> <span class='ocrx_word' id='word_1_184' title='bbox 503 2713 794 2777; x_wconf 77' lang='lat' dir='ltr'><strong>progenieS,</strong></span> <span class='ocrx_word' id='word_1_185' title='bbox 813 2710 1000 2777; x_wconf 82' lang='lat' dir='ltr'><strong>fragm.</strong></span> 
     </span>
     <span class='ocr_line' id='line_1_34' title="bbox 57 2780 1001 2845; baseline -0.001 -15"><span class='ocrx_word' id='word_1_186' title='bbox 57 2796 109 2845; x_wconf 87' lang='lat' dir='ltr'><strong>p.</strong></span> <span class='ocrx_word' id='word_1_187' title='bbox 132 2780 258 2835; x_wconf 86' lang='grc'><strong>292.</strong></span> <span class='ocrx_word' id='word_1_188' title='bbox 279 2780 550 2831; x_wconf 85' lang='lat' dir='ltr'><strong>-Bacchi</strong></span> <span class='ocrx_word' id='word_1_189' title='bbox 573 2794 741 2843; x_wconf 86' lang='lat' dir='ltr'><strong>sacra,</strong></span> <span class='ocrx_word' id='word_1_190' title='bbox 762 2781 826 2830; x_wconf 81' lang='lat' dir='ltr'><strong>&lt;le</strong></span> <span class='ocrx_word' id='word_1_191' title='bbox 844 2781 1001 2830; x_wconf 85' lang='lat' dir='ltr'><strong>divin.</strong></span> 
     </span>
     <span class='ocr_line' id='line_1_35' title="bbox 66 2845 801 2915; baseline -0.001 -17"><span class='ocrx_word' id='word_1_192' title='bbox 66 2850 111 2908; x_wconf 94' lang='grc'><strong>1,</strong></span> <span class='ocrx_word' id='word_1_193' title='bbox 133 2849 222 2913; x_wconf 86' lang='grc'><strong>36,</strong></span> <span class='ocrx_word' id='word_1_194' title='bbox 249 2849 338 2902; x_wconf 89' lang='grc'><strong>80.</strong></span> <span class='ocrx_word' id='word_1_195' title='bbox 361 2876 430 2887; x_wconf 83' lang='lat'><strong>--</strong></span> <span class='ocrx_word' id='word_1_196' title='bbox 447 2851 516 2903; x_wconf 87' lang='lat' dir='ltr'><strong>V.</strong></span> <span class='ocrx_word' id='word_1_197' title='bbox 541 2845 801 2915; x_wconf 78' lang='lat' dir='ltr'><strong>Dionysi.</strong></span> 
     </span>
    </p>

    <p class='ocr_par' dir='ltr' id='par_1_15' title="bbox 9 2914 1003 3118">
     <span class='ocr_line' id='line_1_36' title="bbox 9 2914 1003 2981; baseline 0 -14"><span class='ocrx_word' id='word_1_198' title='bbox 9 2914 160 2968; x_wconf 84' lang='lat' dir='ltr'><strong>3acis</strong></span> <span class='ocrx_word' id='word_1_199' title='bbox 173 2920 418 2972; x_wconf 86' lang='lat' dir='ltr'><strong>Boeotius</strong></span> <span class='ocrx_word' id='word_1_200' title='bbox 435 2919 770 2969; x_wconf 83' lang='lat' dir='ltr'><strong>concitatione</strong></span> <span class='ocrx_word' id='word_1_201' title='bbox 784 2918 1003 2981; x_wconf 86' lang='lat' dir='ltr'><strong>quadam</strong></span> 
     </span>
     <span class='ocr_line' id='line_1_37' title="bbox 63 2987 1000 3051; baseline 0.001 -17"><span class='ocrx_word' id='word_1_202' title='bbox 63 2988 217 3039; x_wconf 87' lang='lat' dir='ltr'><strong>animi</strong></span> <span class='ocrx_word' id='word_1_203' title='bbox 236 2988 408 3037; x_wconf 82' lang='lat' dir='ltr'><strong>futura</strong></span> <span class='ocrx_word' id='word_1_204' title='bbox 433 2988 732 3051; x_wconf 80' lang='lat' dir='ltr'><strong>praesentit,</strong></span> <span class='ocrx_word' id='word_1_205' title='bbox 754 2988 818 3037; x_wconf 85' lang='lat' dir='ltr'><strong>de</strong></span> <span class='ocrx_word' id='word_1_206' title='bbox 843 2987 1000 3037; x_wconf 82' lang='lat' dir='ltr'><strong>divin.</strong></span> 
     </span>
     <span class='ocr_line' id='line_1_38' title="bbox 65 3055 326 3118; baseline 0 -13"><span class='ocrx_word' id='word_1_207' title='bbox 65 3055 110 3113; x_wconf 93' lang='grc'><strong>1,</strong></span> <span class='ocrx_word' id='word_1_208' title='bbox 134 3056 326 3118; x_wconf 73' lang='grc'><strong>18,’34.</strong></span> 
     </span>
    </p>

    <p class='ocr_par' dir='ltr' id='par_1_16' title="bbox 9 3121 1000 3254">
     <span class='ocr_line' id='line_1_39' title="bbox 9 3121 1000 3187; baseline 0.002 -17"><span class='ocrx_word' id='word_1_209' title='bbox 9 3121 238 3175; x_wconf 79' lang='lat' dir='ltr'><strong>3aebius</strong></span> <span class='ocrx_word' id='word_1_210' title='bbox 259 3125 494 3187; x_wconf 82' lang='lat' dir='ltr'><strong>quidam,</strong></span> <span class='ocrx_word' id='word_1_211' title='bbox 515 3124 668 3173; x_wconf 88' lang='lat' dir='ltr'><strong>homo</strong></span> <span class='ocrx_word' id='word_1_212' title='bbox 691 3136 794 3173; x_wconf 88' lang='lat' dir='ltr'><strong>uon</strong></span> <span class='ocrx_word' id='word_1_213' title='bbox 813 3121 1000 3184; x_wconf 82' lang='lat' dir='ltr'><strong>infans,</strong></span> 
     </span>
     <span class='ocr_line' id='line_1_40' title="bbox 65 3192 931 3254; baseline -0.001 -13"><span class='ocrx_word' id='word_1_214' title='bbox 65 3193 125 3241; x_wconf 84' lang='lat' dir='ltr'><strong>ad</strong></span> <span class='ocrx_word' id='word_1_215' title='bbox 143 3194 250 3243; x_wconf 81' lang='lat' dir='ltr'><strong>Att.</strong></span> <span class='ocrx_word' id='word_1_216' title='bbox 271 3194 324 3254; x_wconf 84' lang='lat'>9,</span> <span class='ocrx_word' id='word_1_217' title='bbox 347 3194 433 3254; x_wconf 84' lang='grc'><strong>14,</strong></span> <span class='ocrx_word' id='word_1_218' title='bbox 456 3193 507 3242; x_wconf 88' lang='grc'><strong>2.</strong></span> <span class='ocrx_word' id='word_1_219' title='bbox 539 3192 774 3243; x_wconf 82' lang='lat' dir='ltr'><strong>Fortasse</strong></span> <span class='ocrx_word' id='word_1_220' title='bbox 793 3192 931 3241; x_wconf 81' lang='lat' dir='ltr'><strong>idem</strong></span> 
     </span>
    </p>

    <p class='ocr_par' dir='ltr' id='par_1_17' title="bbox 9 3256 1000 3391">
     <span class='ocr_line' id='line_1_41' title="bbox 9 3256 1000 3321; baseline 0.001 -12"><span class='ocrx_word' id='word_1_221' title='bbox 9 3259 242 3312; x_wconf 61' lang='lat' dir='ltr'><strong>Racbius</strong></span> <span class='ocrx_word' id='word_1_222' title='bbox 263 3263 465 3311; x_wconf 82' lang='lat' dir='ltr'><strong>vicinus</strong></span> <span class='ocrx_word' id='word_1_223' title='bbox 486 3261 670 3321; x_wconf 78' lang='lat' dir='ltr'><strong>Attici,</strong></span> <span class='ocrx_word' id='word_1_224' title='bbox 699 3260 765 3310; x_wconf 82' lang='lat' dir='ltr'><strong>ad</strong></span> <span class='ocrx_word' id='word_1_225' title='bbox 789 3261 890 3311; x_wconf 81' lang='lat' dir='ltr'><strong>Att.</strong></span> <span class='ocrx_word' id='word_1_226' title='bbox 917 3256 1000 3320; x_wconf 84' lang='lat'>13,</span> 
     </span>
     <span class='ocr_line' id='line_1_42' title="bbox 59 3330 246 3391; baseline 0.005 -13"><span class='ocrx_word' id='word_1_227' title='bbox 59 3332 125 3379; x_wconf 83' lang='lat'><strong>45</strong></span> <span class='ocrx_word' id='word_1_228' title='bbox 141 3367 157 3391; x_wconf 91' lang='lat'>‚</span> <span class='ocrx_word' id='word_1_229' title='bbox 195 3330 246 3379; x_wconf 91' lang='lat'><strong>1.</strong></span> 
     </span>
    </p>

    <p class='ocr_par' dir='ltr' id='par_1_18' title="bbox 9 3396 1001 3533">
     <span class='ocr_line' id='line_1_43' title="bbox 9 3396 1001 3463; baseline 0 -17"><span class='ocrx_word' id='word_1_230' title='bbox 9 3396 71 3446; x_wconf 78' lang='lat'><strong>1.</strong></span> <span class='ocrx_word' id='word_1_231' title='bbox 95 3396 378 3462; x_wconf 81' lang='lat' dir='ltr'><strong>Baebius,</strong></span> <span class='ocrx_word' id='word_1_232' title='bbox 399 3404 630 3459; x_wconf 87' lang='lat' dir='ltr'><strong>senator,</strong></span> <span class='ocrx_word' id='word_1_233' title='bbox 658 3412 751 3463; x_wconf 88' lang='lat' dir='ltr'><strong>pro</strong></span> <span class='ocrx_word' id='word_1_234' title='bbox 773 3396 1001 3447; x_wconf 89' lang='lat' dir='ltr'><strong>Cluentio</strong></span> 
     </span>
     <span class='ocr_line' id='line_1_44' title="bbox 63 3466 581 3533; baseline 0 -19"><span class='ocrx_word' id='word_1_235' title='bbox 63 3466 142 3533; x_wconf 79' lang='lat'>16,</span> <span class='ocrx_word' id='word_1_236' title='bbox 164 3470 253 3517; x_wconf 82' lang='lat'><strong>47.</strong></span> <span class='ocrx_word' id='word_1_237' title='bbox 292 3470 367 3517; x_wconf 86' lang='lat' dir='ltr'><strong>lb.</strong></span> <span class='ocrx_word' id='word_1_238' title='bbox 390 3466 475 3531; x_wconf 84' lang='lat'>19,</span> <span class='ocrx_word' id='word_1_239' title='bbox 495 3466 581 3519; x_wconf 81' lang='lat'><strong>53.</strong></span> 
     </span>
    </p>
   </div>
   <div class='ocr_carea' id='block_1_8' title="bbox 2002 219 2084 280">
    <p class='ocr_par' dir='ltr' id='par_1_19' title="bbox 2002 219 2084 280">
     <span class='ocr_line' id='line_1_45' title="bbox 2002 219 2084 280; baseline -0.012 0"><span class='ocrx_word' id='word_1_240' title='bbox 2002 219 2084 280; x_wconf 80' lang='lat'><strong>45</strong></span> 
     </span>
    </p>
   </div>
   <div class='ocr_carea' id='block_1_9' title="bbox 1079 375 2083 924">
    <p class='ocr_par' dir='ltr' id='par_1_20' title="bbox 1079 375 2083 924">
     <span class='ocr_line' id='line_1_46' title="bbox 1079 375 2080 440; baseline 0.009 -13"><span class='ocrx_word' id='word_1_241' title='bbox 1079 377 1160 430; x_wconf 88' lang='grc' dir='ltr'><strong>Μ.</strong></span> <span class='ocrx_word' id='word_1_242' title='bbox 1195 375 1447 429; x_wconf 81' lang='lat' dir='ltr'><strong>Baebius</strong></span> <span class='ocrx_word' id='word_1_243' title='bbox 1466 417 1481 440; x_wconf 92' lang='lat'>‚</span> <span class='ocrx_word' id='word_1_244' title='bbox 1522 380 1815 431; x_wconf 81' lang='lat' dir='ltr'><strong>interfectus</strong></span> <span class='ocrx_word' id='word_1_245' title='bbox 1846 382 1991 433; x_wconf 86' lang='lat' dir='ltr'><strong>iussu</strong></span> <span class='ocrx_word' id='word_1_246' title='bbox 2020 383 2080 439; x_wconf 81' lang='lat' dir='ltr'><strong>L.</strong></span> 
     </span>
     <span class='ocr_line' id='line_1_47' title="bbox 1146 446 2081 509; baseline 0.006 -15"><span class='ocrx_word' id='word_1_247' title='bbox 1146 446 1347 498; x_wconf 86' lang='lat' dir='ltr'><strong>Pisonis</strong></span> <span class='ocrx_word' id='word_1_248' title='bbox 1387 447 1441 496; x_wconf 90' lang='lat' dir='ltr'><strong>in</strong></span> <span class='ocrx_word' id='word_1_249' title='bbox 1476 449 1792 509; x_wconf 82' lang='lat' dir='ltr'><strong>Macedonia,</strong></span> <span class='ocrx_word' id='word_1_250' title='bbox 1828 451 1882 498; x_wconf 88' lang='lat' dir='ltr'><strong>in</strong></span> <span class='ocrx_word' id='word_1_251' title='bbox 1914 451 2081 504; x_wconf 87' lang='lat' dir='ltr'><strong>Pison.</strong></span> 
     </span>
     <span class='ocr_line' id='line_1_48' title="bbox 1083 515 2083 651; baseline 0.007 -19"><span class='ocrx_word' id='word_1_252' title='bbox 1083 515 1429 650; x_wconf 57' lang='lat' dir='ltr'><strong>Q.3B’agl81ius</strong></span> <span class='ocrx_word' id='word_1_253' title='bbox 1449 582 1743 651; x_wconf 79' lang='lat' dir='ltr'><strong>Tampilus</strong></span> <span class='ocrx_word' id='word_1_254' title='bbox 1771 602 1801 635; x_wconf 86' lang='lat' dir='ltr'><strong>a</strong></span> <span class='ocrx_word' id='word_1_255' title='bbox 1820 595 1997 638; x_wconf 87' lang='lat' dir='ltr'><strong>senatu</strong></span> <span class='ocrx_word' id='word_1_256' title='bbox 2019 591 2083 639; x_wconf 85' lang='lat' dir='ltr'><strong>ad</strong></span> 
     </span>
     <span class='ocr_line' id='line_1_49' title="bbox 1147 653 2082 722; baseline 0.006 -20"><span class='ocrx_word' id='word_1_257' title='bbox 1147 653 1484 704; x_wconf 86' lang='lat' dir='ltr'><strong>Hannibalem</strong></span> <span class='ocrx_word' id='word_1_258' title='bbox 1526 657 1744 717; x_wconf 87' lang='lat' dir='ltr'><strong>missus,</strong></span> <span class='ocrx_word' id='word_1_259' title='bbox 1779 653 2001 722; x_wconf 85' lang='lat' dir='ltr'><strong>Philipp.</strong></span> <span class='ocrx_word' id='word_1_260' title='bbox 2031 658 2082 719; x_wconf 87' lang='lat'>5,</span> 
     </span>
     <span class='ocr_line' id='line_1_50' title="bbox 1079 722 2083 858; baseline 0.004 -19"><span class='ocrx_word' id='word_1_261' title='bbox 1079 722 1547 858; x_wconf 50' lang='lat' dir='ltr'><strong>Eltssggienmu’</strong></span> <span class='ocrx_word' id='word_1_262' title='bbox 1586 792 1784 858; x_wconf 76' lang='lat' dir='ltr'><strong>legatus</strong></span> <span class='ocrx_word' id='word_1_263' title='bbox 1821 793 1903 842; x_wconf 85' lang='lat' dir='ltr'><strong>vel</strong></span> <span class='ocrx_word' id='word_1_264' title='bbox 1939 807 2083 858; x_wconf 85' lang='lat' dir='ltr'><strong>prae-</strong></span> 
     </span>
     <span class='ocr_line' id='line_1_51' title="bbox 1148 859 2079 924; baseline 0.005 -16"><span class='ocrx_word' id='word_1_265' title='bbox 1148 859 1313 910; x_wconf 78' lang='lat' dir='ltr'><strong>fectus</strong></span> <span class='ocrx_word' id='word_1_266' title='bbox 1334 860 1565 920; x_wconf 81' lang='lat' dir='ltr'><strong>Antonii,</strong></span> <span class='ocrx_word' id='word_1_267' title='bbox 1586 861 1653 911; x_wconf 85' lang='lat' dir='ltr'><strong>ad</strong></span> <span class='ocrx_word' id='word_1_268' title='bbox 1670 861 1791 910; x_wconf 87' lang='lat' dir='ltr'><strong>fam.</strong></span> <span class='ocrx_word' id='word_1_269' title='bbox 1819 861 1898 924; x_wconf 87' lang='grc'><strong>10,</strong></span> <span class='ocrx_word' id='word_1_270' title='bbox 1920 861 2005 924; x_wconf 85' lang='grc'><strong>33,</strong></span> <span class='ocrx_word' id='word_1_271' title='bbox 2028 865 2079 913; x_wconf 89' lang='grc'><strong>4.</strong></span> 
     </span>
    </p>
   </div>
   <div class='ocr_carea' id='block_1_10' title="bbox 1075 941 2083 1556">
    <p class='ocr_par' dir='ltr' id='par_1_21' title="bbox 1079 941 2083 1336">
     <span class='ocr_line' id='line_1_52' title="bbox 1079 941 2083 1009; baseline 0.005 -15"><span class='ocrx_word' id='word_1_272' title='bbox 1079 941 1277 1009; x_wconf 80' lang='lat' dir='ltr'><strong>Baiae,</strong></span> <span class='ocrx_word' id='word_1_273' title='bbox 1294 945 1439 997; x_wconf 86' lang='lat' dir='ltr'><strong>locus</strong></span> <span class='ocrx_word' id='word_1_274' title='bbox 1458 947 1847 997; x_wconf 82' lang='lat' dir='ltr'><strong>amoenissimus</strong></span> <span class='ocrx_word' id='word_1_275' title='bbox 1867 949 1919 996; x_wconf 92' lang='lat' dir='ltr'><strong>in</strong></span> <span class='ocrx_word' id='word_1_276' title='bbox 1940 945 2083 998; x_wconf 87' lang='lat' dir='ltr'><strong>Cam-</strong></span> 
     </span>
     <span class='ocr_line' id='line_1_53' title="bbox 1147 1015 2082 1080; baseline 0.004 -18"><span class='ocrx_word' id='word_1_277' title='bbox 1147 1015 1303 1078; x_wconf 85' lang='lat' dir='ltr'><strong>pania</strong></span> <span class='ocrx_word' id='word_1_278' title='bbox 1346 1029 1506 1080; x_wconf 87' lang='lat' dir='ltr'><strong>prope</strong></span> <span class='ocrx_word' id='word_1_279' title='bbox 1555 1029 1693 1066; x_wconf 87' lang='lat' dir='ltr'><strong>mare</strong></span> <span class='ocrx_word' id='word_1_280' title='bbox 1743 1023 1791 1065; x_wconf 82' lang='lat' dir='ltr'><strong>et</strong></span> <span class='ocrx_word' id='word_1_281' title='bbox 1845 1016 2082 1079; x_wconf 86' lang='lat' dir='ltr'><strong>frequens</strong></span> 
     </span>
     <span class='ocr_line' id='line_1_54' title="bbox 1147 1081 2081 1150; baseline 0.004 -19"><span class='ocrx_word' id='word_1_282' title='bbox 1147 1081 1464 1144; x_wconf 86' lang='lat' dir='ltr'><strong>hominibus,</strong></span> <span class='ocrx_word' id='word_1_283' title='bbox 1492 1086 1580 1146; x_wconf 89' lang='lat' dir='ltr'><strong>qui</strong></span> <span class='ocrx_word' id='word_1_284' title='bbox 1610 1101 1670 1134; x_wconf 84' lang='lat' dir='ltr'><strong>eo</strong></span> <span class='ocrx_word' id='word_1_285' title='bbox 1696 1093 1900 1150; x_wconf 86' lang='lat' dir='ltr'><strong>propter</strong></span> <span class='ocrx_word' id='word_1_286' title='bbox 1923 1098 2081 1147; x_wconf 86' lang='lat' dir='ltr'><strong>aquas</strong></span> 
     </span>
     <span class='ocr_line' id='line_1_55' title="bbox 1150 1151 2081 1212; baseline 0.003 -13"><span class='ocrx_word' id='word_1_287' title='bbox 1150 1151 1341 1201; x_wconf 86' lang='lat' dir='ltr'><strong>calidas</strong></span> <span class='ocrx_word' id='word_1_288' title='bbox 1368 1155 1665 1212; x_wconf 84' lang='lat' dir='ltr'><strong>veniebant,</strong></span> <span class='ocrx_word' id='word_1_289' title='bbox 1692 1154 1743 1202; x_wconf 90' lang='lat' dir='ltr'><strong>in</strong></span> <span class='ocrx_word' id='word_1_290' title='bbox 1768 1153 1825 1206; x_wconf 89' lang='lat' dir='ltr'><strong>P.</strong></span> <span class='ocrx_word' id='word_1_291' title='bbox 1850 1151 2081 1203; x_wconf 85' lang='lat' dir='ltr'><strong>Clodium</strong></span> 
     </span>
     <span class='ocr_line' id='line_1_56' title="bbox 1145 1219 2079 1336; baseline 0.003 -66"><span class='ocrx_word' id='word_1_292' title='bbox 1145 1219 1269 1336; x_wconf 59' lang='grc' dir='ltr'><strong>ῗὲῙ.</strong></span> <span class='ocrx_word' id='word_1_293' title='bbox 1306 1221 1371 1270; x_wconf 83' lang='lat' dir='ltr'><strong>ad</strong></span> <span class='ocrx_word' id='word_1_294' title='bbox 1394 1221 1514 1274; x_wconf 81' lang='lat' dir='ltr'><strong>fam.</strong></span> <span class='ocrx_word' id='word_1_295' title='bbox 1537 1220 1587 1284; x_wconf 89' lang='grc'>9,</span> <span class='ocrx_word' id='word_1_296' title='bbox 1610 1223 1658 1287; x_wconf 90' lang='grc'><strong>2,</strong></span> <span class='ocrx_word' id='word_1_297' title='bbox 1680 1221 1730 1271; x_wconf 82' lang='grc'><strong>5.</strong></span> <span class='ocrx_word' id='word_1_298' title='bbox 1766 1222 1833 1271; x_wconf 81' lang='lat' dir='ltr'><strong>ad</strong></span> <span class='ocrx_word' id='word_1_299' title='bbox 1863 1225 1965 1272; x_wconf 86' lang='lat' dir='ltr'><strong>Att.</strong></span> <span class='ocrx_word' id='word_1_300' title='bbox 1998 1221 2079 1284; x_wconf 78' lang='lat'>15,</span> 
     </span>
    </p>

    <p class='ocr_par' dir='ltr' id='par_1_22' title="bbox 1076 1353 2081 1488">
     <span class='ocr_line' id='line_1_57' title="bbox 1076 1353 2081 1417; baseline 0.002 -11"><span class='ocrx_word' id='word_1_301' title='bbox 1076 1353 1248 1406; x_wconf 84' lang='lat' dir='ltr'><strong>Balbi</strong></span> <span class='ocrx_word' id='word_1_302' title='bbox 1269 1357 1370 1407; x_wconf 86' lang='lat' dir='ltr'><strong>duo</strong></span> <span class='ocrx_word' id='word_1_303' title='bbox 1386 1394 1401 1417; x_wconf 92' lang='lat'>‚</span> <span class='ocrx_word' id='word_1_304' title='bbox 1424 1358 1483 1416; x_wconf 85' lang='lat' dir='ltr'><strong>Q.</strong></span> <span class='ocrx_word' id='word_1_305' title='bbox 1504 1358 1730 1407; x_wconf 88' lang='lat' dir='ltr'><strong>Lucilius</strong></span> <span class='ocrx_word' id='word_1_306' title='bbox 1752 1359 1809 1406; x_wconf 92' lang='lat' dir='ltr'><strong>B.</strong></span> <span class='ocrx_word' id='word_1_307' title='bbox 1836 1365 1882 1406; x_wconf 87' lang='lat' dir='ltr'><strong>et</strong></span> <span class='ocrx_word' id='word_1_308' title='bbox 1902 1358 1959 1410; x_wconf 91' lang='lat' dir='ltr'><strong>L.</strong></span> <span class='ocrx_word' id='word_1_309' title='bbox 1979 1357 2081 1408; x_wconf 91' lang='lat' dir='ltr'><strong>Lu-</strong></span> 
     </span>
     <span class='ocr_line' id='line_1_58' title="bbox 1147 1424 1916 1488; baseline 0.001 -15"><span class='ocrx_word' id='word_1_310' title='bbox 1147 1425 1295 1474; x_wconf 85' lang='lat' dir='ltr'><strong>cilius</strong></span> <span class='ocrx_word' id='word_1_311' title='bbox 1312 1425 1389 1486; x_wconf 89' lang='lat' dir='ltr'><strong>B.,</strong></span> <span class='ocrx_word' id='word_1_312' title='bbox 1413 1425 1477 1474; x_wconf 85' lang='lat' dir='ltr'><strong>de</strong></span> <span class='ocrx_word' id='word_1_313' title='bbox 1496 1432 1620 1474; x_wconf 85' lang='lat' dir='ltr'><strong>orat.</strong></span> <span class='ocrx_word' id='word_1_314' title='bbox 1645 1425 1695 1488; x_wconf 83' lang='lat'>3,</span> <span class='ocrx_word' id='word_1_315' title='bbox 1716 1424 1801 1486; x_wconf 88' lang='lat'>21,</span> <span class='ocrx_word' id='word_1_316' title='bbox 1834 1425 1916 1476; x_wconf 87' lang='lat'><strong>78.</strong></span> 
     </span>
    </p>

    <p class='ocr_par' dir='ltr' id='par_1_23' title="bbox 1075 1490 1883 1556">
     <span class='ocr_line' id='line_1_59' title="bbox 1075 1490 1883 1556; baseline 0 -14"><span class='ocrx_word' id='word_1_317' title='bbox 1075 1490 1387 1556; x_wconf 90' lang='lat' dir='ltr'><strong>Balbilius,</strong></span> <span class='ocrx_word' id='word_1_318' title='bbox 1409 1494 1476 1543; x_wconf 81' lang='lat' dir='ltr'><strong>ad</strong></span> <span class='ocrx_word' id='word_1_319' title='bbox 1494 1495 1598 1542; x_wconf 88' lang='lat' dir='ltr'><strong>Att.</strong></span> <span class='ocrx_word' id='word_1_320' title='bbox 1622 1492 1705 1554; x_wconf 88' lang='grc'><strong>15,</strong></span> <span class='ocrx_word' id='word_1_321' title='bbox 1731 1491 1811 1552; x_wconf 89' lang='grc'><strong>13,</strong></span> <span class='ocrx_word' id='word_1_322' title='bbox 1832 1495 1883 1542; x_wconf 90' lang='lat'><strong>4.</strong></span> 
     </span>
    </p>
   </div>
   <div class='ocr_carea' id='block_1_11' title="bbox 1073 1576 2078 1986">
    <p class='ocr_par' dir='ltr' id='par_1_24' title="bbox 1073 1576 2075 1642">
     <span class='ocr_line' id='line_1_60' title="bbox 1073 1576 2075 1642; baseline 0.002 -14"><span class='ocrx_word' id='word_1_323' title='bbox 1073 1576 1353 1628; x_wconf 81' lang='lat' dir='ltr'><strong>Balbinus</strong></span> <span class='ocrx_word' id='word_1_324' title='bbox 1371 1612 1386 1640; x_wconf 92' lang='lat'>‚</span> <span class='ocrx_word' id='word_1_325' title='bbox 1408 1577 1758 1639; x_wconf 88' lang='lat' dir='ltr'><strong>Caesarianus,</strong></span> <span class='ocrx_word' id='word_1_326' title='bbox 1780 1578 1845 1627; x_wconf 81' lang='lat' dir='ltr'><strong>ad</strong></span> <span class='ocrx_word' id='word_1_327' title='bbox 1866 1577 1969 1628; x_wconf 83' lang='lat' dir='ltr'><strong>Att.</strong></span> <span class='ocrx_word' id='word_1_328' title='bbox 1993 1577 2075 1642; x_wconf 88' lang='grc'><strong>13,</strong></span> 
     </span>
    </p>

    <p class='ocr_par' dir='ltr' id='par_1_25' title="bbox 1073 1646 2075 1845">
     <span class='ocr_line' id='line_1_61' title="bbox 1073 1646 2075 1781; baseline 0.003 -17"><span class='ocrx_word' id='word_1_329' title='bbox 1073 1646 1386 1766; x_wconf 52' lang='grc' dir='ltr'><strong>Βὲίίιῖιῗξιιε</strong></span> <span class='ocrx_word' id='word_1_330' title='bbox 1436 1722 1581 1778; x_wconf 88' lang='lat' dir='ltr'><strong>pater</strong></span> <span class='ocrx_word' id='word_1_331' title='bbox 1600 1749 1615 1774; x_wconf 97' lang='lat'>,</span> <span class='ocrx_word' id='word_1_332' title='bbox 1676 1714 1891 1765; x_wconf 87' lang='lat' dir='ltr'><strong>Larinas</strong></span> <span class='ocrx_word' id='word_1_333' title='bbox 1910 1751 1925 1779; x_wconf 94' lang='lat'><strong>,</strong></span> <span class='ocrx_word' id='word_1_334' title='bbox 1985 1730 2075 1781; x_wconf 83' lang='lat' dir='ltr'><strong>pro</strong></span> 
     </span>
     <span class='ocr_line' id='line_1_62' title="bbox 1145 1781 1617 1845; baseline -0.008 -11"><span class='ocrx_word' id='word_1_335' title='bbox 1145 1783 1373 1834; x_wconf 88' lang='lat' dir='ltr'><strong>Cluentio</strong></span> <span class='ocrx_word' id='word_1_336' title='bbox 1394 1782 1477 1845; x_wconf 88' lang='grc'><strong>60,</strong></span> <span class='ocrx_word' id='word_1_337' title='bbox 1502 1781 1617 1833; x_wconf 88' lang='grc'><strong>168.</strong></span> 
     </span>
    </p>

    <p class='ocr_par' dir='ltr' id='par_1_26' title="bbox 1073 1849 2078 1986">
     <span class='ocr_line' id='line_1_63' title="bbox 1073 1849 2078 1915; baseline -0.003 -12"><span class='ocrx_word' id='word_1_338' title='bbox 1073 1849 1381 1903; x_wconf 81' lang='lat' dir='ltr'><strong>Balbucius</strong></span> <span class='ocrx_word' id='word_1_339' title='bbox 1409 1850 1572 1915; x_wconf 88' lang='lat' dir='ltr'><strong>filius,</strong></span> <span class='ocrx_word' id='word_1_340' title='bbox 1599 1852 1661 1899; x_wconf 83' lang='lat' dir='ltr'><strong>A.</strong></span> <span class='ocrx_word' id='word_1_341' title='bbox 1687 1851 1903 1900; x_wconf 86' lang='lat' dir='ltr'><strong>Cluentii</strong></span> <span class='ocrx_word' id='word_1_342' title='bbox 1931 1851 2078 1902; x_wconf 77' lang='lat' dir='ltr'><strong>fami-</strong></span> 
     </span>
     <span class='ocr_line' id='line_1_64' title="bbox 1141 1918 1919 1986; baseline -0.001 -16"><span class='ocrx_word' id='word_1_343' title='bbox 1141 1921 1284 1971; x_wconf 86' lang='lat' dir='ltr'><strong>liaris</strong></span> <span class='ocrx_word' id='word_1_344' title='bbox 1299 1958 1312 1981; x_wconf 90' lang='lat'>,</span> <span class='ocrx_word' id='word_1_345' title='bbox 1335 1934 1427 1986; x_wconf 89' lang='lat' dir='ltr'><strong>pro</strong></span> <span class='ocrx_word' id='word_1_346' title='bbox 1449 1919 1674 1970; x_wconf 86' lang='lat' dir='ltr'><strong>Cluentio</strong></span> <span class='ocrx_word' id='word_1_347' title='bbox 1692 1918 1779 1981; x_wconf 88' lang='lat'>60,</span> <span class='ocrx_word' id='word_1_348' title='bbox 1804 1919 1919 1971; x_wconf 82' lang='lat'><strong>166.</strong></span> 
     </span>
    </p>
   </div>
   <div class='ocr_carea' id='block_1_12' title="bbox 1071 2006 2079 3522">
    <p class='ocr_par' dir='ltr' id='par_1_27' title="bbox 1073 2006 2076 2209">
     <span class='ocr_line' id='line_1_65' title="bbox 1073 2006 2076 2072; baseline -0.004 -14"><span class='ocrx_word' id='word_1_349' title='bbox 1073 2006 1288 2059; x_wconf 86' lang='lat' dir='ltr'><strong>Balbus</strong></span> <span class='ocrx_word' id='word_1_350' title='bbox 1308 2022 1587 2072; x_wconf 87' lang='lat' dir='ltr'><strong>cognomen</strong></span> <span class='ocrx_word' id='word_1_351' title='bbox 1602 2006 1917 2071; x_wconf 87' lang='lat' dir='ltr'><strong>Ampiorum,</strong></span> <span class='ocrx_word' id='word_1_352' title='bbox 1934 2006 2076 2054; x_wconf 86' lang='lat' dir='ltr'><strong>Atio·</strong></span> 
     </span>
     <span class='ocr_line' id='line_1_66' title="bbox 1140 2073 2075 2139; baseline -0.002 -14"><span class='ocrx_word' id='word_1_353' title='bbox 1140 2092 1282 2137; x_wconf 87' lang='lat' dir='ltr'><strong>rum,</strong></span> <span class='ocrx_word' id='word_1_354' title='bbox 1324 2074 1694 2135; x_wconf 82' lang='lat' dir='ltr'><strong>Corneliorum,</strong></span> <span class='ocrx_word' id='word_1_355' title='bbox 1737 2073 2075 2139; x_wconf 80' lang='lat' dir='ltr'><strong>Octaviorum,</strong></span> 
     </span>
     <span class='ocr_line' id='line_1_67' title="bbox 1143 2143 1783 2209; baseline -0.008 -14"><span class='ocrx_word' id='word_1_356' title='bbox 1143 2146 1474 2209; x_wconf 89' lang='lat' dir='ltr'><strong>Thoriorum,</strong></span> <span class='ocrx_word' id='word_1_357' title='bbox 1495 2158 1621 2207; x_wconf 89' lang='lat' dir='ltr'><strong>quos</strong></span> <span class='ocrx_word' id='word_1_358' title='bbox 1647 2143 1783 2195; x_wconf 85' lang='lat' dir='ltr'><strong>vide.</strong></span> 
     </span>
    </p>

    <p class='ocr_par' dir='ltr' id='par_1_28' title="bbox 1073 2211 2077 2402">
     <span class='ocr_line' id='line_1_68' title="bbox 1073 2211 2073 2277; baseline -0.006 -11"><span class='ocrx_word' id='word_1_359' title='bbox 1073 2214 1288 2266; x_wconf 86' lang='lat' dir='ltr'><strong>Balbus</strong></span> <span class='ocrx_word' id='word_1_360' title='bbox 1301 2252 1316 2277; x_wconf 95' lang='lat'><strong>,</strong></span> <span class='ocrx_word' id='word_1_361' title='bbox 1338 2214 1510 2264; x_wconf 84' lang='lat' dir='ltr'><strong>Fausti</strong></span> <span class='ocrx_word' id='word_1_362' title='bbox 1531 2212 1701 2262; x_wconf 84' lang='lat' dir='ltr'><strong>Sullae</strong></span> <span class='ocrx_word' id='word_1_363' title='bbox 1719 2211 1929 2261; x_wconf 87' lang='lat' dir='ltr'><strong>libertus</strong></span> <span class='ocrx_word' id='word_1_364' title='bbox 1945 2247 1960 2271; x_wconf 92' lang='lat'>,</span> <span class='ocrx_word' id='word_1_365' title='bbox 1983 2224 2073 2275; x_wconf 90' lang='lat' dir='ltr'><strong>pro</strong></span> 
     </span>
     <span class='ocr_line' id='line_1_69' title="bbox 1142 2278 2077 2345; baseline -0.006 -12"><span class='ocrx_word' id='word_1_366' title='bbox 1142 2282 1285 2333; x_wconf 87' lang='lat' dir='ltr'><strong>Sulla</strong></span> <span class='ocrx_word' id='word_1_367' title='bbox 1336 2282 1401 2335; x_wconf 88' lang='grc'><strong>19</strong></span> <span class='ocrx_word' id='word_1_368' title='bbox 1421 2319 1436 2343; x_wconf 92' lang='grc'><strong>,</strong></span> <span class='ocrx_word' id='word_1_369' title='bbox 1483 2281 1567 2331; x_wconf 88' lang='lat'><strong>55.</strong></span> <span class='ocrx_word' id='word_1_370' title='bbox 1618 2281 1706 2331; x_wconf 91' lang='lat' dir='ltr'><strong>ubi</strong></span> <span class='ocrx_word' id='word_1_371' title='bbox 1724 2328 1729 2331; x_wconf 82' lang='grc'>,</span> <span class='ocrx_word' id='word_1_372' title='bbox 1747 2279 1851 2345; x_wconf 82' lang='lat' dir='ltr'><strong>legi</strong></span> <span class='ocrx_word' id='word_1_373' title='bbox 1902 2278 2077 2329; x_wconf 87' lang='lat' dir='ltr'><strong>volunt</strong></span> 
     </span>
     <span class='ocr_line' id='line_1_70' title="bbox 1141 2350 2008 2402; baseline -0.006 0"><span class='ocrx_word' id='word_1_374' title='bbox 1141 2350 1357 2402; x_wconf 87' lang='lat' dir='ltr'><strong>Bellus.</strong></span> <span class='ocrx_word' id='word_1_375' title='bbox 2002 2391 2008 2397; x_wconf 87' lang='lat'><strong>.</strong></span> 
     </span>
    </p>

    <p class='ocr_par' dir='ltr' id='par_1_29' title="bbox 1071 2414 2073 2546">
     <span class='ocr_line' id='line_1_71' title="bbox 1071 2414 2073 2482; baseline -0.01 -10"><span class='ocrx_word' id='word_1_376' title='bbox 1071 2419 1315 2482; x_wconf 83' lang='lat' dir='ltr'><strong>Balbus,</strong></span> <span class='ocrx_word' id='word_1_377' title='bbox 1354 2422 1612 2467; x_wconf 83' lang='lat' dir='ltr'><strong>accusator</strong></span> <span class='ocrx_word' id='word_1_378' title='bbox 1648 2414 1713 2465; x_wconf 87' lang='lat' dir='ltr'><strong>M.</strong></span> <span class='ocrx_word' id='word_1_379' title='bbox 1752 2414 1941 2474; x_wconf 88' lang='lat' dir='ltr'><strong>Caelii,</strong></span> <span class='ocrx_word' id='word_1_380' title='bbox 1981 2428 2073 2478; x_wconf 86' lang='lat' dir='ltr'><strong>pro</strong></span> 
     </span>
     <span class='ocr_line' id='line_1_72' title="bbox 1147 2485 1536 2546; baseline -0.01 -7"><span class='ocrx_word' id='word_1_381' title='bbox 1147 2488 1316 2539; x_wconf 88' lang='lat' dir='ltr'><strong>Caelio</strong></span> <span class='ocrx_word' id='word_1_382' title='bbox 1338 2487 1398 2537; x_wconf 88' lang='lat'><strong>11</strong></span> <span class='ocrx_word' id='word_1_383' title='bbox 1415 2521 1429 2546; x_wconf 90' lang='lat'>,</span> <span class='ocrx_word' id='word_1_384' title='bbox 1452 2485 1536 2535; x_wconf 89' lang='grc'><strong>27.</strong></span> 
     </span>
    </p>

    <p class='ocr_par' dir='ltr' id='par_1_30' title="bbox 1073 2550 2073 2684">
     <span class='ocr_line' id='line_1_73' title="bbox 1073 2550 2073 2617; baseline -0.011 -8"><span class='ocrx_word' id='word_1_385' title='bbox 1073 2554 1330 2609; x_wconf 84' lang='lat' dir='ltr'><strong>Baliares</strong></span> <span class='ocrx_word' id='word_1_386' title='bbox 1352 2553 1565 2614; x_wconf 86' lang='lat' dir='ltr'><strong>insulae,</strong></span> <span class='ocrx_word' id='word_1_387' title='bbox 1585 2566 1746 2617; x_wconf 87' lang='lat' dir='ltr'><strong>prope</strong></span> <span class='ocrx_word' id='word_1_388' title='bbox 1760 2550 2073 2616; x_wconf 84' lang='lat' dir='ltr'><strong>Hispaniam,</strong></span> 
     </span>
     <span class='ocr_line' id='line_1_74' title="bbox 1145 2623 1511 2684; baseline 0.003 -9"><span class='ocrx_word' id='word_1_389' title='bbox 1145 2626 1247 2675; x_wconf 83' lang='lat' dir='ltr'><strong>Att.</strong></span> <span class='ocrx_word' id='word_1_390' title='bbox 1271 2624 1365 2684; x_wconf 86' lang='lat'>12,</span> <span class='ocrx_word' id='word_1_391' title='bbox 1388 2623 1435 2683; x_wconf 88' lang='grc'><strong>2,</strong></span> <span class='ocrx_word' id='word_1_392' title='bbox 1462 2624 1511 2676; x_wconf 94' lang='grc'><strong>1.</strong></span> 
     </span>
    </p>

    <p class='ocr_par' dir='ltr' id='par_1_31' title="bbox 1073 2685 2075 2812">
     <span class='ocr_line' id='line_1_75' title="bbox 1073 2685 2075 2753; baseline -0.007 -9"><span class='ocrx_word' id='word_1_393' title='bbox 1073 2690 1389 2744; x_wconf 84' lang='lat' dir='ltr'><strong>Baliaricus</strong></span> <span class='ocrx_word' id='word_1_394' title='bbox 1405 2726 1419 2753; x_wconf 89' lang='lat'><strong>,</strong></span> <span class='ocrx_word' id='word_1_395' title='bbox 1440 2708 1486 2741; x_wconf 86' lang='lat' dir='ltr'><strong>v.</strong></span> <span class='ocrx_word' id='word_1_396' title='bbox 1512 2686 1791 2741; x_wconf 84' lang='lat' dir='ltr'><strong>Caecilius</strong></span> <span class='ocrx_word' id='word_1_397' title='bbox 1808 2685 2075 2739; x_wconf 85' lang='lat' dir='ltr'><strong>Metellus</strong></span> 
     </span>
     <span class='ocr_line' id='line_1_76' title="bbox 1142 2756 1480 2812; baseline -0.006 0"><span class='ocrx_word' id='word_1_398' title='bbox 1142 2756 1480 2812; x_wconf 86' lang='lat' dir='ltr'><strong>Baliaricus.</strong></span> 
     </span>
    </p>

    <p class='ocr_par' dir='ltr' id='par_1_32' title="bbox 1073 2826 2078 3099">
     <span class='ocr_line' id='line_1_77' title="bbox 1073 2826 2078 2895; baseline -0.007 -14"><span class='ocrx_word' id='word_1_399' title='bbox 1073 2828 1294 2892; x_wconf 87' lang='lat' dir='ltr'><strong>Ballio,</strong></span> <span class='ocrx_word' id='word_1_400' title='bbox 1332 2842 1551 2895; x_wconf 89' lang='lat' dir='ltr'><strong>persona</strong></span> <span class='ocrx_word' id='word_1_401' title='bbox 1591 2827 1784 2878; x_wconf 87' lang='lat' dir='ltr'><strong>comica</strong></span> <span class='ocrx_word' id='word_1_402' title='bbox 1821 2827 1875 2875; x_wconf 89' lang='lat' dir='ltr'><strong>in</strong></span> <span class='ocrx_word' id='word_1_403' title='bbox 1910 2826 2078 2876; x_wconf 86' lang='lat' dir='ltr'><strong>Plauti</strong></span> 
     </span>
     <span class='ocr_line' id='line_1_78' title="bbox 1140 2894 2077 2955; baseline -0.009 -5"><span class='ocrx_word' id='word_1_404' title='bbox 1140 2898 1399 2951; x_wconf 85' lang='lat' dir='ltr'><strong>Pseudulo</strong></span> <span class='ocrx_word' id='word_1_405' title='bbox 1435 2905 1547 2947; x_wconf 82' lang='lat' dir='ltr'><strong>acta</strong></span> <span class='ocrx_word' id='word_1_406' title='bbox 1585 2912 1617 2945; x_wconf 89' lang='lat' dir='ltr'><strong>a</strong></span> <span class='ocrx_word' id='word_1_407' title='bbox 1659 2897 1718 2955; x_wconf 85' lang='lat' dir='ltr'><strong>Q.</strong></span> <span class='ocrx_word' id='word_1_408' title='bbox 1758 2895 1941 2945; x_wconf 87' lang='lat' dir='ltr'><strong>Roscio</strong></span> <span class='ocrx_word' id='word_1_409' title='bbox 1982 2894 2077 2943; x_wconf 89' lang='lat' dir='ltr'><strong>Co-</strong></span> 
     </span>
     <span class='ocr_line' id='line_1_79' title="bbox 1141 2960 2069 3031; baseline -0.003 -14"><span class='ocrx_word' id='word_1_410' title='bbox 1141 2966 1352 3027; x_wconf 84' lang='lat' dir='ltr'><strong>moedo,</strong></span> <span class='ocrx_word' id='word_1_411' title='bbox 1390 2981 1483 3031; x_wconf 87' lang='lat' dir='ltr'><strong>pro</strong></span> <span class='ocrx_word' id='word_1_412' title='bbox 1520 2966 1670 3016; x_wconf 87' lang='lat' dir='ltr'><strong>Rosc.</strong></span> <span class='ocrx_word' id='word_1_413' title='bbox 1712 2978 1843 3016; x_wconf 86' lang='lat' dir='ltr'><strong>com.</strong></span> <span class='ocrx_word' id='word_1_414' title='bbox 1888 2964 1947 3022; x_wconf 93' lang='grc'>7,</span> <span class='ocrx_word' id='word_1_415' title='bbox 1986 2960 2069 3014; x_wconf 89' lang='grc'><strong>20.</strong></span> 
     </span>
     <span class='ocr_line' id='line_1_80' title="bbox 1141 3032 1613 3099; baseline -0.006 -14"><span class='ocrx_word' id='word_1_416' title='bbox 1141 3034 1361 3099; x_wconf 85' lang='lat' dir='ltr'><strong>Philipp.</strong></span> <span class='ocrx_word' id='word_1_417' title='bbox 1385 3036 1436 3094; x_wconf 91' lang='grc'><strong>2,</strong></span> <span class='ocrx_word' id='word_1_418' title='bbox 1456 3034 1507 3099; x_wconf 86' lang='grc'><strong>6,</strong></span> <span class='ocrx_word' id='word_1_419' title='bbox 1532 3032 1613 3084; x_wconf 86' lang='lat'><strong>15.</strong></span> 
     </span>
    </p>

    <p class='ocr_par' dir='ltr' id='par_1_33' title="bbox 1072 3097 2074 3237">
     <span class='ocr_line' id='line_1_81' title="bbox 1072 3097 2074 3167; baseline -0.007 -12"><span class='ocrx_word' id='word_1_420' title='bbox 1072 3103 1154 3155; x_wconf 85' lang='grc' dir='ltr'><strong>Μ.</strong></span> <span class='ocrx_word' id='word_1_421' title='bbox 1179 3099 1463 3167; x_wconf 80' lang='lat' dir='ltr'><strong>(Fulvius)</strong></span> <span class='ocrx_word' id='word_1_422' title='bbox 1493 3097 1792 3152; x_wconf 85' lang='lat' dir='ltr'><strong>Bambalio</strong></span> <span class='ocrx_word' id='word_1_423' title='bbox 1809 3135 1825 3163; x_wconf 95' lang='lat'><strong>,</strong></span> <span class='ocrx_word' id='word_1_424' title='bbox 1855 3097 2074 3162; x_wconf 85' lang='lat' dir='ltr'><strong>Philipp.</strong></span> 
     </span>
     <span class='ocr_line' id='line_1_82' title="bbox 1141 3168 1771 3237; baseline -0.006 -14"><span class='ocrx_word' id='word_1_425' title='bbox 1141 3170 1298 3237; x_wconf 57' lang='lat'>236,</span> <span class='ocrx_word' id='word_1_426' title='bbox 1320 3170 1405 3222; x_wconf 91' lang='grc'><strong>90.</strong></span> <span class='ocrx_word' id='word_1_427' title='bbox 1446 3171 1517 3220; x_wconf 88' lang='lat' dir='ltr'><strong>lb.</strong></span> <span class='ocrx_word' id='word_1_428' title='bbox 1539 3169 1591 3229; x_wconf 83' lang='lat'>3,</span> <span class='ocrx_word' id='word_1_429' title='bbox 1612 3168 1662 3227; x_wconf 85' lang='lat'>6,</span> <span class='ocrx_word' id='word_1_430' title='bbox 1690 3168 1771 3219; x_wconf 88' lang='grc'><strong>16.</strong></span> 
     </span>
    </p>

    <p class='ocr_par' dir='ltr' id='par_1_34' title="bbox 1072 3250 2079 3522">
     <span class='ocr_line' id='line_1_83' title="bbox 1072 3250 2079 3310; baseline -0.01 -1"><span class='ocrx_word' id='word_1_431' title='bbox 1072 3256 1262 3310; x_wconf 85' lang='lat' dir='ltr'><strong>Barba</strong></span> <span class='ocrx_word' id='word_1_432' title='bbox 1292 3253 1523 3306; x_wconf 83' lang='lat' dir='ltr'><strong>Cassius</strong></span> <span class='ocrx_word' id='word_1_433' title='bbox 1555 3255 1747 3303; x_wconf 86' lang='lat' dir='ltr'><strong>amicus</strong></span> <span class='ocrx_word' id='word_1_434' title='bbox 1766 3250 1997 3301; x_wconf 84' lang='lat' dir='ltr'><strong>Caesaris</strong></span> <span class='ocrx_word' id='word_1_435' title='bbox 2028 3258 2079 3300; x_wconf 76' lang='lat' dir='ltr'><strong>et</strong></span> 
     </span>
     <span class='ocr_line' id='line_1_84' title="bbox 1142 3318 2079 3389; baseline -0.007 -14"><span class='ocrx_word' id='word_1_436' title='bbox 1142 3327 1371 3387; x_wconf 86' lang='lat' dir='ltr'><strong>Antonii,</strong></span> <span class='ocrx_word' id='word_1_437' title='bbox 1391 3323 1615 3389; x_wconf 85' lang='lat' dir='ltr'><strong>Philipp.</strong></span> <span class='ocrx_word' id='word_1_438' title='bbox 1635 3320 1715 3377; x_wconf 83' lang='grc'><strong>13,</strong></span> <span class='ocrx_word' id='word_1_439' title='bbox 1735 3322 1786 3381; x_wconf 90' lang='grc'><strong>2,</strong></span> <span class='ocrx_word' id='word_1_440' title='bbox 1804 3319 1854 3371; x_wconf 84' lang='grc'><strong>3.</strong></span> <span class='ocrx_word' id='word_1_441' title='bbox 1869 3345 1935 3356; x_wconf 89' lang='grc'>-</span> <span class='ocrx_word' id='word_1_442' title='bbox 1948 3318 2079 3369; x_wconf 88' lang='lat' dir='ltr'><strong>Sub-</strong></span> 
     </span>
     <span class='ocr_line' id='line_1_85' title="bbox 1139 3386 2077 3453; baseline -0.005 -9"><span class='ocrx_word' id='word_1_443' title='bbox 1139 3395 1281 3444; x_wconf 84' lang='lat' dir='ltr'><strong>venit</strong></span> <span class='ocrx_word' id='word_1_444' title='bbox 1308 3392 1570 3453; x_wconf 89' lang='lat' dir='ltr'><strong>Ciceroni,</strong></span> <span class='ocrx_word' id='word_1_445' title='bbox 1600 3406 1647 3443; x_wconf 88' lang='lat' dir='ltr'><strong>a.</strong></span> <span class='ocrx_word' id='word_1_446' title='bbox 1680 3406 1734 3440; x_wconf 89' lang='lat' dir='ltr'><strong>u.</strong></span> <span class='ocrx_word' id='word_1_447' title='bbox 1760 3406 1805 3439; x_wconf 89' lang='lat' dir='ltr'><strong>c.</strong></span> <span class='ocrx_word' id='word_1_448' title='bbox 1830 3386 1948 3440; x_wconf 85' lang='lat'><strong>709.</strong></span> <span class='ocrx_word' id='word_1_449' title='bbox 1965 3423 1979 3446; x_wconf 95' lang='lat'>,</span> <span class='ocrx_word' id='word_1_450' title='bbox 2012 3388 2077 3439; x_wconf 81' lang='lat' dir='ltr'><strong>ad</strong></span> 
     </span>
     <span class='ocr_line' id='line_1_86' title="bbox 1141 3461 1540 3522; baseline -0.005 -11"><span class='ocrx_word' id='word_1_451' title='bbox 1141 3463 1245 3511; x_wconf 82' lang='lat' dir='ltr'><strong>Att.</strong></span> <span class='ocrx_word' id='word_1_452' title='bbox 1267 3461 1353 3522; x_wconf 82' lang='lat'>13,</span> <span class='ocrx_word' id='word_1_453' title='bbox 1380 3461 1467 3522; x_wconf 83' lang='lat'>52,</span> <span class='ocrx_word' id='word_1_454' title='bbox 1492 3461 1540 3509; x_wconf 86' lang='lat'><strong>1.</strong></span> 
     </span>
    </p>
   </div>
   <div class='ocr_carea' id='block_1_13' title="bbox 2460 0 2500 1076">
    <p class='ocr_par' dir='ltr' id='par_1_35' title="bbox 2460 0 2500 1076">
     <span class='ocr_line' id='line_1_87' title="bbox 2460 0 2500 1076; baseline 0 0"><span class='ocrx_word' id='word_1_455' title='bbox 2460 0 2500 1076; x_wconf 95' lang='lat' dir='ltr'><strong> </strong></span> 
     </span>
    </p>
   </div>
  </div>
 </body>
</html>
