2500 3850
264 197 386 260 302

263 366 325 417 1..
368 362 593 415 Plotius
642 362 704 426 (s.
746 360 1031 427 Plautius)
1073 362 1270 413 Gallus

334 434 532 496 rhetor,
586 434 806 497 primum
862 433 1041 482 Latine
1091 433 1273 481 docere

334 505 501 568 coepit
517 540 530 563 ,
553 502 741 568 fragm.
767 516 821 565 p.
844 502 965 552 255.

260 571 430 623 Pluto
448 608 462 634 ,
494 573 559 621 de
578 586 629 620 n.
662 572 711 621 d.
740 572 801 630 2,
832 569 925 632 26,
954 570 1039 623 66.
1081 571 1143 621 V.
1167 568 1272 621 Dis

330 644 511 707 pater.

263 708 529 761 Plutonia
566 712 618 760 in
659 709 812 768 Asia,
840 708 951 757 loca
979 707 1272 773 pestilentes

334 790 381 829 et
409 779 697 829 mortiferos
728 792 945 843 vapores
972 778 1271 827 emittentia.

335 850 481 899 Talia
518 847 722 906 Cicero,
754 861 910 909 quum
940 861 1031 912 pro
1062 845 1272 896 consule

334 921 385 967 in
425 917 601 967 Cilicia
648 923 810 979 esset,
858 917 973 979 ipse
1011 915 1166 978 vidit,
1206 916 1273 964 de

200 1038 217 1049 „
334 988 491 1036 divin.
519 986 563 1045 1,
587 984 672 1039 36.
695 984 779 1035 79.

262 1053 457 1107 Poeni.
506 1056 569 1103 V.
604 1050 948 1115 Phoenices,
987 1048 1171 1103 Sardi.
1202 1078 1274 1089 ——

331 1125 370 1173 E
390 1123 620 1173 barbaris
644 1120 771 1170 nulli
792 1129 931 1170 erant.
952 1128 1100 1170 antea
1118 1122 1273 1171 mari-

332 1194 443 1241 timi
474 1200 675 1256 praeter
703 1190 943 1239 Etruscos
979 1197 1027 1239 et
1054 1190 1270 1251 PoenOS,

334 1261 476 1310 alteri
495 1257 707 1326 (Poeni)
725 1258 984 1308 mercandi
1003 1274 1175 1323 causa,
1198 1259 1274 1307 la-

332 1330 617 1379 trocinandi
648 1328 821 1393 alteri,
844 1330 906 1379 de
932 1343 973 1377 r.
996 1343 1048 1393 p.
1072 1330 1123 1388 2,
1146 1330 1197 1390 4,
1215 1326 1268 1379 9.

330 1426 400 1437 -
424 1400 580 1450 Poeni
605 1398 895 1463 foedifragi,
919 1398 980 1446 de
1003 1396 1088 1448 off.
1114 1397 1163 1457 1,
1186 1396 1272 1459 12,

333 1468 417 1521 38.
441 1496 505 1505 --
525 1467 712 1534 Poeni,
734 1466 919 1527 Tauri,
952 1464 1082 1516 Galli
1105 1465 1273 1514 homi-

335 1554 426 1588 nes
460 1538 725 1587 immolare
756 1544 804 1585 et
828 1537 972 1601 pium
1002 1543 1048 1584 et
1074 1536 1153 1585 dis
1177 1537 1274 1583 im-

333 1606 630 1657 mortalibus
656 1606 1004 1670 gratissimum
1040 1620 1153 1655 esse
1176 1604 1274 1654 du-

334 1682 543 1736 xerunt,
566 1674 629 1723 de
648 1690 691 1728 r.
713 1690 765 1739 p.
787 1674 848 1735 3,
880 1673 939 1730 9,
963 1674 1045 1724 15.
1073 1699 1129 1711 -
1152 1673 1274 1722 Pro-

334 1753 445 1809 pter
481 1744 647 1793 socios
683 1743 822 1792 nulla
856 1742 960 1807 ipsi
989 1743 1169 1792 iniuria
1199 1742 1273 1791 la-

337 1814 507 1863 cessiti
538 1813 755 1863 Romani
784 1827 898 1861 cum
926 1812 1111 1861 Poenis
1139 1810 1275 1861 bella

335 1888 628 1949 gesserunt,
659 1876 735 1932 de‘
752 1882 876 1945 imp.
909 1878 995 1929 Gn.
1018 1879 1194 1946 Pomp.
1218 1879 1270 1944 6,

340 1954 421 2003 14.
450 1979 515 1988 —-
544 1952 823 2001 Poenorum
852 1951 1136 2000 crudelitati
1173 1950 1272 1998 Re-

336 2023 443 2087 guli
470 2037 654 2086 corpus
677 2031 753 2070 est
780 2021 1090 2084 praebitum,
1123 2021 1185 2069 de
1217 2033 1269 2067 n.

338 2093 389 2142 d.
415 2091 473 2151 3.
506 2091 600 2149 32,
634 2091 719 2142 80.
742 2117 807 2125 -
828 2089 982 2140 Poeni
1001 2089 1162 2138 classe
1183 2088 1273 2137 de'-

337 2161 459 2209 victi
481 2175 510 2208 a
530 2159 758 2216 Duellio,
794 2165 917 2206 orat.
946 2159 1038 2217 45,
1066 2156 1180 2208 153.
1201 2181 1274 2192 ·—·

334 2228 579 2292 Hispanis
616 2236 662 2276 et
697 2227 951 2292 plerisque
988 2227 1274 2277 Poenorum

336 2298 631 2363 impositum
676 2294 896 2361 vectigal
950 2301 1025 2344 est
1066 2301 1273 2353 certum,

335 2367 470 2430 quod
494 2365 883 2431 stipendiarium
905 2363 1101 2425 dicitur,
1129 2363 1275 2428 quasi

336 2437 578 2486 victoriae
643 2436 923 2500 praemium
985 2449 1044 2484 ac
1106 2447 1275 2498 poena

335 2505 485 2569 belli,
524 2508 673 2556 Verr.
714 2511 934 2554 accusat.
976 2501 1036 2564 3,
1082 2503 1142 2561 6,
1186 2501 1271 2552 12.

335 2602 403 2612 —-
437 2575 593 2624 Poeni
630 2573 959 2637 haruspices,
1008 2572 1071 2620 de
1112 2571 1270 2620 divin.

334 2646 403 2707 2,
462 2645 561 2705 12,
612 2643 697 2694 28.
736 2667 805 2678 -
849 2641 1041 2690 Bellum
1089 2640 1274 2690 Poeni-

336 2728 449 2762 cum
480 2728 523 2761 s.
552 2710 823 2774 Punicum,
857 2709 1060 2758 Tuscul.
1092 2707 1154 2769 3,
1182 2709 1270 2772 21,

334 2781 419 2830 51.
458 2782 521 2831 de
544 2779 707 2835 'divin
738 2780 789 2838 2,
810 2778 895 2838 64,
922 2776 1038 2830 131.
1072 2778 1137 2827 V.
1154 2775 1271 2828 Pn-

336 2845 520 2898 nicum
547 2846 778 2898 bellum.
792 2848 1041 2898 ——Poeno
1067 2848 1164 2897 fuit
1182 2847 1273 2896 Hi-

336 2933 525 2984 spanus
552 2917 762 2982 auxili0,
782 2917 847 2966 ad
866 2917 981 2968 Hei.
1002 2915 1053 2974 3,
1072 2915 1157 2975 33,
1181 2916 1267 2968 45.

334 3015 405 3023 —-
423 2989 648 3047 Poenus,
671 2988 724 3036 id
746 2993 848 3050 est,
881 2985 1158 3042 Hannibal,
1191 2985 1267 3033 Ib.

264 3123 573 3176 Poetarum
619 3127 923 3176 incertorum
968 3123 1270 3187 fragmenta,

334 3195 555 3259 Philipp.
578 3196 629 3255 2,
652 3196 736 3253 27,
755 3195 840 3247 66.
866 3194 943 3242 Ib.
972 3161 1158 3248 13,021‚
1180 3185 1286 3244 49.

336 3264 399 3313 de
418 3265 575 3316 divin.
597 3229 659 3324 2,
681 3265 742 3322 5,
768 3263 852 3312 12.
890 3263 964 3314 Ib.
986 3263 1045 3322 2,
1070 3257 1160 3324 10,
1180 3260 1267 3310 25.

336 3327 1268 3393 Tuscul.1,5,10.1b.1,18,41.

336 3400 411 3449 lb.
444 3401 489 3456 1,
520 3399 604 3459 20,
612 3367 723 3449 ⁹⁹45.

264 3464 385 3517 Ser.
420 3465 579 3515 Pola.
623 3464 953 3516 consolantur
978 3465 1270 3515 Ciceronem

718 208 784 253 L.
821 207 1113 254 PLOTIUS
1148 206 1415 254 GALLUS
1447 228 1530 241 ·--
1559 207 1890 255 POLITICI.

1413 364 1696 414 cotidianae
1730 365 2076 415 damnationes
2121 366 2358 418 inimico-

1413 448 1551 497 rum,
1591 436 1642 483 in
1682 433 1865 497 quibus
1903 432 2109 483 Servius
2155 436 2366 486 adlisus

1411 512 1515 560 est,
1545 503 1700 552 ceteri
1719 502 2076 569 conciduntur,
2108 505 2258 563 adQ.
2289 506 2356 558 fr.

1411 573 1473 637 2,
1503 573 1539 621 4
1561 567 1680 633 (6),
1703 571 1755 623 6.
1785 571 1982 622 -Se1.
2021 574 2172 632 Pola,
2201 574 2364 625 homo

1412 648 1571 690 taeter
1599 648 1646 690 et
1675 642 2080 698 ferus,videtu1
2103 611 2172 691 ad
2201 659 2360 693 accu—

1413 711 1660 759 sationem
1699 677 1856 759 Caeli'i
1899 712 2070 760 venire
2115 727 2164 761 a.
2207 728 2260 761 u.
2309 729 2355 761 c.

1412 779 1551 839 700.,
1573 778 1644 827 lb.
1666 781 1715 841 2,
1735 779 1800 829 11
1825 776 1962 843 (13),
1989 780 2038 832 2.
2061 808 2133 817 —
2152 781 2358 845 Appius

1414 848 1655 899 Claudius
1679 846 1894 897 Pulcher
1921 862 2022 897 non
2053 850 2249 899 destitit
2274 864 2360 899 ar-

1412 932 1614 967 cessere
1652 916 1825 967 Polam
1867 916 2101 968 Servium
2139 934 2358 968 accusa-

1412 993 1590 1047 torem,
1613 986 1740 1035 inire
1763 1001 1878 1036 cum
1897 985 2116 1039 Domitio
2138 989 2358 1038 consilia

1413 1072 1459 1104 a.
1499 1072 1550 1104 u.
1586 1072 1629 1104 c.
1667 1054 1814 1114 704.,
1856 1054 1990 1109 Cael.
2027 1056 2094 1105 ad
2135 1057 2259 1108 fam.
2301 1057 2356 1119 8,

1417 1124 1500 1189 12,
1522 1126 1573 1175 2.

1341 1192 1579 1256 Poleas,
1629 1193 1826 1258 legatus
1871 1194 2356 1257 Tyndaritanorum,

1411 1264 1559 1313 Verr.
1583 1269 1802 1312 accusat.
1823 1266 1876 1323 4,
1896 1264 1983 1325 42,
2003 1262 2089 1313 92.

1341 1329 1608 1393 Polemo,
1634 1332 1939 1381 Academiae
1968 1332 2153 1382 veteris
2186 1331 2358 1395 philo·

1413 1398 1628 1479 sophuS,
1653 1399 1811 1450 Acad.
1833 1408 1967 1466 post.
1997 1400 2053 1462 1,
2075 1400 2138 1464 9,
2161 1400 2250 1452 34
2286 1401 2349 1451 V.

1411 1464 1694 1519 Arcesilas
1751 1477 1800 1519 et
1857 1466 2225 1534 Speusippus.
2287 1496 2352 1504 ——-

1412 1538 1536 1587 Eius
1562 1538 1819 1587 auditores
1849 1539 1980 1587 Zeno
2006 1545 2053 1587 et
2071 1536 2354 1595 Arcesilas,

1412 1608 1486 1658 Ib.
1507 1636 1573 1645 -—-
1593 1605 1797 1656 Polemo
1819 1614 1866 1656 et
1889 1606 2114 1665 Crantor,
2137 1608 2227 1669 qui
2249 1607 2355 1656 Xe-

1413 1681 1668 1725 nocratem
1688 1676 1981 1740 audierunt,
2003 1674 2130 1725 nihil
2153 1677 2216 1726 ab
2237 1676 2357 1724 Ari--

1413 1744 1592 1795 stotele
1645 1760 1830 1809 magno
1891 1758 2043 1809 opere
2091 1744 2356 1793 dissense-

1413 1822 1558 1875 runt,
1586 1814 1648 1863 de
1669 1821 1792 1863 orat.
1816 1812 1866 1878 3,
1903 1812 1982 1871 18,
2003 1812 2091 1863 67.
2113 1840 2180 1849 —-
2207 1813 2355 1863 Pole—

1411 1898 1521 1947 mo,
1545 1881 1844 1934 Xenocratis
1865 1882 2081 1943 auditor,
2109 1882 2172 1932 de
2189 1882 2278 1936 fin.
2300 1882 2354 1943 5,

1414 1954 1441 2004 1
1460 1991 1474 2008 .
1495 1954 1546 2002 2.
1580 1953 1653 2002 Ib.
1676 1953 1732 2011 5,
1758 1952 1810 2011 3,
1833 1953 1884 2002 7.
1905 1951 2282 2016 -v-Polemoni,
2307 1959 2358 1999 et

1413 2024 1513 2072 iam
1556 2029 1671 2071 ante
1715 2021 1999 2084 Aristoteli,
2039 2022 2356 2084 primavisa

1410 2098 1528 2142 sunt
1550 2091 1751 2141 virtutis
1777 2105 1902 2140 usus
1930 2105 2043 2141 cum
2076 2091 2206 2139 vitae
2237 2105 2346 2154 per·

1411 2161 1574 2210 fectae
1591 2161 1948 2225 prosperitate,
1975 2160 2046 2210 Ib.
2075 2159 2126 2218 2,
2152 2159 2237 2218 11,
2265 2159 2356 2210 34.

1414 2229 1475 2279 cl.
1499 2230 1570 2282 ib.
1594 2231 1645 2293 2,
1665 2229 1717 2293 6,
1747 2229 1831 2280 19.
1851 2257 1920 2269 -—
1937 2227 2139 2279 Polemo
2157 2229 2362 2295 planis-

1414 2299 1543 2348 sime
1587 2299 1865 2348 secundum
1911 2305 2141 2347 naturam
2178 2297 2354 2346 vivere

1414 2383 1667 2418 summum
1704 2368 1894 2417 bonum
1931 2381 2043 2417 esse
2081 2365 2241 2425 dixit,
2279 2366 2358 2417 lb.

1412 2439 1464 2500 4,
1485 2437 1535 2496 6,
1559 2437 1644 2487 14.
1685 2437 1759 2486 Ib.
1780 2440 1833 2499 4,
1857 2435 1939 2499 16,
1957 2435 2044 2485 45.
2084 2435 2161 2484 lb.
2187 2435 2241 2498 4,
2270 2433 2358 2494 18,

1412 2505 1497 2556 51.
1535 2533 1608 2542 —
1631 2505 1758 2554 Eum
1799 2503 2078 2556 Antiochus
2104 2501 2362 2568 probabat

1411 2576 1660 2635 maxime,
1697 2574 1858 2623 Acad.
1892 2588 1972 2638 pr.
1999 2575 2065 2632 2,
2095 2573 2195 2632 42,
2235 2571 2354 2624 131.

1415 2644 1479 2692 cl.
1503 2645 1574 2698 ib.
1597 2644 1649 2704 2,
1671 2642 1756 2703 35,
1782 2641 1897 2693 113.
1941 2640 2110 2694 defin.
2135 2643 2192 2698 4,
2213 2642 2276 2698 2,
2299 2640 2355 2693 3.

1410 2713 1482 2762 Ib.
1506 2713 1556 2771 5,
1581 2713 1630 2775 5,
1657 2711 1737 2763 14.
1776 2713 1850 2760 Ib.
1869 2712 1920 2775 5,
1941 2709 2024 2770 31,
2045 2709 2129 2760 94.
2163 2677 2354 2773 deleg-

1414 2749 1590 2840 1,1ἱ-”,,
1615 2748 1698 2831 ’38.
1731 2778 2236 2836 'ruseul.5‚10‚30.
2275 2779 2354 2827 Ib.

1411 2848 1571 2966 5ὃ13,
1591 2847 1676 2899 39.
1707 2850 1780 2898 lb.
1805 2852 1854 2912 5,
1879 2849 1962 2910 31,
1984 2848 2071 2899 87.
2097 2847 2171 2899 lb.
2195 2848 2246 2908 5,
2267 2845 2353 2908 37,

1339 2983 1762 3036 Polemocrates
1793 3021 1809 3050 ,
1893 2984 2352 3051 ApollonidiensiS,

1411 3055 1784 3104 mercennarius
1820 3055 2033 3104 Deciani
2070 3055 2356 3120 negotiato-

1343 3124 1827 3256 pgigmffioef'lagffi
1848 3122 2042 3242 {gnzlle-
2073 3191 2356 3256 disciplina

1413 3262 1732 3323 Polemonis,
1754 3263 1913 3312 Acad.
1939 3277 2014 3325 pr
2037 3261 2088 3318 2,
2109 3260 2207 3317 43,
2230 3259 2349 3310 132.

1340 3329 1508 3381 Poles
1529 3332 1785 3380 Temnites
1804 3368 1816 3389 ,
1845 3331 2093 3395 pecuniae
2117 3296 2355 3395 publicae

1412 3401 1802 3458 condemnatae,
1827 3414 1918 3463 pro
1937 3399 2118 3448 Flacco
2144 3397 2238 3461 18,
2265 3395 2352 3445 43.

1342 3464 1568 3516 Politici
1597 3468 1896 3532 philosophi
1925 3481 1956 3515 a
1987 3467 2197 3516 Graecis
2229 3465 2354 3514 olim
