2500 3850
842 170 1138 216 venians
1163 190 1247 200 --
1271 144 1585 216 vE'r‘rm-sss
2146 159 2263 219 441

257 334 491 391 quartus,
521 334 645 377 orat.
678 326 775 385 50,
806 324 922 376 167.
947 351 1007 363 -ψ
1033 325 1196 373 Accu·

255 398 468 447 sationis
497 396 750 446 secundus
785 403 832 443 et
852 392 1087 455 quart'us,
1120 394 1191 442 lb.

256 465 340 528 62,
363 464 481 516 210.
514 492 579 500 -
602 465 927 514 verrinarum
961 478 1006 511 s.
1029 467 1194 511 Accu-

261 536 469 583 sationis
520 543 716 599 septem
768 531 907 589 libri,
959 532 1044 581 ubi
1090 546 1193 581 uua

255 605 406 652 etiam
427 603 672 652 divinatio
691 604 742 650 in
763 602 824 659 Q.
847 600 1120 652 Caecilium
1142 608 1191 649 et

255 674 386 722 actio
430 673 481 721 in
509 671 565 721 C.
587 672 798 721 Verrem
829 671 996 734 prima
1023 672 1075 718 in
1106 668 1189 718 his

253 742 396 790 libris
419 748 757 799 numerantur,
787 740 858 789 lb.
881 739 968 800 29,
1006 737 1117 788 103.

182 808 413 861 Verrius
432 845 446 871 ‚
483 808 622 858 Paeti
642 806 938 870 familiaris,
975 808 1040 856 ad
1061 808 1182 855 fam.

250 879 300 937 9,
320 879 406 939 20,
442 879 494 931 2.
547 879 621 927 lb.
645 877 699 941 9,
721 876 805 937 26,
827 878 874 927 1.
897 904 961 913 —-
984 877 1190 927 Verrius

258 947 528 997 familiaris
550 947 603 995 P.
627 945 854 1007 Lentuli,
896 952 1191 1009 propraeto-

252 1019 324 1065 ris
345 1031 391 1065 a.
411 1032 462 1067 u.
488 1031 534 1067 c.
557 1016 696 1076 711.,
729 1016 801 1068 Ib.
828 1014 906 1077 12,
935 1016 1013 1076 14,
1035 1016 1086 1066 5.

183 1084 247 1133 C.
283 1082 579 1135 Verrucius
616 1082 676 1133 C.
711 1081 805 1146 R,
838 1098 1019 1132 nomeu
1057 1084 1191 1133 frau-

257 1156 336 1204 dis
370 1168 522 1203 eausa
553 1169 582 1202 a
625 1151 678 1201 C.
704 1153 860 1201 Verre
895 1151 1035 1201 esL.
1070 1151 1191 1202 Gar-

255 1225 446 1288 pinatio
481 1221 768 1283 confictum,
796 1222 940 1272 Verr.
967 1228 1185 1270 accusat.

255 1294 306 1356 2,
331 1292 413 1353 76,
446 1291 542 1342 187
566 1306 679 1352 sqq.

180 1362 539 1411 Vertumnus.
574 1360 632 1410 V.
655 1358 1008 1408 Vertumnus.

180 1426 477 1479 Vescinum
495 1465 509 1490 ‚
564 1427 826 1492 praedium
882 1440 1042 1490 prope
1089 1426 1191 1473 Ve-

254 1500 438 1562 seiam,
469 1497 714 1562 oppidum
741 1495 860 1543 olim
893 1509 989 1542 non
1012 1494 1190 1559 procul

251 1583 281 1616 a
313 1567 580 1617 Minturnis
614 1567 766 1614 situm
800 1564 865 1613 ad
893 1564 1081 1624 Lirim,
1124 1562 1188 1611 ad

253 1638 357 1688 Au.
381 1635 463 1696 15,
499 1636 548 1699 2,
579 1634 627 1685 1.

181 1702 450 1755 Vescinus
472 1719 628 1769 ager,
659 1703 724 1751 de
746 1702 859 1767 lege
879 1716 984 1766 agr.
1014 1702 1063 1766 2,
1100 1701 1186 1760 25,

178 1840 402 1893 Veseris
425 1878 440 1906 ,
494 1842 678 1890 fluvius
699 1877 712 1899 ,
771 1841 888 1889 item
939 1840 1184 1905 oppidum

255 1912 561 1977 Campaniae
581 1948 596 1972 ,
637 1910 730 1961 sub
753 1919 919 1960 monte
942 1909 1181 1958 Vesuvio.

248 2009 315 2018 -
346 1981 513 2030 Latini
542 1997 571 2030 a
606 1980 666 2030 T.
704 1979 888 2028 Manlio
930 1979 1183 2042 Torquato

245 2051 447 2100 tertium
470 2065 573 2100 cos.
599 2064 646 2102 a.
673 2063 724 2101 u.
749 2065 792 2101 c.
815 2050 957 2104 414..
998 2049 1064 2098 ad
1086 2047 1183 2096 Ve-

249 2121 402 2169 serim
427 2119 529 2168 fusi
549 2129 596 2168 et
626 2119 802 2183 fugati,
825 2118 886 2166 de
907 2117 989 2166 off.
1017 2117 1071 2180 3,
1095 2115 1180 2179 30,

179 2258 358 2322 Vespa
397 2253 716 2305 Terentius.
779 2257 842 2303 V.
882 2253 1183 2305 Terentius

250 2325 450 2390 Vespa.

180 2393 368 2444 Vesta.
441 2393 564 2442 Eius
584 2407 762 2442 nomen
793 2407 824 2440 a
856 2392 1082 2454 Graecis,
1103 2393 1184 2441 vis

248 2470 415 2512 autem
437 2463 544 2510 eius
565 2463 630 2511 ad
657 2477 769 2510 aras
797 2469 847 2510 et
866 2460 1007 2510 focos
1027 2462 1184 2524 perti-

246 2539 359 2594 net,
385 2530 448 2580 de
475 2546 524 2580 n.
552 2532 602 2579 d.
625 2531 675 2589 2,
695 2532 782 2590 27,
805 2529 892 2581 67.
914 2557 987 2568 --
1011 2531 1180 2590 Vesta,

250 2601 397 2663 quasi
428 2599 597 2648 focum
618 2600 774 2663 urbis,
799 2605 850 2648 ut
876 2597 1068 2647 Graeco
1093 2613 1182 2648 no-

247 2671 380 2719 mine
401 2677 475 2718 est
495 2668 772 2732 appellata,
807 2667 1072 2733 complexa
1091 2676 1183 2728 est,

247 2740 357 2788 eius
384 2738 547 2788 cultus
568 2774 580 2796 ,
611 2737 672 2786 de
701 2737 802 2802 leg.
828 2739 882 2796 2,
905 2737 986 2794 12,
1009 2735 1096 2787 29.
1120 2765 1187 2776 --

244 2809 367 2858 Eius
387 2808 518 2871 ignis
537 2817 814 2872 perpetuus
843 2821 903 2855 ae
923 2806 1187 2869 sempiter-

249 2892 360 2934 nus,
400 2878 450 2924 in
473 2874 615 2926 Catil.
639 2877 691 2936 4,
721 2876 773 2936 9,
796 2873 877 2924 18.
923 2901 988 2910 -
1023 2874 1184 2923 Pella-

248 2946 383 2994 elium
405 2945 550 3008 quasi
570 2945 758 3009 pignus
777 2951 979 2994 nostrae
997 2942 1182 2993 salutis

247 3023 398 3077 atque
445 3015 648 3078 imperii
701 3013 948 3063 custodiis
992 3014 1182 3063 Vestae

242 3085 544 3141 continetur,
585 3097 676 3147 pro
701 3081 890 3132 Scauro
912 3081 974 3140 2,
997 3081 1080 3133 48.
1113 3108 1181 3119 -

242 3155 288 3200 V
290 3162 398 3202 esta
417 3160 590 3211 mater,
605 3152 668 3203 de
684 3153 832 3201 domo
850 3167 940 3200 sua
959 3150 1044 3212 57,
1066 3151 1178 3201 144.

245 3221 368 3270 Eius
390 3221 533 3270 lucus
555 3237 584 3269 a
601 3221 778 3270 Palatii
808 3221 978 3270 radice
1006 3221 1056 3268 in
1081 3217 1181 3268 No-

245 3305 359 3338 vum
381 3291 530 3338 Viam
551 3291 778 3339 devexus
800 3298 902 3352 est,
936 3289 999 3337 de
1017 3289 1178 3336 divin.

249 3359 294 3418 1,
316 3359 401 3415 45,
426 3359 540 3407 101.
564 3385 630 3394 -
650 3360 834 3408 Vestae
851 3355 1181 3407 simulacrum

243 3430 299 3477 P.
321 3427 489 3476 Crassi
509 3428 756 3491 sanguine
785 3439 1095 3491 respersum,
1117 3425 1181 3474 de

1341 333 1465 373 orat.
1490 324 1539 384 3,
1562 324 1611 382 3,
1636 324 1716 374 10.
1745 326 2009 377 —Vestae
2032 325 2273 392 templum

1337 396 1403 443 ad
1428 394 1546 443 fam.
1576 394 1656 457 14,
1685 395 1737 453 2,
1762 396 1813 445 2.

1263 461 1534 513 Vestales.
1610 462 1683 511 De
1714 463 1881 527 capite
1901 464 2151 528 virginum
2169 467 2271 515 Ve-

1330 531 1532 580 stalium
1568 532 1863 596 pontificum
1896 532 2160 598 collegium
2191 537 2271 583 iu·

1332 601 1551 663 dicabat,
1566 602 1629 650 de
1648 601 1855 665 harusp.
1876 616 2010 666 resp.
2030 603 2079 662 7,
2096 603 2179 655 13.
2202 632 2270 642 —-

1330 670 1603 736 virginum
1617 671 1897 721 Vestalium
1918 671 2168 722 absolutio
2183 674 2273 721 de-

1334 740 1465 787 cimo
1501 754 1632 788 anno
1661 750 1777 789 ante
1798 739 2054 788 Ciceronis
2088 756 2268 791 consu-

1333 808 1491 857 latum
1505 824 1550 857 a.
1569 824 1618 857 n.
1634 823 1679 859 c.
1698 809 1840 871 681„
1856 810 1906 857 in
1920 809 2063 860 Catil.
2082 809 2133 871 3,
2150 814 2200 866 4,
2215 809 2269 859 9.

1332 904 1399 913 —-
1412 878 1682 943 Virginum
1696 879 1977 928 Vestalium
2000 879 2271 941 iudicium,

1333 948 1557 997 incestus
1587 948 1798 995 erimine
1834 956 2183 997 accusaturum
2219 956 2269 996 et

1332 1015 1399 1064 Μ.
1436 1016 1617 1064 Pisone
1666 1016 1969 1065 defendente
2014 1017 2267 1066 absoluta-

1334 1099 1470 1144 rum,
1512 1085 1651 1133 Brut.
1689 1085 1784 1149 67,
1826 1084 1941 1135 236,

1262 1151 1477 1204 Vestini
1510 1150 1847 1215 Pinnenses,
1895 1169 2055 1219 prope
2087 1170 2269 1221 agrum

1330 1222 1565 1271 Picenum
1583 1260 1596 1286 ,
1628 1222 1781 1271 hodie
1801 1223 1959 1273 Civita
1988 1224 2043 1272 di
2066 1224 2265 1286 Penna,

1330 1293 1396 1340 ad
1416 1292 1529 1339 Her.
1551 1295 1603 1348 2,
1628 1290 1713 1347 28,
1736 1292 1824 1340 45.

1267 1358 1326 1409 C.
1367 1356 1658 1410 Vestorius
1694 1359 1999 1409 Puteolanus
2032 1369 2265 1426 argenta-

1334 1430 1458 1486 rius,
1485 1429 1550 1477 ad
1572 1429 1672 1477 Ait.
1694 1427 1745 1486 6,
1768 1431 1817 1492 2,
1846 1428 1878 1479 3
1906 1443 1953 1477 et
1976 1429 2059 1480 10.
2106 1431 2169 1479 el.
2192 1432 2261 1486 ib.

1332 1500 1384 1557 4,
1408 1496 1489 1553 16,
1510 1499 1562 1550 4.
1603 1499 1677 1546 Ib.
1699 1498 1751 1556 5,
1775 1498 1826 1559 2,
1852 1498 1901 1547 2.
1930 1526 1996 1534 -
2026 1498 2148 1547 Eius
2167 1499 2267 1549 La—

1329 1568 1465 1615 tinus
1476 1556 1818 1629 ἇττικισμός,
1844 1567 1917 1615 lb.
1941 1569 1991 1629 5,
2017 1566 2095 1630 17,
2125 1568 2171 1621 l.
2194 1598 2269 1607 —-

1332 1635 1589 1686 Ciceronis
1622 1634 1919 1699 familiaris,
1960 1639 2023 1686 ad
2053 1636 2171 1685 fam.
2210 1638 2261 1701 6,

1331 1704 1424 1769 11,
1458 1706 1509 1757 2.
1573 1705 1761 1754 adAtt.
1799 1707 1865 1766 4,
1894 1702 1957 1765 6,
1996 1710 2049 1760 4.
2109 1706 2183 1754 lb.
2210 1709 2265 1769 4,

1330 1773 1422 1831 14,
1465 1776 1511 1823 1.
1559 1799 1625 1809 -
1658 1773 1925 1823 Vestorius
1962 1774 2265 1825 aedificandi

1326 1841 1553 1892 Ciceroni
1607 1840 1925 1893 consiliarius
1976 1852 2023 1892 et
2072 1854 2264 1907 auctor,

1326 1912 1398 1962 Ib.
1428 1912 1512 1974 14,
1541 1910 1590 1975 9,
1626 1912 1675 1962 1.
1695 1937 1761 1948 -·
1783 1912 2070 1976 Vestoriu3‚
2110 1911 2263 1964 homo

1324 1991 1550 2032 remotus
1571 1997 1601 2031 a
1619 1981 1917 2044 dialecticis,
1950 1983 2003 2030 in
2026 1981 2263 2032 arithme-

1325 2052 1441 2099 ticis
1492 2053 1618 2101 satis
1664 2052 1964 2100 exercitatus
1988 2087 2003 2111 ‚
2060 2051 2134 2101 lb.
2178 2052 2259 2110 14,

1328 2120 1424 2179 12,
1465 2119 1517 2174 3.
1570 2147 1640 2156 —
1677 2120 1978 2169 Vestoriana
2013 2118 2261 2184 haeresis,

1326 2189 1615 2251 1h.14.4,
1656 2189 1701 2238 1.
1759 2188 1834 2237 lb.
1881 2187 1972 2248 15,
2008 2188 2152 2253 4‚3.
2192 2217 2265 2228 --
2364 2248 2378 2258 ⁶

1326 2257 1447 2306 Eius
1466 2257 1807 2308 controversia
1832 2273 1945 2307 cum
1959 2256 2265 2324 Sempronio

1324 2326 1477 2386 Rufe,
1508 2327 1707 2378 Caelius
1727 2327 1793 2375 ad
1816 2327 1937 2376 fam.
1966 2327 2017 2385 8,
2045 2328 2095 2387 8,
2129 2329 2173 2376 l.
2195 2355 2261 2363 —-

1326 2396 1629 2444 Memor-atur
1653 2404 1913 2460 praeterea
1945 2395 2011 2444 ad
2040 2399 2143 2448 Att.
2178 2397 2263 2452 10,

1329 2464 1422 2524 13,
1460 2465 1510 2515 2.
1572 2464 1645 2516 Ib.
1684 2463 1772 2522 13,
1814 2464 1902 2522 12,
1944 2467 1994 2512 4.
2053 2464 2126 2512 Ib.
2179 2464 2265 2526 13,

1322 2533 1409 2594 46,
1430 2532 1479 2584 3.

1256 2616 1483 2666 Veteres
1508 2615 1774 2666 tabernae
1794 2617 1843 2664 in
1871 2615 1980 2665 foro
2010 2615 2261 2665 Romano.

1326 2687 1482 2735 Acad.
1502 2701 1578 2750 pr.
1602 2686 1652 2746 2,
1668 2686 1755 2748 22,
1776 2685 1861 2738 70.
1897 2686 1959 2737 V.
1976 2683 2187 2736 Novae.

1254 2769 1320 2819 P.
1342 2765 1603 2832 Vetilius,
1647 2770 1963 2833 propinquus
2002 2769 2121 2820 Sex.
2164 2775 2265 2818 Ae·

1328 2839 1473 2898 bntii,
1495 2838 1639 2886 testis
1663 2838 1712 2885 in
1733 2853 1888 2887 causa
1909 2840 1971 2886 A.
2000 2837 2209 2888 Caecina
2231 2859 2261 2898 ·,

1325 2923 1416 2972 pro
1438 2906 1651 2956 Caecina
1682 2905 1733 2967 9,
1766 2907 1849 2956 24.

1254 2991 1562 3052 Vettienus,
1596 2993 1931 3057 argentarius,
1958 2991 2022 3040 ad
2042 2994 2144 3040 Att.
2176 2991 2259 3055 10,

1321 3065 1370 3118 5,
1391 3062 1442 3112 3.
1488 3062 1561 3113 Ib.
1588 3061 1668 3119 10,
1692 3060 1774 3123 11,
1796 3060 1845 3110 5.
1897 3060 1970 3108 Ib.
2000 3059 2081 3118 10,
2104 3057 2187 3124 13,
2208 3061 2261 3112 2.

1324 3133 1397 3183 lb.
1424 3130 1505 3194 10,
1537 3131 1618 3192 15,
1638 3132 1691 3181 4.
1756 3129 1830 3182 lb.
1858 3129 1937 3186 15,
1962 3128 2042 3187 13,
2063 3127 2095 3179 3
2128 3136 2178 3177 et
2206 3129 2257 3178 5.

1324 3201 1396 3251 lb.
1424 3200 1505 3258 12,
1526 3198 1576 3262 3,
1596 3201 1649 3250 2.

1251 3282 1472 3336 Vettius
1487 3322 1501 3349 ,
1524 3301 1679 3350 eques
1702 3285 1977 3342 Romanu&
2009 3283 2262 3333 amicissi-

1320 3369 1435 3404 mus
1450 3353 1711 3417 Catilinae,
1729 3353 1793 3414 Q:
1802 3354 1902 3405 Cic.
1920 3353 1983 3403 de
1998 3359 2101 3418 pet.
2116 3365 2261 3403 cons.

1321 3423 1371 3484 3,
1398 3424 1479 3475 10.
