2500 3850
244 168 368 231 266

309 339 518 396 bantur,
562 350 791 399 quaeque
828 338 879 385 in
914 352 1087 386 earum
1122 338 1245 387 locis

237 465 242 470 ,
308 413 619 476 gererentm,
642 421 701 456 ea
724 405 813 456 sub
834 405 1005 467 Novia,
1026 406 1115 456 sub
1146 408 1246 456 Ve-

307 475 495 526 teribus
513 476 623 540 geri
644 475 962 536 dicebantur,
986 476 1143 524 Α88(1.
1164 491 1241 540 pr.

308 547 359 605 2,
388 546 471 605 22,
493 545 575 596 70.
611 546 675 604 (18
694 553 821 598 orat.
846 546 896 604 2,
918 543 1001 608 66,
1025 545 1144 596 266

236 611 447 676 Novia,
456 581 739 679 Oppianici
758 629 887 665 uxor
901 651 914 674 ,
937 628 1029 678 pro
1051 613 1242 666 Cluent.

236 753 307 820 Q.
340 751 582 818 Novius,
623 753 967 803 Atellanarum
1008 754 1238 818 scriptor.

303 823 427 872 Eius
453 838 655 887 versae,
678 825 741 872 de
762 831 888 875 orat.
912 824 943 873 2
960 856 973 879 ,
996 823 1090 884 63,
1121 823 1237 875 255.

302 893 377 946 11).
403 895 453 952 2,
472 891 558 952 69,
580 891 698 943 279.
742 893 813 942 Ib.
837 893 887 951 2,
911 890 999 951 70,
1019 892 1139 943 285.

233 961 685 1014 Novocomenses
706 996 721 1024 ,
798 961 993 1010 incolae
1064 961 1242 1026 oppidi

304 1032 434 1080 Novi
456 1029 598 1080 Comi
632 1031 685 1078 in
720 1029 953 1078 Insubria
982 1030 1047 1077 ad
1075 1029 1241 1078 lacum

303 1099 533 1160 Larium,
557 1099 624 1148 ad
641 1097 764 1156 fam.
792 1097 873 1156 13,
896 1097 980 1159 35,
1009 1097 1055 1148 1.

232 1170 372 1222 Nox.
410 1165 583 1216 Noctis
617 1173 666 1215 81
693 1165 847 1216 Erebi
884 1165 975 1214 filii
1007 1173 1055 1214 et
1088 1165 1237 1231 filiae,

252 1252 256 1255 '
306 1239 437 1288 (1811.
461 1237 510 1286 (1.
532 1237 581 1294 3,
608 1236 691 1294 17,
711 1235 796 1286 44.

231 1303 472 1359 Nuceria
512 1301 887 1371 (Alfaterna),
931 1302 1240 1368 Campaniae

303 1377 564 1440 oppidum,
575 1373 731 1424 hodie
742 1373 965 1434 Nocera,
978 1387 1071 1437 pro
1084 1373 1240 1425 Balbo

305 1445 385 1508 11,
409 1443 493 1496 28.
536 1444 598 1493 de
618 1444 731 1510 lege
752 1457 863 1508 agr.
883 1444 934 1502 2,
958 1441 1045 1506 31,
1066 1442 1151 1496 86.

230 1513 447 1566 Nucula
464 1550 478 1576 ‚
503 1529 634 1562 unus
660 1515 723 1562 de
748 1512 1072 1578 septemviris
1101 1515 1239 1578 agris

303 1584 487 1634 dandis
529 1581 863 1648 adsignandis
911 1582 973 1630 ab
1016 1582 1239 1632 Antonio

300 1651 608 1714 constitutis,
628 1650 850 1716 Philipp.
874 1649 926 1714 6,
947 1650 980 1700 5
998 1687 1012 1710 ,
1037 1649 1118 1702 14.
1158 1652 1234 1700 Ib.

299 1721 350 1780 8,
372 1720 422 1778 9,
444 1718 529 1769 26.
565 1719 640 1768 Ib.
664 1719 747 1778 ll,
768 1719 819 1784 6,
846 1717 930 1769 13.

228 1789 411 1844 Numa
456 1784 803 1853 Pompilius,
852 1802 944 1836 rex
985 1787 1239 1837 Romano-

298 1873 427 1907 rum.
466 1855 587 1907 Eius
613 1871 697 1906 res
726 1863 901 1922 gestae
921 1857 1129 1921 copiose
1150 1872 1239 1906 ex-

242 1971 247 1976 .
299 1934 581 1993 ponuntur,
604 1927 666 1977 de
687 1942 727 1975 r.
750 1942 803 1992 p.
828 1928 891 1987 2,
921 1925 1012 1986 13,
1034 1925 1100 1975 25
1122 1941 1233 1989 sqq.

300 2025 365 2034 —
386 1996 495 2047 Non
523 1996 857 2063 Pythagoriae
889 1995 1051 2061 ipsius
1084 1995 1238 2046 disci

297 2068 449 2131 pulus
470 2081 563 2115 nec
584 2066 917 2131 Pythagorius
938 2065 1061 2124 fuit,
1082 2066 1158 2115 Ib.
1181 2068 1236 2127 2,

298 2136 381 2196 15,
396 2134 484 2188 28.
510 2136 572 2183 81.
586 2134 790 2185 Tuscul.
811 2136 863 2194 4,
884 2134 932 2194 1,
952 2134 1003 2184 3.
1028 2134 1091 2182 de
1110 2141 1235 2184 orat.

296 2204 347 2263 2,
364 2171 448 2262 37,
466 2203 580 2253 154.
600 2204 787 2252 -Rex
803 2203 1123 2267 peregrinae,
1144 2217 1236 2265 pro

298 2270 439 2321 Sulla
460 2273 509 2335 7,
532 2273 617 2323 22.
640 2297 710 2309 --
731 2270 853 2321 011111
877 2270 1061 2335 Egeria
1080 2271 1237 2321 collo-

297 2349 441 2391 cutus
460 2378 475 2404 ,
494 2309 563 2392 'de
580 2342 683 2407 leg.
708 2341 767 2404 1,
805 2341 863 2400 1,
896 2343 947 2389 4.
969 2364 1039 2376 --
1059 2338 1131 2389 Eo
1153 2356 1236 2399 re-

296 2418 485 2475 gnante
524 2410 696 2461 nullus
724 2410 952 2475 privatus
992 2416 1098 2458 erat
1132 2410 1235 2459 dis-

296 2489 523 2545 ceptator
577 2488 663 2530 aut
710 2480 897 2529 arbiter
948 2478 1083 2541 litis,
1142 2480 1236 2528 sed

299 2550 467 2599 omnia
494 2549 886 2599 conficiebantur
916 2548 1124 2597 iudiciis
1154 2563 1234 2598 re-

297 2621 415 2679 giis,
456 2618 520 2668 Et
542 2618 771 2668 Ciceroni
796 2617 1001 2679 quidem
1031 2617 1234 2668 videtur

294 2686 459 2737 Numa
481 2688 702 2737 maxime
720 2685 945 2735 tenuisse
966 2684 1101 2735 hunc
1124 2702 1233 2736 mo—

293 2769 401 2803 rem
454 2762 677 2805 veterem
736 2752 979 2803 Graeciae
1034 2770 1231 2821 regum.

292 2821 546 2873 Diuturna
570 2838 676 2888 pax
710 2822 905 2871 Numae
937 2831 1098 2877 mater
1118 2826 1233 2873 urbi

295 2892 419 2939 iuris
457 2900 505 2941 et
544 2891 803 2959 religionis
833 2891 954 2955 fuit,
995 2892 1058 2943 de
1094 2908 1135 2941 r.
1176 2909 1229 2959 p.

291 2962 355 3021 5,
392 2962 457 3020 2,
494 2960 543 3011 3.
584 2988 648 2997 —
682 2960 927 3011 Romulus
966 2963 1230 3026 auspiciiS,

292 3028 458 3079 Numa
506 3032 665 3081 sacris
716 3030 1001 3081 constitutis
1047 3030 1231 3081 funda-

234 3122 239 3129 ·
291 3109 460 3149 menta
515 3101 633 3149 iecit
686 3100 943 3149 Romanae
987 3100 1229 3162 civitatis,

294 3167 357 3216 de
388 3183 437 3218 n.
472 3170 521 3218 d.
554 3168 614 3228 3,
648 3170 709 3232 2,
740 3169 945 3219 5.-Α
968 3170 1130 3220 Numa
1155 3170 1232 3218 in-

291 3238 450 3285 stituti
476 3238 741 3302 pontifices
762 3247 985 3301 veteres,
1016 3238 1081 3288 de
1100 3246 1227 3287 orat.

292 3304 353 3364 3,
399 3304 489 3369 19,
535 3306 618 3357 73.
672 3335 740 3345 —-
786 3309 1071 3359 Instituturn
1124 3306 1232 3355 Nu·-

266 3372 403 3422 'mae
434 3374 497 3424 de
523 3375 868 3427 intercalando
892 3376 1229 3439 posteriorum

164 3444 175 3453 ’
238 3481 245 3483 .
289 3441 584 3502 pontificum
640 3444 952 3507 negligentia
1006 3442 1227 3492 dissolu-

914 180 1134 227 NOVIA
1156 202 1239 214 ——-
1265 179 1652 228 NUMANTIA.

1385 343 1494 386 tum
1513 343 1590 386 est
1608 371 1622 396 ,
1651 335 1714 386 (18
1733 335 1835 400 leg.
1861 339 1920 395 2,
1957 336 2051 397 12,
2085 338 2172 389 29.
2193 366 2266 378 —-
2289 340 2334 388 A

1385 406 1551 456 Numa
1575 420 1696 472 rege
1729 405 2022 455 doctissimo
2045 407 2334 456 veteribus-

1387 491 1484 538 que
1518 475 1762 524 Romanis
1801 477 2024 524 carmina
2063 483 2112 524 et
2150 484 2334 526 cantus

1385 559 1487 594 non
1515 543 1764 610 neglecti,
1795 552 1850 592 ut
1881 543 2144 609 epularum
2174 545 2324 594 solle-

1385 614 1578 662 mnium
1615 613 1743 662 fides
1775 627 1834 661 ac
1862 613 2016 662 tibiae
2051 611 2334 663 Saliorum-

1385 697 1484 746 que
1518 697 1700 732 versus
1733 681 1987 742 indicant,
2015 683 2080 732 de
2107 689 2242 733 orat.
2273 681 2327 747 3,

1384 751 1470 814 51,
1503 750 1618 804 197.
1641 778 1709 788 -
1727 749 1893 800 Numa
1920 751 2206 816 Pompilius
2237 767 2333 818 po·

1383 822 1487 870 tius
1527 821 1731 885 sapiens
1767 833 1920 883 quam
1957 820 2229 884 eloquens,
2267 822 2334 872 de

1386 898 1512 939 orat.
1535 889 1592 950 1,
1613 889 1664 950 9,
1687 889 1773 940 37.
1798 916 1864 925 —-
1883 889 1994 940 Non
2023 891 2193 938 minus
2213 905 2333 956 gra-

1385 969 1460 1009 tas
1493 959 1572 1008 dis
1601 959 1974 1009 immortalibus
2008 957 2208 1008 Numae
2249 973 2334 1008 ea·

1381 1029 1596 1094 pedines
1621 1043 1680 1078 88
1707 1027 1885 1078 fictiles
1903 1027 2136 1078 hirnulas
2167 1027 2334 1077 fuisse

1383 1112 1535 1160 quam
1571 1097 1802 1146 felicatas
1839 1097 2055 1148 aliorum
2100 1104 2330 1162 pateram

1381 1162 1614 1231 parad.'1
1634 1203 1648 1230 ,
1686 1168 1746 1226 2,
1789 1166 1870 1218 11.
1893 1193 1958 1202 -—
1977 1167 2144 1216 Numa
2176 1181 2331 1232 cape-

1383 1233 1632 1285 dunculas
1661 1237 1808 1284 nobis
1836 1235 2070 1298 reliquit,
2103 1237 2170 1284 de
2199 1251 2252 1284 n.
2273 1237 2328 1285 d.

1381 1303 1441 1366 3,
1467 1304 1531 1355 17
1551 1341 1566 1364 ,
1590 1304 1675 1356 43.
1699 1330 1766 1340 -—
1789 1305 2090 1355 Constitutio
2117 1305 2330 1370 religio-

1380 1388 1502 1424 num
1522 1387 1552 1422 8
1571 1373 1812 1423 Cicerone
1833 1373 1968 1424 facta
1987 1388 2089 1423 non
2109 1375 2331 1423 multum

1381 1443 1637 1506 discrepat
1673 1457 1704 1491 a
1741 1442 1936 1492 Numae
1973 1441 2210 1508 legibus,
2265 1444 2329 1493 de

1380 1513 1481 1576 leg.
1506 1513 1555 1570 2,
1581 1509 1664 1572 10,
1687 1511 1770 1563 23.
1785 1513 2026 1565 -Numa
2043 1511 2185 1562 haud
2203 1527 2329 1577 pro-

1381 1579 1465 1630 cul
1485 1596 1516 1630 a
1534 1581 1724 1643 FontiS,
1749 1583 1860 1630 Iani
1881 1581 1990 1642 filii,
2012 1596 2100 1631 ara
2120 1583 2172 1630 in
2193 1583 2329 1630 lani-

1381 1650 1494 1699 culo
1515 1651 1852 1712 conditus,lb.
1869 1651 1920 1710 2,
1937 1652 2023 1714 22,
2035 1650 2121 1702 56.
2139 1676 2207 1688 -·
2222 1651 2328 1700 Me-

1382 1727 1602 1768 moratur
1628 1727 1894 1784 praeterea
1931 1735 2024 1784 pro
2060 1718 2112 1772 C.
2148 1720 2325 1770 Rabir.

1379 1789 1524 1853 perd.
1546 1790 1598 1847 4,
1621 1786 1703 1839 13.
1730 1790 1796 1838 (18
1815 1789 1964 1839 (101110
1986 1803 2081 1838 sua
2097 1787 2183 1849 49,
2203 1788 2324 1842 127.

1308 1853 1640 1922 Numantia,
1673 1858 1798 1908 urbs
1830 1857 2108 1923 Hispaniae
2142 1857 2326 1908 Tarra-

1321 2693 1332 2781 l

1381 1928 1633 1977 conensis.
1653 1954 1720 1963 -—
1743 1928 2106 1993 Karthaginem
2142 1936 2191 1979 et
2219 1926 2299 1977 Nu

1379 1998 1622 2046 mantiam
1641 1996 1860 2047 Romani
1886 1998 2116 2047 funditus
2150 2004 2324 2047 sustu-

1377 2066 1573 2126 lerunt,
1603 2066 1666 2116 de
1689 2066 1773 2117 off.
1799 2066 1826 2116 l
1847 2104 1860 2130 ,
1893 2067 1953 2118 11
1977 2102 1991 2125 ,
2023 2066 2106 2117 35.
2134 2093 2200 2103 -—
2221 2065 2326 2115 Nu-

1377 2136 1569 2184 mantia
1603 2135 1801 2185 sublata
1841 2152 1872 2185 a
1907 2132 2150 2201 Scipione
2182 2134 2326 2185 Afri-

1379 2218 1504 2254 cano
1523 2206 1718 2254 minore
1739 2220 1788 2255 a.
1811 2220 1862 2254 u.
1887 2221 1929 2253 c.
1951 2204 2094 2265 621.,
2113 2204 2181 2255 ad
2200 2204 2320 2253 Her.
2395 2252 2410 2269 ⁸

1377 2274 1440 2335 4,
1481 2272 1546 2324 13
1564 2311 1579 2334 ,
1621 2273 1704 2327 19.
1730 2301 1805 2313 -
1834 2272 1974 2323 Nihil
2001 2273 2323 2323 Numantinis

1376 2344 1510 2391 vires
1545 2345 1775 2407 corporis
1815 2342 2118 2404 auxiliatae‚
2159 2344 2235 2392 lb.
2267 2346 2320 2404 4,

1377 2412 1460 2469 27,
1482 2410 1567 2462 37.
1591 2439 1658 2449 —·
1677 2414 1884 2463 Viribus
1901 2412 2144 2477 probata,
2170 2412 2246 2461 Ib.
2269 2414 2322 2471 4,

1375 2478 1461 2537 53,
1482 2480 1568 2531 66.
1609 2482 1672 2531 (18
1692 2481 1777 2531 off.
1803 2481 1853 2543 1,
1876 2484 1971 2547 22,
1993 2482 2077 2537 76.
2100 2508 2170 2519 --
2191 2480 2324 2531 Tur-

1374 2550 1464 2612 pia
1494 2564 1606 2599 cum
1627 2550 1948 2601 Numantinis
1982 2550 2192 2601 foedera
2221 2551 2324 2600 icta

1374 2616 1488 2675 aQ.
1506 2618 1748 2683 Pompeio
1768 2610 1967 2669 Rufoa.
1991 2637 2041 2669 11
2065 2636 2108 2670 8.
2126 2619 2248 2671 613.
2273 2628 2324 2671 et

1378 2686 1432 2736 C.
1457 2687 1672 2738 Hostilio
1694 2690 1924 2739 Mancino
1948 2704 1996 2739 a.
2017 2704 2069 2737 u.
2094 2704 2139 2737 8.
2173 2688 2319 2753 617.,

1375 2757 1450 2805 lb.
1487 2752 1548 2819 3,
1587 2754 1684 2817 30,
1724 2758 1841 2809 109.
1875 2786 1941 2795 -
1971 2758 2050 2807 Ti.
2087 2756 2320 2808 Graccho

1373 2834 1642 2886 quaestore
1671 2832 1720 2875 81
1768 2834 1972 2877 auctore
2011 2828 2170 2875 ictum
2211 2834 2320 2877 erat

1329 2888 1556 2972 {foedus
1577 2910 1606 2943 a
1628 2893 1680 2944 C.
1699 2896 1932 2945 Mancino
1955 2896 2174 2945 Hostilio
2194 2910 2242 2944 a.
2263 2912 2315 2943 n.

1335 2945 1416 3010 lc.
1439 2962 1591 3025 617.
1614 2964 1756 3013 Brut.
1778 2965 1866 3029 27,
1889 2963 2006 3015 103
2031 2966 2195 3014 —De
2212 2962 2319 3013 Nu-

1335 3058 1348 3089 ,ι
1374 3034 1600 3085 mantino
1623 3033 1830 3084 foedere
1849 3035 2101 3095 quaesivit
2127 3034 2183 3083 P.
2220 3034 2318 3081 Fu-

1345 3098 1482 3151 iiius
1511 3102 1688 3154 Philus
1725 3104 1902 3155 consul
1936 3118 1984 3151 a.
2010 3118 2061 3151 u.
2095 3119 2140 3163 8.
2171 3100 2314 3161 618,

1374 3170 1657 3235 (181·.Ρ.3,
1692 3170 1784 3234 18,
1821 3138 2322 3223 28.-1111188111ίυί

1333 3238 1662 3289 {Mancinum
1699 3255 1802 3290 non
1851 3248 2182 3305 acceperunt,
2221 3254 2317 3303 pro

1313 3351 1336 3439 l

1344 3318 1350 3325 ·
1371 3305 1518 3356 Gaec.
1541 3307 1626 3367 33,
1645 3307 1730 3360 98.
1747 3336 1812 3345 -
1827 3308 2188 3359 Numantinum
2207 3308 2318 3357 foe-

1371 3375 1468 3424 dus
1487 3390 1518 3425 a
1539 3376 1596 3427 C.
1621 3378 1853 3428 Mancino
1873 3380 2057 3444 ictum,
2081 3393 2111 3427 a
2135 3385 2317 3427 senatu

1370 3444 1726 3507 improbatum,
1748 3447 1812 3496 (18
1829 3446 2037 3512 hamp.
2065 3460 2202 3512 resp.
2227 3444 2316 3506 20,
