2500 3850
255 183 376 243 312

551 196 657 243 CN.
704 195 1050 243 POMPEIUS
1100 194 1382 243 MAGNUS
1425 216 1507 228 -—·
1544 195 1695 243 SEX.
1724 195 2091 246 POMPEIUS.

319 352 519 417 cupidi,
553 350 740 401 fuerint
761 351 901 411 irati,
933 350 1120 401 fuerint
1137 366 1254 416 per·
1327 349 1427 400 Cn.
1452 348 1777 415 Pompeius,
1819 350 1907 404 Cn.
1934 352 2108 418 Magni
2129 356 2183 404 F.
2260 355 2344 404 De

317 425 508 471 tinaces
527 458 542 486 ,
592 420 802 471 sceleris
853 434 973 469 vero
1022 422 1250 481 crimine,

315 490 533 551 furoriS,
565 490 803 555 paricidii
826 488 974 539 liceat
995 490 1086 543 Cn.
1107 490 1253 539 Pom-

313 560 431 625 peio
466 567 661 610 mortuo
684 596 699 620 ,
745 558 893 607 liceat
923 560 1096 608 multis
1137 560 1250 608 aliis

316 644 514 693 carere,
564 644 658 693 pro
703 628 908 693 Ligario
943 627 1006 692 6,
1053 626 1135 679 18.
1161 628 1248 691 ,cl.

313 714 405 764 pro
431 700 667 748 Deiotaro
693 698 754 757 4,
789 697 870 746 12.
905 723 972 733 —
1006 696 1079 745 De
1109 692 1256 747 bonis

316 768 403 817 Cn.
418 768 648 832 Pompeii
664 766 836 829 magni
857 766 970 815 voci
987 768 1254 830 praeconis

315 853 343 886 a
367 836 418 886 C.
447 838 662 887 Caesare
687 834 945 895 subiectis,
973 836 1035 885 de
1058 837 1122 887 M.
1153 837 1253 884 An-

315 908 451 956 tonio
474 914 690 963 sectore,
719 903 944 967 Philipp.
975 904 1025 964 2,
1047 903 1132 965 26,
1164 906 1250 955 64.

317 1000 374 1010 -
419 974 654 1038 Explicat
689 972 865 1022 Cicero
907 988 960 1021 se
995 974 1252 1022 discessus

317 1044 378 1092 ab
429 1044 583 1091 armis
628 1056 902 1102 numquam
937 1042 1253 1105 poenituisse

313 1119 520 1177 propter
545 1109 894 1159 crudelitatem
918 1118 966 1157 et
987 1111 1252 1160 avaritiam

313 1178 753 1245 Pompeianorum,
775 1178 842 1227 ad
868 1181 966 1230 Att.
1004 1179 1063 1228 11
1082 1216 1097 1240 ,
1122 1180 1171 1238 6,
1196 1182 1249 1231 2.

313 1276 378 1285 -
408 1249 478 1298 De
505 1249 736 1313 Pompeii
751 1248 894 1295 exitu
921 1248 1018 1297 sibi
1043 1248 1252 1298 dubium

315 1334 586 1381 numquam
601 1318 778 1368 fuisse.
806 1316 1068 1367 Hominem
1084 1321 1254 1382 ipsum

317 1404 373 1439 se
403 1390 626 1437 maximo
650 1402 802 1451 opere
828 1388 1026 1447 dolere,
1059 1388 1134 1437 Ib.
1168 1387 1251 1447 11,

315 1458 365 1519 6,
397 1459 448 1510 5.
473 1486 540 1493 -
563 1457 903 1506 Tristissimus
931 1458 1040 1506 eius
1065 1457 1250 1515 exime,

315 1526 524 1577 Tuscul.
555 1528 602 1586 1,
615 1526 700 1585 35,
727 1524 814 1577 86.
847 1552 913 1563 --
934 1525 1008 1575 De
1023 1525 1256 1589 Pompeii

314 1596 488 1660 Magni
514 1594 622 1643 fllia
653 1593 780 1642 nihil
817 1610 872 1643 se
903 1595 1003 1644 hoc
1027 1602 1252 1659 tempore

316 1667 629 1728 cogitamen.
665 1678 719 1712 u.
755 1678 800 1715 c.
848 1664 996 1724 709„
1033 1665 1097 1713 ad
1141 1665 1247 1715 Att.

319 1732 409 1793 12,
468 1730 548 1780 11.
598 1758 672 1767 —-
716 1730 964 1791 Theatra,
1007 1734 1251 1796 porticuS,

314 1815 448 1850 nova
483 1800 670 1865 templa
709 1801 1044 1849 verecundius
1080 1816 1136 1849 se
1172 1816 1252 1849 re-

312 1869 628 1935 prehendere
677 1877 885 1934 propter
933 1869 1250 1934 Pompeium,

315 1941 379 1992 de
403 1939 489 1988 off.
520 1941 578 1998 2,
619 1938 712 2000 17,
747 1937 834 1991 60.
864 1964 933 1976 --
975 1940 1252 2004 Pompeius

314 2009 584 2060 admodum
607 2011 739 2058 extis
769 2015 818 2058 et
846 2010 1055 2059 ostentis
1081 2023 1252 2058 move-

315 2080 494 2139 batur,
525 2078 586 2127 de
623 2078 784 2128 divin.
821 2079 879 2140 2,
923 2079 1016 2142 24,
1057 2078 1141 2129 53.
1184 2105 1253 2114 -—

314 2147 471 2196 Multa
499 2157 612 2194 'eum
633 2145 940 2207 fefellerunt,
977 2148 1052 2198 Ib.
1089 2148 1138 2206 1,
1167 2147 1252 2207 14,

315 2217 402 2266 24.
453 2241 518 2250 --
571 2215 814 2278 Pompeio
867 2221 1001 2264 recte
1045 2215 1257 2288 facieuti

314 2285 478 2352 gratia
523 2291 600 2334 est
641 2283 902 2347 habenda,
955 2299 1068 2333 esse
1117 2285 1253 2334 enim

317 2369 468 2418 quam
497 2352 649 2404 vellet
686 2354 887 2416 iniquus
927 2361 1128 2419 poterat
1155 2354 1257 2404 im-

313 2439 468 2489 pune,
496 2425 559 2474 de
583 2423 669 2477 fin.
702 2424 753 2485 2,
779 2422 861 2483 18,
889 2423 975 2478 57.
1005 2451 1070 2459 ——
1090 2423 1257 2472 Etiam

315 2509 546 2545 socerum
563 2493 752 2544 habere
772 2494 930 2543 voluit
951 2508 1085 2554 eum,
1108 2494 1254 2542 cuius

316 2565 430 2628 ipse
455 2563 669 2614 audacia
686 2571 867 2628 potens
897 2571 1048 2613 esset.
1121 2561 1254 2612 Utile

317 2635 363 2682 ei
396 2633 660 2682 videbatur
692 2633 964 2696 plurimum
1003 2646 1154 2694 posse
1179 2630 1257 2679 al-

315 2703 470 2750 terius
499 2701 710 2751 invidia.
765 2701 822 2748 Id
841 2714 990 2760 quam
1011 2701 1250 2749 iniustum

315 2770 367 2817 in
386 2770 601 2832 patriam
623 2773 672 2816 et
693 2781 845 2828 quam
863 2774 1011 2831 turpe
1030 2776 1077 2816 et
1099 2785 1252 2831 quam

317 2836 493 2885 inutile
531 2842 666 2883 esset
694 2849 796 2883 non
817 2835 1041 2896 videbat,
1076 2838 1139 2887 de
1163 2838 1248 2888 off.

315 2905 364 2964 3,
396 2905 478 2963 21,
506 2903 589 2953 82.
618 2930 684 2937 —-
707 2903 797 2954 Cn.
825 2904 1097 2968 Pompeius
1121 2907 1252 2956 solet

317 2975 456 3024 aliud
486 2973 673 3022 sentire
691 2969 752 3020 ‘et
789 2972 927 3034 loqui
951 2987 1112 3036 neque
1141 2983 1250 3024 tan-

315 3051 420 3092 tum
442 3041 606 3091 valere
626 3041 832 3105 ingenio
847 3079 860 3102 ‚
895 3045 950 3090 ut
967 3057 1066 3091 non
1091 3059 1252 3108 appa-

315 3120 421 3160 reat
453 3110 588 3172 quod
608 3112 795 3174 cupiat,
821 3109 1022 3160 Caelius
1041 3112 1108 3162 ad
1125 3113 1246 3162 fam.

316 3180 363 3236 8,
395 3181 438 3236 1,
463 3177 512 3229 3.
563 3179 628 3229 ad
653 3180 774 3229 fam.
801 3181 851 3241 5,
885 3179 968 3240 20,
990 3183 1040 3234 5.
1094 3183 1160 3232 ad
1191 3181 1250 3240 Q.

317 3249 376 3298 fr.
393 3251 442 3308 2,
473 3248 531 3298 11
551 3248 692 3314 (13),
713 3252 760 3304 1.
794 3251 868 3300 lb.
889 3249 940 3309 3,
971 3251 1018 3312 1,
1047 3250 1097 3302 3.
1127 3250 1245 3313 §.9.

314 3317 517 3366 Tuscul.
549 3319 597 3380 1,
622 3318 670 3380 6,
705 3318 785 3368 12.
825 3320 888 3380 de
913 3319 1016 3384 leg.
1054 3321 1101 3380 1,
1123 3319 1172 3380 3,
1195 3319 1248 3369 8.

324 3401 382 3419 ·——
407 3386 634 3449 Pompeii
659 3389 896 3450 porticus,
919 3389 981 3438 de
1007 3389 1112 3438 fato
1134 3388 1246 3449 4,8.

317 3453 376 3498 de
401 3453 484 3504 off.
524 3455 568 3512 1,
593 3456 676 3512 22,
719 3457 801 3507 76.

1394 435 1577 483 magno
1620 422 1849 469 exercitu
1882 421 1971 473 Cn.
2007 423 2241 486 Pompeii
2286 426 2341 471 in

1392 489 1687 553 Hispaniis,
1750 490 1814 538 de
1861 492 1915 540 P.
1970 489 2137 541 Curtio
2190 494 2341 542 iussu

1393 558 1627 621 Pompeii
1654 558 1918 608 interfecto
1944 575 1993 613 a.
2027 576 2073 609 u.
2102 576 2151 612 c.
2188 562 2337 624 709„

1398 626 1465 675 ad
1496 626 1616 680 fam.
1644 626 1693 683 6,
1727 626 1818 687 18,
1847 631 1897 680 2.
1925 656 1991 665 —
2026 628 2133 677 Ser.
2163 628 2339 695 Sulpi-

1398 697 1507 743 cius
1528 694 1690 743 Galba
1716 703 1765 744 et
1788 694 1845 753 Q.
1874 697 2035 761 Lepta
2059 712 2343 761 sponsores

1394 779 1488 829 pro
1526 764 1798 828 Pompam,
1837 766 1911 814 Ib.
1937 765 2003 829 6,
2036 768 2127 829 18,
2164 766 2217 819 3.
2268 798 2339 808 —-

1396 832 1461 882 Se
1504 832 1654 881 malle
1692 840 1917 884 veterem
1942 844 1990 883 et
2035 835 2338 887 clementem

1395 904 1659 952 dominum
1676 900 1943 952 Caesarem
1976 902 2166 955 habere
2189 922 2339 968 quam

1393 987 1576 1022 novum
1592 981 1639 1019 et
1659 971 1913 1021 crudelem
1930 972 2015 1022 Cn.
2036 972 2338 1040 Pompeium

1398 1042 1621 1160 {xpe-riri
1653 1041 1829 1159 segilijt
1859 1056 1905 1090 a.
1930 1057 1996 1159 1115,
2041 1042 2241 1163 (51.97084.
2281 1044 2336 1095 C.

1440 1125 1635 1171 assmS,
1673 1125 1701 1157 a
1792 1125 1891 1159 am.
2009 1147 2022 1171 ,
2139 1150 2153 1172 ,
2230 1149 2244 1161 .
2272 1141 2339 1149 —

1398 1178 1487 1229 Cn.
1518 1178 1791 1242 Pompeius
1825 1180 2039 1245 Magnus
2065 1180 2205 1230 filiae
2230 1184 2334 1245 Ap-

1394 1250 1468 1312 pii
1497 1246 1697 1297 Claudii
1719 1246 1887 1297 Pulcri
1911 1264 2081 1310 socer,
2122 1251 2190 1299 ad
2213 1251 2331 1301 fam.

1398 1316 1459 1376 3,
1499 1320 1564 1379 4,
1602 1318 1653 1368 2.
1728 1316 1801 1365 lb.
1843 1318 1937 1379 10,
1972 1319 2003 1366 2
2034 1326 2082 1367 et
2116 1319 2199 1369 10.
2266 1322 2329 1372 V.

1394 1393 1657 1451 praeterea
1690 1382 1817 1433 Sex.
1856 1385 2160 1450 Pompeius
2186 1425 2198 1448 ,
2248 1390 2334 1451 qui

1394 1456 1638 1517 sequitur.

1325 1521 1452 1574 Sex.
1498 1519 1836 1587 Pompeius,
1886 1525 1975 1579 Cn.
2033 1524 2209 1591 Magni
2256 1526 2331 1586 F„

1394 1592 1681 1641 Cordubam
1715 1594 1919 1641 tenebat
1961 1608 2007 1642 a.
2044 1608 2099 1641 u.
2132 1610 2176 1643 c.
2214 1594 2331 1645 709.

1393 1688 1459 1697 -
1487 1661 1679 1710 Hirtius
1705 1662 1771 1711 ad
1808 1659 2099 1711 Ciceronem
2131 1664 2335 1727 scripsit

1394 1730 1515 1784 Sex.
1559 1731 1859 1793 Pompeium
1897 1731 2132 1781 Corduba
2166 1736 2334 1782 exisse

1396 1808 1445 1849 et
1478 1800 1677 1864 fugisse
1713 1800 1765 1847 in
1797 1800 2097 1863 Hispaniam
2133 1804 2333 1851 citerio-

1394 1885 1519 1931 rem,
1546 1868 1766 1917 Gnaeum
1791 1867 1989 1935 fugisse
2008 1871 2181 1919 nescio
2204 1887 2301 1934 quo
2317 1885 2334 1919 ι

1393 1953 1555 2002 neque
1592 1939 1727 1986 enim
1759 1954 1898 1991 curo,
1975 1940 2192 1990 Litteras
2211 1941 2333 1990 Nar-

1394 2008 1525 2058 bone
1552 2005 1837 2057 deditXlV.
1862 2008 1973 2057 Kal.
1999 2009 2121 2062 Mai.
2146 2025 2194 2058 a.
2216 2025 2267 2062 u.
2290 2027 2332 2062 c.

1396 2076 1535 2141 709„
1568 2077 1634 2125 ad
1656 2077 1758 2124 Att.
1784 2076 1865 2136 12,
1894 2075 1976 2139 37,
1998 2080 2050 2130 4.
2074 2104 2141 2144 -ῥ
2165 2079 2337 2128 Philo-

1394 2147 1549 2194 timus
1581 2160 1674 2194 nec
1693 2143 1919 2194 Carteiae
1940 2147 2243 2212 Pompeium
2264 2157 2336 2197 te·-

1396 2215 1504 2265 neri
1542 2213 1833 2276 bellumque
1869 2222 2037 2264 narrat
2080 2215 2335 2280 reliquum

1399 2285 1525 2333 satis
1552 2283 1811 2348 magnum,
1852 2285 1925 2333 Ib.
1956 2286 2036 2344 12,
2063 2287 2151 2348 44,
2192 2290 2245 2336 4.
2271 2312 2336 2322 -

1396 2354 1669 2417 Pompeius
1702 2352 1931 2402 Carteiae
1960 2363 2228 2418 receptus,
2274 2356 2338 2405 ad

1400 2424 1505 2472 Aa.
1542 2422 1623 2482 15,
1651 2420 1736 2481 20,
1762 2419 1813 2474 3.
1840 2449 1896 2456 -
1934 2424 2013 2472 Ab
2037 2425 2197 2472 armis
2222 2426 2337 2472 nul-

1396 2493 1473 2541 lus
1494 2491 1729 2553 discedit,
1754 2491 1829 2538 Ib.
1857 2491 1939 2552 15,
1966 2493 2055 2543 22.
2080 2519 2149 2527 -
2172 2494 2339 2544 Valde

1397 2559 1626 2610 Ciceroni
1669 2558 1906 2624 placebat
1948 2575 2105 2622 quum
2154 2577 2338 2612 sensus

1396 2632 1507 2679 eius
1528 2630 1592 2679 de
1622 2644 1677 2678 re
1704 2628 1912 2692 publica
1943 2636 2050 2678 tum
2076 2632 2337 2682 scribendi

1398 2714 1518 2748 cura
1546 2714 1591 2748 a.
1614 2713 1665 2746 u.
1702 2713 1746 2748 c.
1771 2698 1913 2760 710.,
1938 2698 2006 2746 ad
2031 2702 2137 2753 Att.
2172 2701 2256 2766 15,
2285 2703 2333 2753 7.

1394 2767 1601 2817 Sextum
1653 2767 1701 2815 iu
1743 2767 1897 2815 armis
1944 2782 2337 2831 permansurum

1390 2852 1504 2887 esse
1538 2852 1586 2884 a.
1616 2851 1666 2887 u.
1703 2851 1745 2888 c.
1794 2832 1947 2895 710.,
1999 2838 2067 2886 ad
2100 2839 2210 2892 Att.
2252 2840 2337 2898 14,

1395 2905 1486 2967 13,
1526 2907 1577 2955 2.
1614 2929 1684 2939 -—
1720 2903 1774 2953 Si
1797 2904 2071 2968 Pompeius
2101 2923 2221 2956 cum
2246 2923 2337 2958 ex-

1394 2976 1554 3025 ercitu
1574 2973 1713 3022 firmo
1736 2973 1908 3023 veniat
1932 3010 1945 3036 ,
1987 2976 2127 3037 quod
2153 2983 2231 3026 est
2250 2968 2336 3026 εὕ-

1392 3043 1581 3108 λογον,
1612 3050 1742 3091 certe
1772 3043 1866 3091 erit
1888 3042 2094 3110 bellum,
2140 3047 2215 3100 Ib.
2252 3048 2333 3107 14,

1394 3115 1479 3175 21,
1494 3113 1547 3162 2.
1568 3138 1639 3150 --
1662 3109 1873 3161 Sextum
1893 3120 2090 3162 scutum
2117 3115 2337 3164 abiicere

1394 3180 1735 3240 se‘noluisse,
1761 3181 1831 3232 lb.
1862 3181 1944 3243 14,
1974 3181 2060 3248 29,
2090 3183 2139 3233 1.
2166 3207 2239 3218 ·—
2264 3183 2335 3233 De

1394 3250 1569 3312 Sext0‚
1593 3264 1684 3314 pro
1708 3257 1846 3298 certo
1870 3248 2170 3311 habebatur,
2194 3251 2336 3302 haud

1394 3320 1458 3369 ad
1480 3334 1635 3372 arma.
1678 3318 1825 3377 Quod
1844 3319 1889 3366 si
1914 3333 2091 3369 verum
2112 3322 2199 3384 sit,
2226 3325 2337 3371 sine

1391 3387 1526 3437 bello
1564 3388 1705 3437 civili
1738 3389 2095 3450 serviendum,
2140 3391 2218 3442 Ib.
2250 3389 2338 3454 16,

1396 3456 1453 3512 1,
1504 3458 1553 3504 4.
1598 3486 1667 3496 -—·
1710 3456 1837 3504 Eum
1874 3453 1941 3506 M.
1979 3459 2211 3522 Lepidus
2246 3458 2337 3507 ad-
