2500 3850
753 162 1028 211 anAso
1051 183 1135 193 ——
1166 162 1542 211 THYESTES.
2083 144 2209 215 395'

105 316 348 367 Thraso
370 316 766 381 TyndaritanuS.
809 317 870 366 Ei
890 319 1130 383 patellam

181 386 399 436 abstulit
425 385 479 436 C.
492 384 704 448 Verres,
735 386 884 439 Verr.
907 399 1125 437 accusat.

179 458 238 515 4,
261 456 351 517 22,
372 455 461 505 48.

109 523 382 587 Thraso,
424 520 476 571 G.
511 522 746 572 Curionis
775 522 866 571 filii
899 522 1128 583 libertus,

183 595 254 643 ad
278 592 402 645 fam.
426 592 477 653 2,
499 592 547 651 7,
567 590 618 643 3.

108 658 538 728 Thrasybulus,
581 661 648 709 ad
666 661 767 709 Au.
790 658 840 719 8,
861 657 912 719 3,
935 659 990 710 6.

110 727 588 797 Thrasymachus
624 726 1013 787 Chalcedonius,
1047 743 1132 778 so-

181 800 379 865 phista,
409 799 539 847 inter
555 799 748 863 primos
766 798 1000 848 tractavit
1019 811 1132 846 ora·

184 870 346 919 tionis
377 866 590 917 artificia
613 904 626 929 ,
664 876 792 917 orat.
823 861 907 926 12,
937 862 1022 916 39.
1063 893 1133 903 -

186 936 438 988 concisus
457 937 660 986 minutis
681 935 926 996 numeris,
945 936 1020 984 Ib.
1038 933 1122 996 13,

183 1007 275 1057 41.
321 1033 382 1041 -
423 1005 856 1071 Thrasymachus,
896 1003 1130 1069 Gorgias,

181 1078 434 1125 Isocrates
465 1075 631 1124 minus
669 1075 722 1124 in
749 1074 863 1140 ipsa
891 1089 944 1123 re
988 1074 1128 1137 publ.

187 1145 540 1208 versabantur,
574 1144 667 1193 sed
690 1151 855 1194 tamen
879 1144 1130 1193 oratoriae

189 1213 438 1265 scientiae
449 1213 682 1262 doctores
693 1221 852 1271 erant,
870 1214 931 1261 de
945 1220 1050 1261 orat
1059 1210 1128 1275 .3,

189 1283 277 1344 16,
291 1280 376 1332 59.
391 1308 461 1320 ·--
479 1282 602 1332 Eius
617 1283 786 1332 omnia
803 1281 957 1331 nimis
977 1282 1129 1331 etiarn

189 1353 597 1416 exstantscripta
610 1365 893 1407 numerose,
908 1349 1127 1409 orat.52,

195 1420 309 1471 175.
332 1447 397 1456 —
421 1420 586 1469 Etiam
608 1420 670 1469 de
689 1427 868 1469 natura
895 1432 1060 1468 rerum
1083 1425 1131 1466 et

191 1490 433 1540 disseruit
467 1497 515 1538 et
552 1488 786 1554 scripsit,
827 1488 890 1539 de
915 1494 1039 1537 orat.
1076 1483 1127 1549 3,

189 1557 275 1617 32,
307 1558 423 1611 128.
449 1584 516 1593 -
546 1556 952 1624 Thrasymachus
986 1553 1132 1604 Chal-

190 1628 435 1677 cedonius
466 1628 750 1689 caeterique
795 1624 1056 1691 sophistae
1100 1638 1131 1671 a

189 1693 398 1746 Socrate
418 1697 720 1760 impugnati,
743 1695 881 1749 Brut.
903 1694 955 1754 8,
975 1692 1061 1744 30.

121 1762 447 1817 Threicius.
509 1764 762 1814 Barbarus
801 1769 1131 1829 compunctus

190 1836 324 1885 uotis
343 1833 614 1893 Threiciis,
652 1834 714 1882 de
741 1832 828 1886 off,
858 1834 912 1895 2,
935 1832 986 1895 7,
1006 1829 1094 1881 25.

121 1897 490 1971 Thucydides
524 1916 691 1952 rerum
729 1909 985 1968 gestarum
1014 1914 1132 1965 pro·

192 1973 460 2024 nunciator
522 1971 747 2021 sincerus
801 1979 850 2022 et
900 1970 1130 2037 grandis.

195 2041 270 2092 De
300 2040 610 2091 orationibus
632 2041 694 2090 ab
715 2055 774 2090 eo
797 2040 1128 2105 interpositis,

193 2111 332 2162 Brut.
349 2109 435 2170 85,
452 2108 571 2160 287.
587 2135 652 2146 -
673 2113 790 2176 Ipse
806 2108 1128 2174 Thucydides

193 2181 239 2230 si
258 2179 510 2244 posterius
535 2177 742 2238 fuisset,
781 2179 938 2229 multo
965 2185 1130 2227 matu-

194 2250 297 2298 rior
314 2247 495 2297 fuisset
517 2254 564 2297 et
585 2249 772 2308 mitior,
802 2248 877 2297 Ib.
899 2245 986 2308 83,
1005 2245 1128 2298 288.

194 2347 261 2358 -
275 2316 604 2382 Thucydides
622 2331 704 2366 res
723 2323 895 2382 gestas
924 2342 951 2352 —
971 2341 998 2352 -
1018 2328 1132 2376 nar·-

195 2394 271 2436 rat
307 2387 534 2450 graviter
575 2400 700 2435 sane
735 2391 784 2435 et
809 2381 1003 2449 probe,
1040 2382 1133 2433 sed

197 2452 323 2505 nihil
362 2456 427 2505 ab
471 2469 529 2505 eo
566 2453 831 2504 transferri
864 2459 1032 2518 potest
1067 2451 1134 2500 ad

195 2526 446 2575 forensem
464 2538 613 2574 usum
640 2531 688 2573 et
703 2522 982 2588 publicum,
1004 2527 1130 2569 orat.

195 2594 248 2657 9,
285 2591 370 2646 30.
402 2619 459 2628 -
483 2593 670 2643 Rerum
702 2590 982 2656 explicator
1010 2603 1133 2655 pru·-

197 2664 349 2722 dens,
386 2676 624 2723 severus,
664 2661 836 2727 gravis
878 2686 948 2695 —
985 2672 1135 2706 num-

198 2746 346 2796 quam
365 2735 655 2780 numeratus
681 2736 866 2791 orator,
887 2728 959 2777 Ib.
974 2726 1026 2789 9,
1044 2725 1129 2778 31.

193 2828 263 2838 --
294 2798 653 2864 Amplissimae
689 2799 798 2847 eius
823 2796 1030 2856 laudes,
1072 2796 1134 2844 de

195 2877 322 2921 orat.
362 2869 424 2930 2,
457 2866 552 2928 13,
585 2867 674 2918 56.
713 2892 780 2902 --
814 2867 894 2916 Ad
915 2865 1133 2931 primam

195 2945 448 2988 oratorum
476 2935 778 2986 Graecorum
812 2942 1024 2985 aetatem
1054 2950 1133 2984 re-

1272 333 1518 383 pompuS,
1558 319 1631 371 lb.
1665 319 1745 379 17,
1774 319 1858 370 66.
1896 323 2046 375 —V.
2069 318 2211 371 Phi-

1270 384 1457 449 listus,
1480 387 1546 437 ad
1567 387 1624 447 Q.
1649 386 1709 438 fr.
1732 388 1782 450 2,
1812 387 1888 452 13,
1911 390 1959 439 4.
1984 414 2050 425 —
2071 388 2209 439 Nihil

1271 454 1568 521 Thucydide
1580 457 1804 520 graviuS,
1819 456 2000 523 fragm.
2014 472 2068 522 p.
2080 456 2202 509 287.

1272 551 1337 560 -
1384 524 1709 588 Thucydides
1757 534 1805 575 et
1839 525 2121 577 Herodotus
2163 529 2210 576 si

1272 600 1389 659 apte
1433 608 1803 655 numeroseque
1839 595 2107 658 dixerunt,
2149 611 2209 645 ea

1270 676 1373 712 non
1392 678 1600 712 numero
1627 664 1855 725 quaesito
1873 700 1887 724 ,
1921 664 2014 713 sed
2029 665 2210 714 verbo·

1276 746 1385 780 rum
1406 732 1734 781 collocatione
1758 733 2067 798 ceciderunt,
2083 744 2208 783 orat.

1274 799 1358 859 65,
1382 800 1503 851 219.
1539 828 1605 837 -
1625 800 1947 867 Thucydides
1980 800 2208 851 Herodo-
2236 852 2240 857 ,

1273 876 1456 932 tusque
1482 868 1779 935 longissime
1802 885 1831 919 a
1865 870 2211 934 sophistarum

1273 964 1347 974 --
1381 938 1585 1001 ineptiis
1611 938 1859 991 afuerunt.
1900 966 1967 975 —-
2008 938 2210 1005 Thucy-

1276 1006 1421 1056 dides
1454 1008 1710 1057 incitatior·
1735 1007 1893 1057 fertur
1927 1017 1976 1059 et
2006 1008 2069 1058 de
2104 1009 2211 1059 bel-

1273 1075 1383 1125 licis
1420 1072 1579 1126 rebus‘
1623 1078 1757 1127 canit
1796 1078 1945 1127 etiam
1989 1078 2209 1140 quodam

1271 1146 1421 1205 modo
1441 1144 1680 1195 bellicum
1698 1181 1712 1208 ‚
1753 1148 1825 1196 lb.
1850 1148 1933 1208 12,
1954 1146 2038 1200 39.
2065 1173 2135 1183 -
2155 1150 2209 1195 lu
2244 1182 2250 1187 .

1272 1229 1329 1263 eo
1356 1215 1493 1281 orbis
1514 1216 1665 1266 modo
1688 1216 1931 1267 orationis
1954 1216 2211 1265 desidera-

1268 1290 1365 1342 tur,
1387 1296 1681 1332 ornamenta
1700 1291 2008 1349 comparent,
2028 1285 2102 1337 Ib.
2124 1287 2207 1342 71,

1270 1349 1389 1401 234.
1423 1376 1493 1387 -—
1511 1352 1831 1419 Thucydides
1862 1352 1987 1401 nihil
2006 1353 2071 1402 ad
2094 1368 2209 1401 eum

1274 1426 1524 1469 oratorem
1547 1456 1560 1483 ‚
1598 1435 1745 1483 quem
1788 1423 2107 1483 quaerimus,
2146 1422 2211 1471 de

1274 1493 1378 1552 opt.
1402 1503 1520 1553 gen.
1546 1503 1620 1537 or.
1654 1488 1717 1548 5,
1749 1489 1834 1539 15.
1868 1516 1925 1525 —
1954 1489 2211 1553 Thucydi-

1275 1557 1364 1605 des
1397 1571 1493 1607 non
1514 1556 1699 1622 effugit
1716 1559 1968 1608 vocalium
2002 1573 2212 1609 concur-

1274 1625 1495 1690 sionem,
1535 1632 1591 1674 ut
1626 1626 1853 1676 fecerunt
1888 1630 2135 1678 Isocrates
2162 1636 2211 1678 et

1274 1693 1666 1759 Theopompus,
1698 1703 1822 1745 orat.
1852 1698 1951 1760 44,
1988 1696 2103 1748 151.
2142 1724 2211 1735 —-

1274 1764 1336 1813 Ut
1356 1763 1427 1812 ait
1445 1763 1791 1828 Thucydides,
1813 1754 2011 1832 ἐκβολὴ
2038 1758 2209 1832 λόγου

1274 1846 1374 1881 non
1397 1831 1621 1897 inutilis,
1660 1834 1726 1883 ad
1746 1835 1849 1886 Att.
1885 1836 1946 1893 7,
1970 1837 1995 1886 1
2015 1872 2029 1896 ,
2064 1834 2113 1886 6.
2142 1862 2211 1873 --

1271 1900 1396 1951 Eius
1426 1904 1772 1954 testimonium
1802 1903 1866 1954 de
1899 1903 2209 1969 Antiphonte

1272 1971 1584 2022 Rhamnusio
1603 2008 1618 2035 ‚
1671 1972 1810 2022 Brut.
1857 1974 1950 2034 12,
1998 1974 2085 2026 47.
2144 2001 2210 2010 --

1268 2041 1393 2090 Eius
1451 2041 1695 2092 iudicium
1744 2042 1807 2091 de
1854 2042 2210 2094 Themistocle.

1272 2109 1340 2159 ad
1362 2109 1467 2158 Att.
1497 2108 1580 2172 10,
1611 2109 1662 2173 8,
1685 2113 1734 2160 7.
1774 2138 1839 2146 -
1864 2110 2209 2176 Thucydides,

1268 2193 1465 2228 summo
1479 2179 1590 2229 loco
1608 2188 1751 2230 natus
1771 2195 2097 2245 summusque
2111 2183 2209 2244 vir,

1274 2263 1394 2298 vera
1458 2249 1673 2299 tradidit
1738 2249 1801 2300 de
1853 2249 2209 2301 Themistoclis

1270 2324 1461 2377 morte,
1503 2317 1648 2371 Brut.
1674 2319 1757 2379 11,
1789 2317 1873 2369 43.

1202 2382 1627 2452 Thucydidimn
1656 2401 1847 2451 genus,
1879 2387 1943 2435 de
1962 2394 2066 2451 opt.
2092 2401 2207 2451 gen.

1274 2468 1345 2504 or.
1368 2454 1419 2512 6,
1448 2453 1529 2502 16.

1203 2517 1551 2588 Thucydidii
1572 2527 1811 2581 oratores,
1842 2534 2030 2571 novum
2052 2522 2211 2584 quod-

1276 2591 1391 2640 dam
1406 2591 1752 2654 imperitorum
1766 2596 1815 2639 et
1832 2589 2111 2640 inauditum
2123 2606 2214 2655 ge·-

1272 2674 1385 2716 nus‚
1427 2666 1552 2712 orat.
1572 2661 1625 2721 9,
1646 2656 1731 2712 30.

1203 2725 1441 2790 Thurii,
1480 2729 1602 2779 urbs
1638 2727 1929 2793 Calabriae,
1970 2729 2090 2780 olim
2120 2729 2211 2796 by-

1272 2799 1412 2848 baris
1446 2798 1609 2860 dicta,
1647 2813 1739 2864 pro
1759 2797 1929 2849 Tullio
1950 2797 1994 2864 §-
2020 2801 2103 2850 14.
2143 2801 2211 2850 ad

1275 2868 1378 2916 Att.
1401 2866 1453 2926 3,
1468 2867 1518 2919 5.
1563 2868 1633 2917 lb.
1655 2867 1706 2928 9,
1731 2868 1815 2931 19,
1836 2867 1885 2920 3.

1203 2935 1495 2988 Thurinus
1512 2952 1634 3002 ager
1654 2937 1705 2986 in
1717 2937 1959 2998 Lucania,
1986 2951 2077 2999 pro
2090 2935 2209 2982 Tul-

197 3007 382 3070 fertur,
420 3006 492 3055 Ib.
516 3005 565 3068 2,
587 3005 672 3065 22,
693 3003 779 3060 93.
803 3032 866 3042 -
891 3005 1022 3054 Ante
1038 3003 1133 3055 Pe-
1272 3005 1340 3054 lio
1374 3008 1421 3066 S.
1448 3006 1529 3056 14.

199 3075 368 3126 riclem
390 3073 803 3140 etThucydidem
816 3074 982 3124 littera
993 3074 1131 3123 nulla
1202 3072 1484 3140 Thyamis
1510 3074 1745 3138 Epirotes
1770 3073 1955 3121 fluvius
1973 3107 1985 3128 ,
2019 3070 2081 3120 de
2105 3070 2207 3136 leg.

199 3152 298 3201 est,
351 3159 479 3208 quae
520 3145 726 3206 quidem
762 3151 992 3195 ornatum
1035 3143 1133 3193 ali·
1272 3143 1323 3202 2,
1346 3141 1398 3204 3,
1421 3143 1469 3190 7.
1502 3143 1569 3191 ad
1590 3142 1693 3189 Att.
1715 3143 1763 3202 7,
1776 3141 1827 3204 2,
1850 3140 1902 3193 3.

197 3228 342 3278 quem
370 3213 553 3264 habeat
589 3221 638 3262 et
670 3215 882 3265 oratoris
912 3227 1025 3264 esse
1057 3212 1134 3262 vi·
1202 3208 1497 3277 Thyestea
1518 3210 1817 3271 exsecratio,
1854 3209 1904 3257 in
1920 3209 2090 3259 Pison.
2128 3206 2209 3271 19,

201 3283 371 3334 deatur
387 3318 403 3345 ,
423 3283 565 3335 Brut.
593 3284 652 3343 7,
673 3283 760 3332 27.
802 3307 871 3318 -
901 3281 1033 3342 ,Eius
1053 3279 1132 3330 di·
1272 3277 1361 3330 43.

202 3352 345 3402 cendi
363 3366 544 3417 genuS,
580 3352 654 3405 lb.
679 3353 740 3406 7,
773 3349 856 3400 29.
901 3377 967 3385 -
1007 3349 1130 3396 Eius
1203 3345 1511 3413 Thyestes,
1550 3347 1757 3397 Tantalo
1782 3353 2083 3412 prognatus,
2116 3347 2211 3395 Pe-

201 3435 358 3487 genus
401 3420 620 3471 dicendi.
694 3419 755 3467 Ei
789 3417 943 3468 officit
969 3415 1132 3465 Theo·
1272 3416 1388 3480 lope
1408 3424 1573 3476 natus,
1606 3415 1809 3470 Tuscul.
1833 3414 1883 3481 3,
1906 3415 1988 3480 12,
2010 3413 2095 3466 26.
2130 3415 2209 3465 lb.
