2500 3850
278 156 397 220 112
481 169 548 215 1..
575 165 779 214 comt.
808 165 1030 214 SULLA
1061 165 1371 214 moerus
1400 187 1487 198 —
1516 167 1579 214 P.
1618 165 1821 214 com«.
1858 167 2102 215 SULLA.

341 340 492 390 quam
523 322 679 374 Cinna
713 320 889 385 fuerit,
924 335 1019 371 nec
1045 321 1278 371 modera-

341 396 524 444 tiorem
541 405 694 454 quam
714 389 854 439 Sulla
875 390 928 438 in
945 390 1173 455 pecuniis
1204 390 1280 440 lo-

339 463 648 528 cupletium,
667 460 733 508 ad
753 459 856 508 Att.
878 458 929 519 7,
955 460 1004 519 7,
1032 460 1084 509 7.
1109 485 1174 495 --
1193 458 1279 508 Hi-

341 532 499 582 storia
518 531 580 580 ab
605 544 666 580 eo
691 529 1002 592 conscripta,
1029 525 1092 577 de
1112 527 1274 580 divin.

341 601 390 660 1,
412 597 498 662 33,
519 600 602 649 72.
639 597 702 648 cl.
725 595 889 647 Gellio
917 595 975 644 N.
1001 597 1065 649 A.
1096 596 1156 660 1,
1190 597 1276 650 12.

337 667 435 730 20,
457 667 510 719 6.
547 666 756 716 Sueton.
779 665 844 715 de
861 679 1077 732 gramm.
1103 665 1185 715 12.
1209 691 1278 702 -

338 737 581 801 Prodigio
605 737 652 785 ei
683 734 851 784 oblato
883 742 998 784 ante
1030 735 1279 800 oppidum

337 806 516 856 Nolam
548 804 827 856 fortissima
855 801 1158 854 Samnitium
1195 817 1280 852 ca-

335 883 443 924 stra
459 875 624 938 cepit,
645 873 710 923 de
731 873 887 923 divin.
913 873 961 934 1,
984 871 1069 932 33,
1090 873 1174 923 72.
1201 873 1276 926 Ib.

338 947 391 1005 2,
412 942 498 1004 30,
517 942 605 994 65.
626 942 828 991 ——Eius
847 942 1036 992 dictum
1057 942 1122 992 de
1142 940 1278 991 malo

336 1015 513 1078 poeta,
563 1026 658 1076 pro
697 1009 888 1060 Archia
934 1009 1025 1071 10,
1081 1010 1167 1061 25.
1210 1037 1279 1046 -

339 1082 529 1131 Graeco
551 1079 733 1130 vestitu
752 1079 970 1144 Neapoli
987 1080 1190 1129 vivebat
1208 1079 1270 1132 L.

333 1148 480 1200 Sulla
525 1151 828 1213 imperator,
867 1163 960 1214 pro
1009 1149 1136 1199 Rab.
1181 1148 1277 1198 Po-

339 1226 505 1268 stumo
529 1217 614 1280 10,
643 1216 728 1268 26.
754 1244 821 1254 —-
845 1217 1023 1268 Statua
1044 1217 1277 1267 inaurata

337 1288 587 1352 equestris
614 1288 838 1352 primum
872 1287 933 1341 L.
967 1285 1140 1338 Sullae
1171 1293 1278 1336 sta-

337 1367 445 1408 tuta
479 1364 584 1414 est,
623 1356 852 1421 Philipp.
893 1358 954 1420 9,
994 1355 1055 1416 6,
1092 1355 1175 1407 13.
1205 1382 1275 1391 -

335 1426 480 1477 Sulla
512 1427 757 1489 dictator,
790 1427 854 1476 de
875 1424 962 1478 off.
984 1425 1043 1484 2,
1069 1426 1135 1475 14
1151 1461 1164 1482 ‚
1183 1425 1272 1478 51.

335 1524 402 1533 ·-
444 1494 638 1548 Cornel.
678 1496 832 1559 prim.
869 1493 1056 1559 fragm.
1098 1493 1194 1543 25:
1216 1509 1271 1558 p.

333 1564 455 1615 213.
489 1591 555 1600 —
584 1561 757 1612 Sullae
785 1563 958 1628 leges,
1002 1562 1185 1628 fragm.
1216 1576 1273 1626 p.

335 1634 455 1683 222.
479 1657 550 1667 -—
567 1629 736 1681 Sullae
753 1632 912 1691 bona,
935 1631 1184 1681 iudicium
1211 1630 1275 1680 de

331 1702 395 1750 iis
417 1700 632 1759 factum,
667 1698 863 1749 Cornel.
901 1702 1052 1762 prim.
1083 1699 1270 1764 fragm.

335 1768 418 1823 16.
457 1783 509 1832 p.
528 1768 650 1819 211.
678 1796 741 1804 —
763 1765 1027 1817 Sullanum
1050 1776 1271 1832 tempus,

333 1837 513 1903 parad.
535 1835 568 1887 6
582 1873 595 1895 ,
617 1839 648 1886 2
664 1873 678 1898 ,
697 1837 783 1889 46.
812 1862 874 1872 -
892 1835 1131 1887 Sullanus
1151 1851 1276 1903 ager

219 1909 222 1912 ’
331 1905 595 1973 (publicus
615 1921 679 1957 ex
695 1905 844 1957 bonis
871 1905 1273 1972 proscriptorum

331 1973 662 2040 constitutus)
699 1990 729 2025 a
780 1976 933 2025 certis
977 1976 1273 2027 homiuibus

333 2046 582 2095 latissime
605 2044 923 2095 continuatus
935 2082 950 2104 ,
970 2052 1162 2095 tantam
1181 2046 1274 2095 ha·

330 2114 416 2164 bet
434 2114 678 2165 invidiam
690 2150 705 2174 ‚
730 2122 786 2163 ut
804 2115 915 2163 veri
933 2129 993 2163 ac
1015 2113 1163 2167 fortis
1179 2116 1271 2163 tri·

331 2182 456 2231 buni
471 2182 741 2233 stridorem
757 2196 915 2232 unum
930 2183 1152 2247 perferre
1167 2198 1272 2232 non

328 2251 517 2317 possit,
549 2248 614 2300 de
641 2252 754 2316 lege
770 2266 882 2317 agr.
913 2252 964 2312 2,
985 2251 1074 2314 26,
1095 2252 1180 2304 70.
1202 2277 1272 2288 -

328 2318 568 2371 Sullanae
598 2321 979 2387 adsignationes
1009 2334 1268 2386 agrorum,

329 2390 406 2442 Ib.
443 2387 504 2451 3,
551 2390 577 2439 1
595 2426 609 2449 ,
639 2388 692 2441 3.
739 2417 799 2427 -
830 2387 1022 2440 Sullani
1057 2392 1198 2455 agri,
1239 2405 1270 2439 a

329 2457 469 2509 Sulla
491 2460 740 2509 veteranis
758 2459 1032 2525 adsignati,
1054 2458 1121 2508 ad
1140 2458 1263 2509 fam.

331 2527 417 2590 11,
440 2528 526 2586 20,
545 2527 596 2578 3.

257 2590 323 2645 1..
361 2594 654 2648 Cornelius
689 2594 848 2647 Sulla
877 2593 1155 2659 Faustus,
1187 2596 1268 2645 di-

311 2662 531 2714 'ctatoris
551 2664 684 2713 filius
700 2700 715 2725 ,
737 2664 1036 2729 plerumque
1056 2672 1269 2714 vocatur

327 2733 543 2783 Faustus
562 2730 720 2782 Sulla.
739 2760 812 2773 -
831 2731 982 2797 Apud
1013 2731 1066 2782 Ο.
1090 2731 1267 2783 Orchi-

330 2802 487 2859 vium,
506 2807 793 2865 praetorem
812 2817 859 2855 a.
881 2816 933 2850 u.
952 2818 1000 2854 c.
1022 2800 1166 2867 688„
1189 2802 1267 2853 lo-

328 2884 418 2920 cus
442 2870 504 2918 ab
524 2870 778 2920 iudicibus
795 2871 983 2920 Fausto
1003 2868 1177 2922 Sullae
1200 2872 1266 2922 de

324 2938 554 3004 pecuniis
585 2940 805 2995 residuis
835 2954 938 2990 non
965 2947 1042 2990 est
1077 2942 1265 2991 consti-

325 3016 462 3058 tutus
481 3016 576 3058 etc.
595 3044 610 3068 ,
631 3022 725 3073 pro
747 3008 942 3060 Cluent.
963 3009 1058 3071 34,
1080 3011 1170 3062 94.
1190 3036 1265 3048 —

327 3075 471 3127 Sulla
498 3078 735 3129 maximis
761 3080 971 3145 opibus,
1011 3080 1265 3144 cognatis,

325 3145 574 3197 adfinibus
588 3184 604 3209 ,
636 3150 966 3210 necessariis,
999 3147 1265 3211 clientibus

322 3215 586 3279 plurimis,
619 3218 693 3272 lb.
729 3245 796 3255 —-
819 3218 1111 3269 Decemviri
1141 3216 1265 3267 Rul-

326 3284 431 3334 lani
478 3287 750 3337 maximam
801 3288 1071 3353 pecuniam
1125 3300 1182 3336 se
1233 3299 1265 3334 a

324 3352 508 3403 Fausto
542 3354 798 3405 ablaturos
825 3352 1160 3419 arbitrantur,
1199 3354 1263 3404 de

323 3419 440 3484 lege
460 3436 568 3485 agr.
595 3422 642 3483 1,
662 3425 712 3488 4,
738 3424 821 3473 12.
849 3450 917 3459 -
933 3422 1058 3473 Eius
1076 3437 1262 3474 munus

1418 321 1805 386 gladiatorium,
1840 338 1931 389 pro
1965 321 2108 372 Sulla
2145 322 2247 385 19,
2282 324 2373 378 54.

1416 389 1541 439 Eius
1562 391 1787 455 epulum,
1809 391 1860 439 in
1881 393 2054 443 Vatin.
2080 389 2165 454 13,
2190 389 2281 442 32.
2304 417 2373 429 —

1415 459 1631 510 Faustus
1652 460 1989 523 Pompeianus
2009 475 2054 509 a.
2074 475 2129 508 u.
2152 475 2198 514 c.
2222 459 2371 522 705..

1420 529 1488 579 ad
1509 530 1612 581 Att.
1636 528 1698 587 8,
1732 527 1793 589 3,
1826 530 1875 578 7.
1913 529 1986 580 11).
2009 527 2070 588 8,
2110 527 2195 578 12.
2218 530 2283 582 A.
2320 530 2371 577 2.

1418 623 1483 634 -
1503 597 1600 646 Pro
1620 604 1885 660 quaestore
1905 598 2045 662 apud
2065 599 2372 660 Pompeium

1419 680 1466 715 a.
1488 681 1541 715 u.
1568 683 1614 719 c.
1640 665 1884 731 705.‚1b.
1916 665 1979 725 9,
2004 666 2054 726 1,
2073 666 2127 718 4.
2150 692 2221 702 --
2244 665 2372 715 Eius

1419 736 1597 798 suique
1612 735 1856 785 similium
1870 735 2139 784 victoriam
2155 735 2209 783 in
2232 735 2366 786 bello
2470 761 2472 812 3

1418 803 1558 853 civili
1592 804 1824 854 acerbam
1862 810 2127 868 exspectat
2166 801 2364 866 cicere,

1418 874 1493 925 Ib.
1516 871 1579 937 9,
1612 873 1673 922 11
1692 910 1706 934 ,
1738 874 1791 926 4.
1826 900 1892 909 --
1929 871 2101 922 Cicero
2133 875 2369 938 pascitur
2470 873 2472 878 “

1414 940 1725 992 bibliotheca
1748 942 1947 1002 Fausti,
1972 941 2047 991 Ib.
2067 943 2119 1000 4,
2142 941 2229 1005 10,
2258 943 2308 992 1.

1348 1009 1413 1062 Ρ.
1450 1007 1744 1061 Cornelius
1777 1009 1968 1074 Sulla,
2005 1017 2171 1061 sector
2201 1011 2366 1062 bono-

1416 1095 1530 1129 rum
1566 1081 1755 1129 civium
1804 1095 2009 1130 suorum
2046 1083 2098 1129 in
2134 1082 2364 1145 proscri-

1416 1151 1587 1214 ptione
1619 1145 1825 1199 Sullana
1857 1164 1903 1198 a.
1926 1163 1980 1198 u.
2013 1165 2058 1198 c.
2092 1147 2215 1200 673.
2242 1159 2292 1199 et
2312 1151 2363 1198 in

1414 1219 1788 1283 proscriptione
1829 1217 2061 1268 Gaesan's
2102 1231 2152 1268 a.
2207 1234 2267 1269 u.
2316 1234 2358 1267 o.

1415 1286 1534 1340 709.
1550 1323 1565 1347 ,
1588 1287 1651 1336 de
1669 1285 1751 1338 off.
1771 1287 1805 1336 2
1822 1324 1836 1347 ,
1864 1287 1916 1351 8,
1936 1286 2025 1337 29.
2064 1284 2257 1336 Consul
2278 1288 2362 1337 de-

1414 1357 1644 1421 signatus
1663 1370 1710 1405 a.
1743 1371 1796 1409 u.
1820 1371 1865 1410 c.
1904 1355 2007 1407 678
2026 1371 2143 1405 cum
2162 1355 2220 1404 P.
2258 1357 2361 1405 An-

1414 1425 1555 1474 tonio
1589 1439 1621 1474 a
1648 1424 1709 1473 1..
1734 1423 1989 1488 Torquato
2016 1431 2294 1475 accusatus
2315 1432 2362 1474 et

1416 1494 1685 1544 damnatus
1748 1501 1825 1542 est
1885 1495 2236 1559 subscriptore
2297 1494 2354 1546 L.

1414 1561 1668 1626 Torquato
1699 1560 1832 1621 filio,
1862 1563 1927 1612 de
1954 1562 2039 1611 fin.
2060 1563 2123 1624 2,
2148 1561 2245 1622 19,
2272 1562 2356 1614 62.

1413 1659 1482 1670 -
1516 1632 1651 1681 ldem
1672 1638 1937 1681 accusatus
1959 1647 1990 1680 a
2016 1632 2076 1681 L.
2099 1631 2361 1694 Torquato

1412 1701 1516 1751 filio
1550 1701 1899 1766 subscriptore
1932 1699 1988 1750 G.
2022 1700 2260 1751 Cornelio
2298 1701 2360 1750 de

1411 1771 1465 1820 vi
1490 1785 1521 1820 a
1550 1769 1609 1828 Q.
1637 1769 1901 1820 Hortensio
1930 1776 1979 1818 et
2006 1769 2078 1818 M.
2114 1768 2359 1819 Cicerone

1416 1837 1657 1890 defensus
1676 1845 1725 1888 et
1755 1852 1785 1888 a
1812 1838 2069 1888 iudicibus
2089 1838 2357 1888 absolutus

1416 1915 1523 1970 est,
1553 1923 1649 1974 pro
1681 1905 1827 1959 Sulla
1848 1907 1907 1968 1,
1930 1907 1957 1959 1
1980 1923 2093 1971 sqq.
2128 1923 2195 1949 -·
2226 1907 2358 1957 Eum

1411 1977 1469 2028 L.
1505 1978 1787 2040 Torquatus
1824 1983 2091 2028 accusator
2129 1978 2177 2026 in
2216 1985 2357 2027 utra-

1412 2062 1511 2110 que
1530 2048 1907 2106 coniuratione,
1933 2045 2050 2104 illa,
2076 2061 2206 2109 quae
2226 2061 2279 2096 a.
2302 2062 2351 2095 u.

1411 2132 1455 2165 c.
1480 2114 1621 2179 688„
1645 2125 1693 2166 et
1711 2131 1799 2178 ea,
1820 2128 1951 2179 quae
1971 2114 2217 2165 Cicerone
2239 2130 2355 2165 con-

1409 2185 1521 2234 sule
1564 2184 1701 2235 facta
1745 2191 1879 2245 erat,
1931 2184 2133 2235 dicebat
2171 2183 2352 2246 fuisse,

1408 2268 1503 2319 pro
1523 2251 1667 2303 Sulla
1684 2254 1747 2315 4,
1782 2253 1867 2304 11.
1887 2280 1961 2292 —-
1975 2252 2139 2319 Negat
2158 2252 2353 2315 Cicero,

1408 2322 1485 2371 Ib.
1522 2323 1579 2382 5,
1618 2322 1703 2374 15.
1734 2348 1804 2359 —-
1833 2322 1908 2372 Eo
1940 2329 2171 2388 tempore
2212 2323 2353 2373 omni

1407 2390 1625 2455 Neapoli
1669 2390 1795 2455 fuit,
1832 2391 1909 2445 Ib.
1945 2390 2005 2451 5,
2050 2391 2134 2442 17.
2168 2417 2237 2428 -
2272 2392 2352 2441 Ab

1407 2459 1770 2524 Allobrogibus
1802 2474 1901 2522 quo
1932 2460 2087 2510 modo
2120 2461 2352 2513 nomina-

1407 2535 1522 2589 tus,
1554 2529 1627 2578 Ib.
1669 2528 1760 2585 13,
1790 2527 1875 2580 36.
1910 2553 1977 2565 -
2008 2528 2134 2579 Eius
2159 2530 2268 2578 vita
2296 2544 2351 2577 ac

1407 2611 1604 2657 mores,
1625 2598 1697 2646 Ib.
1730 2597 1800 2647 24
1818 2634 1833 2658 ,
1858 2595 1925 2647 69
1946 2612 2061 2660 sqq.
2092 2622 2161 2633 —
2187 2598 2239 2648 In
2262 2595 2350 2646 illa

1407 2668 1555 2733 gravi
1573 2666 1635 2715 1..
1666 2664 1837 2715 Sullae
1869 2666 2086 2715 victoria
2114 2666 2173 2720 P.
2205 2665 2348 2715 Sulla

1404 2736 1710 2786 mitissimus
1741 2734 1839 2784 fuit
1875 2742 1925 2784 et
1960 2734 2235 2785 multorum
2275 2736 2347 2784 vi-

1404 2812 1509 2854 tam
1530 2812 1607 2853 est
1626 2820 1657 2854 a
1683 2805 1742 2854 L.
1769 2801 1911 2854 Sulla
1931 2804 2255 2869 deprecatus,
2274 2804 2344 2852 lb.

1404 2873 1490 2935 26,
1511 2874 1598 2924 72.
1640 2872 1707 2925 cf.
1728 2878 1895 2921 tamen
1918 2872 2001 2921 off.
2022 2875 2075 2934 2,
2094 2873 2147 2933 8,
2170 2872 2257 2925 29.
2278 2897 2347 2908 -

1403 2942 1525 2992 Post
1549 2940 1925 2992 damnationem
1952 2942 2065 3007 ipse
2088 2956 2145 2992 se
2166 2940 2345 2992 exsilio

1403 3025 1565 3077 paene
1584 3011 1875 3073 mulctavit,
1906 3010 1981 3060 Ib.
2002 3011 2065 3071 2,
2084 3009 2147 3075 8,
2172 3012 2256 3062 74.
2280 3036 2346 3047 -·

1404 3080 1527 3129 Eius
1543 3080 1676 3132 filius
1694 3094 1883 3145 parvus
1902 3079 2123 3144 supplex
2143 3095 2235 3145 pro
2258 3095 2345 3144 pa-

1404 3156 1515 3211 tre,
1550 3151 1626 3203 Ib.
1653 3147 1717 3199 31
1737 3184 1751 3208 ,
1782 3148 1870 3201 89.
1897 3176 1963 3185 -
1986 3147 2259 3199 Gabinium
2286 3148 2345 3198 de

1404 3218 1600 3267 ambitu
1624 3233 1767 3269 reum
1799 3217 1922 3268 fecit
1939 3219 1994 3267 P.
2018 3216 2164 3267 Sulla
2179 3253 2195 3281 ‚
2226 3218 2345 3268 sub-

1402 3287 1652 3337 scribente
1678 3288 1917 3353 privigno
1946 3286 2216 3349 Memmia,
2247 3287 2343 3336 fra-

1403 3362 1479 3404 tre
1516 3354 1765 3417 Caecilio,
1808 3354 1952 3405 Sulla
1985 3356 2093 3407 filio
2133 3372 2180 3405 a.
2211 3372 2262 3408 u.
2300 3370 2340 3403 c.

1403 3423 1552 3485 700„
1584 3425 1652 3474 ad
1680 3426 1736 3485 Q.
1762 3424 1825 3475 fr.
1847 3424 1909 3490 3,
1933 3423 1995 3485 3,
2020 3425 2073 3475 2.
2096 3452 2163 3463 --
2181 3424 2341 3491 Legio
