2500 3850
0 3081 27 3821 *Ay*-

586 242 661 287 M.
693 239 984 288 Poacms
1012 240 1191 287 caro
1224 261 1298 271 -
1322 239 1764 304 Posmomus.
1895 228 1902 233 ’
2101 228 2222 289 325

194 414 453 451 summam
488 396 837 459 ,eloquentiam
871 408 975 444 non
1009 395 1145 444 desi-

197 470 371 526 derat,
396 467 536 515 Brut.
568 463 663 527 30,
700 463 818 514 118.
836 490 907 499 —-
930 464 998 516 Μ.
1024 464 1145 515 Cato

196 537 481 587 avunculus
502 534 678 592 Bruti,
702 547 884 597 saepe,
916 547 1072 595 quum
1092 534 1146 579 in

196 614 379 656 senatu
410 603 711 653 sententiam
751 602 965 661 diceret,
1004 600 1145 650 locos

196 687 387 741 graves
422 688 486 721 ex
519 670 851 736 philosophia
878 670 1139 733 tractabat,

197 743 525 793 abhorrentes
546 741 609 789 ab
636 754 733 787 usu
765 738 954 789 forensi
980 746 1029 787 et
1049 753 1143 803 pu-

195 811 338 861 blico
354 847 368 870 ,
392 810 483 859 sed
504 808 717 857 dicendo
741 808 1145 869 consequebatur

195 890 401 938 tamen,
436 886 491 926 ut
519 878 605 925 illa
636 877 789 925 etiam
818 876 1007 941 populo
1028 890 1143 939 pro-

196 948 394 1000 babilia
438 946 731 995 viderentur
778 953 873 997 etc
892 981 907 1003 ‚
961 945 1139 1009 parad.

200 1034 282 1083 pr.
320 1017 347 1066 1
381 1031 493 1079 sqq.
525 1040 595 1049 —
626 1014 693 1061 Μ.
734 1012 855 1063 Cato
890 1012 1143 1063 Uticensis

198 1100 421 1151 maguus
443 1091 607 1133 orator
636 1086 689 1131 in
718 1090 925 1143 senatu,
957 1082 1019 1131 de
1038 1082 1141 1145 leg.

198 1153 400 1217 3,18‚
446 1153 532 1202 40.
574 1178 637 1187 --
683 1150 885 1201 Catonis
922 1151 1139 1210 animus,

197 1225 384 1289 fragm.
404 1236 456 1286 p.
468 1218 585 1271 253.
602 1220 749 1273 -Μ,
776 1218 895 1269 Cato
916 1221 1143 1269 omnium

200 1294 432 1357 gentium
476 1291 660 1338 virtute
704 1291 975 1353 princeps,
1024 1287 1145 1337 Phi·

199 1362 329 1425 lipp.
355 1358 449 1423 13,
472 1358 555 1418 14,
576 1357 661 1409 30.
680 1358 841 1407 -Μ.
865 1356 986 1406 Cato
1008 1356 1140 1407 Utic.

201 1430 375 1478 omnia
394 1437 595 1491 s‘emper
618 1434 905 1476 constanter
924 1434 973 1473 et
997 1425 1143 1473 forti-

199 1508 307 1563 ter,
338 1511 431 1561 pro
455 1496 558 1544 Mil.
583 1496 679 1560 22,
703 1496 787 1550 58.
816 1521 873 1529 --
899 1494 999 1541 Μ.
1021 1492 1141 1542 Cato

202 1567 411 1622 heros&
444 1565 509 1614 ad
540 1565 642 1617 Au.
677 1564 735 1622 1,
771 1564 869 1625 17,
900 1561 951 1616 9.
988 1561 1139 1612 —M.

205 1636 327 1685 Cato
359 1634 489 1686 Utic.
526 1599 805 1682 avunculus
834 1641 882 1680 et
910 1639 1045 1681 tutor
1080 1630 1139 1679 L.

202 1703 402 1753 Luculli
434 1702 542 1751 filii.
576 1728 646 1738 —-
674 1701 835 1751 Erat
822 1716 874 1749 m
906 1716 965 1749 eo
996 1702 1143 1749 inex-

202 1772 387 1820 hausta
432 1770 650 1820 aviditas
692 1769 930 1836 legendi,
979 1796 1049 1806 —-
1090 1769 1140 1816 in

204 1842 317 1904 ipsa
357 1841 497 1889 curia
534 1840 725 1889 solebat
762 1840 935 1905 legere
964 1851 1139 1902 saepe,

206 1910 324 1958 dum
346 1916 551 1958 senatus
572 1916 867 1973 cogeretur,
892 1906 1055 1957 defin.
1087 1904 1137 1966 3,

205 1979 267 2039 2,
290 1979 340 2030 7.
386 1979 584 2028 adAtt.
617 1977 711 2038 13,
743 1977 796 2030 6.
826 1976 989 2030 -Μ,
1019 1975 1141 2025 Cato

206 2046 391 2095 bellum
422 2061 569 2096 omne
598 2045 991 2095 Mithridaticum
1025 2059 1139 2094 cum

203 2110 509 2164 mulierculis
538 2123 737 2179 gestum
776 2129 887 2163 esse
918 2115 1138 2176 dicebat,

206 2199 295 2247 pro
326 2183 457 2234 Mur.
497 2183 588 2243 14,
618 2181 703 2232 31.
726 2182 1043 2232 —Confecit
1061 2181 1141 2230 Ci-

207 2267 321 2302 cero
353 2251 577 2312 quinque
605 2250 763 2299 libros
786 2245 916 2314 περὶ
950 2246 1140 2314 τελων,

208 2327 261 2368 ut
293 2318 537 2382 Epicuria
562 2317 621 2370 L
652 2319 932 2380 Torquato,
972 2317 1143 2367 Stoica

208 2389 272 2442 M.
304 2386 509 2446 Catoni,
540 2377 1039 2450 περιπατητικάΜ.
1062 2386 1144 2434 Pi-

208 2471 317 2506 soni
339 2457 512 2516 daret
546 2457 611 2504 ad
630 2458 733 2505 Att.
765 2454 856 2514 13,
882 2452 977 2515 19,
1003 2457 1054 2506 4.
1076 2479 1145 2490 -

210 2527 367 2584 Quum
391 2540 421 2574 a
434 2524 621 2574 Catone
639 2523 809 2576 Cicero
832 2524 1144 2582 laudabatur,

208 2594 287 2643 vel
304 2593 609 2658 reprehendi
628 2608 685 2642 se
704 2609 735 2642 a
755 2591 1145 2648 caeterisfacile

207 2661 513 2728 patiebatur,
550 2670 676 2712 orat.
704 2662 801 2724 13,
832 2663 918 2712 41.
954 2661 1141 2726 fragm.

208 2747 259 2795 Ρ.
299 2729 419 2786 249.
470 2732 542 2780 Ib.
581 2747 633 2796 p.
677 2731 808 2783 250..
833 2757 902 2767 —
938 2729 1141 2780 Catonis

208 2800 453 2850 Uticensis
471 2799 813 2850 laudationem
846 2799 1143 2864 conscripsit

208 2869 272 2918 Μ.
292 2869 479 2918 Fadius
500 2867 672 2918 Gallus
696 2884 744 2918 a.
770 2885 820 2921 ιι.
844 2886 889 2922 c.
913 2867 1055 2926 709.,
1076 2868 1143 2918 ad

212 2937 329 2990 fam.
356 2937 415 3000 7,
446 2937 543 3000 24,
579 2938 627 2987 2.
654 2935 993 2986 -Giceronis
1020 2936 1141 2986 Cato

244 3006 419 3056 ,Laus
452 3003 685 3068 Catonis,
716 3005 910 3086 fragm,
935 3021 986 3070 p.
1018 3005 1138 3056 294.

209 3097 277 3108 -—
294 3073 363 3123 De
384 3075 569 3124 Catone
588 3042 884 3141 πρόβλημα
894 3065 1142 3139 Ἀρχιμή-

210 3137 361 3190 &stov
384 3148 459 3190 est
477 3151 593 3204 etc„
616 3143 681 3192 ad
699 3145 801 3194 Att.
828 3144 909 3208 12,
925 3145 975 3202 4,
996 3145 1047 3195 2.
1072 3144 1136 3198 cl,

210 3210 279 3259 ib.
300 3209 381 3270 12,
396 3211 449 3272 5,
464 3211 518 3260 2.
535 3211 790 3270 —Qualis
820 3211 989 3261 futura
1008 3219 1143 3262 esset

214 3277 435 3328 Caesaris
456 3281 756 3343 vituperatio
792 3280 995 3330 Catonis
1021 3295 1142 3330 con-

210 3353 283 3395 tra
320 3347 661 3397 laudationem
702 3363 845 3397 suam
881 3349 1143 3412 perspexit

214 3414 383 3465 Cicero
408 3431 472 3464 ex
501 3432 561 3466 eo
594 3417 720 3468 libro
740 3453 753 3476 ‚
785 3431 933 3478 quem
955 3417 1142 3464 Hirtius

212 3483 277 3532 ad
306 3499 361 3534 se
394 3483 563 3546 misit,
598 3484 649 3532 iu
679 3499 778 3546 quo
812 3485 1003 3548 colligit
1020 3486 1143 3534 vitia

1290 396 1523 455 CatoniS‚
1557 397 1648 445 sed
1669 412 1778 445 cum
1803 399 2040 447 maximis
2060 398 2226 447 laudi-

1289 466 1382 513 bus
1405 463 1658 513 Ciceronis
1678 480 1723 513 a.
1745 481 1794 512 ιι.
1812 480 1856 513 c.
1879 466 2020 531 709.,
2040 467 2114 515 Ib.
2140 466 2223 528 12,

1284 531 1380 592 40,
1418 533 1466 582 1.
1487 559 1556 569 -
1574 534 1722 582 Hirtii
1742 532 1927 583 librum
1944 572 1957 594 ,
1991 550 2139 597 quem
2160 536 2226 585 ad.

1286 616 1340 649 se
1369 602 1508 650 misit
1528 602 1589 651 de
1611 603 1814 661 Catone,
1836 611 2102 667 propterea
2119 604 2225 653 vult

1287 670 1460 721 Cicero
1484 670 1740 737 divulgari
1769 672 1830 721 ab
1855 673 2050 732 Attico,
2083 683 2138 721 ut
2162 688 2226 721 ex

1283 740 1496 787 istorum
1551 742 1921 805 vituperatione
1971 742 2037 789 sit
2089 742 2226 799 illius

1287 809 1448 857 maior
1467 807 1720 867 laudati0,
1747 810 1820 861 ΙΙ).
1845 810 1927 872 12,
1951 812 2038 871 44,
2063 810 2110 861 1.
2148 811 2222 859 Ib.

1289 876 1384 939 12,
1414 876 1513 937 45,
1544 876 1592 927 3.
1613 900 1681 915 -ι
1702 878 1824 927 Eius
1845 878 2066 927 laudatio
2093 894 2123 927 a
2143 877 2224 927 Ci-

1286 960 1464 995 cerone
1496 949 1778 1011 composita
1815 962 1844 995 a
1875 947 2088 997 Caesare
2126 948 2222 995 im-

1282 1022 1536 1078 pugnata,
1568 1018 1718 1079 topic.
1740 1016 1836 1086 25,
1861 1017 1946 1068 94.
1973 1042 2034 1051 --
2060 1016 2224 1066 Abso-

1286 1084 1386 1131 luto
1421 1083 1608 1133 Catone
1637 1075 1812 1135 Cicero
1842 1087 2012 1133 statim
2044 1084 2220 1135 Orato-

1284 1166 1387 1201 iem
1408 1166 1682 1217 aggressus
1701 1160 1794 1217 est,
1813 1162 1937 1203 orat.
1957 1154 2038 1218 10,
2056 1152 2142 1208 35.
2151 1181 2222 1192 --

1283 1220 1354 1269 De
1383 1220 1492 1271 loco
1525 1238 1586 1271 ex
1618 1222 1905 1272 laudatione
1931 1221 2134 1272 Catonis
2157 1224 2222 1273 de

1283 1289 1471 1408 ggtolne
1520 1291 1814 1354 quadrimo,
1869 1292 1936 1339 ad
1975 1292 2096 1344 fam.
2139 1292 2221 1351 16,

1212 1424 1289 1475 Μ.
1331 1424 1565 1477 Porcius
1607 1424 1778 1489 Cato,
1815 1426 1969 1476 filius.
1999 1452 2069 1463 —-
2100 1426 2222 1477 Cato

1281 1494 1512 1560 pupillus
1541 1494 1800 1544 Ciceronis
1823 1510 1871 1547 a.
1908 1511 1958 1543 u.
1993 1511 2036 1544 c.
2076 1494 2220 1559 709.,

1283 1563 1350 1612 ad
1367 1564 1474 1611 Att.
1499 1562 1588 1626 13,
1620 1562 1683 1624 6,
1718 1563 1765 1615 1.
1806 1578 1887 1628 ep.
1917 1564 1985 1613 ad
2003 1564 2144 1613 Brut.
2176 1565 2224 1624 1,

1283 1634 1333 1684 5.
1374 1632 1451 1685 Ib.
1474 1632 1522 1695 1,
1548 1632 1630 1685 14.

1211 1699 1290 1751 M.
1311 1697 1549 1750 Porcius
1573 1698 1784 1763 Laeca,
1817 1708 2048 1761 senator,
2083 1700 2220 1751 Cati-

1280 1768 1508 1818 linariuS.
1550 1794 1620 1805 -—-
1657 1769 1812 1835 Apud
1855 1784 1972 1819 eum
2009 1768 2224 1821 Catilina

1285 1839 1542 1887 distribuit
1575 1846 1742 1903 partes
1762 1838 1961 1899 Italiae,
1995 1839 2047 1887 in
2071 1838 2218 1893 Catil.

1283 1906 1340 1969 1,
1367 1908 1430 1968 4,
1459 1904 1510 1956 9.
1549 1908 1622 1957 Ib.
1644 1908 1708 1967 2,
1738 1905 1800 1969 6,
1826 1906 1906 1957 13.
1930 1906 2080 1959 -M.
2101 1909 2222 1958 Por·-

1280 1977 1416 2027 cium
1449 1975 1695 2040 Laecam,
1743 1977 1935 2026 socium
1975 1976 2222 2028 Catilinae

1282 2060 1429 2095 nemo
1450 2044 1704 2106 defendit,
1726 2059 1818 2109 pro
1838 2043 1979 2094 Sulla
1997 2046 2047 2104 2,
2067 2045 2117 2096 6.
2143 2048 2216 2098 Ib.

1287 2113 1368 2174 18,
1389 2115 1474 2166 52.

1212 2180 1276 2232 Ιι.
1311 2179 1546 2232 Porcius
1583 2180 1645 2232 L.
1677 2179 1740 2230 F.
1777 2180 1856 2232 Μ.
1891 2181 1956 2237 Ν.
1989 2180 2220 2234 Licinus

1282 2251 1455 2301 consul
1486 2266 1600 2300 cum
1629 2250 1684 2300 P.
1718 2251 1930 2302 Claudio
1951 2253 2132 2304 Pulcro
2168 2268 2217 2302 a.

1281 2336 1333 2369 ιι.
1355 2335 1398 2370 c.
1421 2318 1540 2372 570.
1556 2356 1570 2380 ,
1591 2319 1728 2370 Brut.
1753 2321 1833 2380 15,
1854 2319 1939 2371 60.

1211 2386 1448 2438 Porcius
1467 2386 1694 2438 Licinus
1709 2423 1724 2450 ‚
1753 2390 1840 2451 qui
1858 2389 1922 2438 de
1939 2390 2218 2440 litterarum

1282 2458 1574 2506 Latinarum
1593 2456 1886 2522 primordiis
1905 2459 2126 2522 scripsit,
2156 2459 2224 2508 de

1281 2526 1364 2574 fin.
1389 2527 1435 2582 1,
1455 2527 1505 2585 2,
1525 2527 1574 2577 5.

1211 2592 1488 2658 Porsena,
1502 2593 1732 2643 Etruriae
1752 2608 1841 2641 rex
1858 2629 1871 2654 ‚
1893 2609 1923 2644 a
1941 2593 2218 2658 Tarquinio

1281 2669 1452 2712 contra
1472 2661 1686 2712 Romam
1717 2665 1964 2714 excitatus
1979 2701 1994 2725 ,
2026 2666 2092 2714 ad
2110 2666 2215 2714 Att.

1281 2731 1332 2792 9,
1358 2731 1438 2792 10,
1459 2731 1510 2782 3.
1533 2733 1746 2782 —Eum
1771 2731 1822 2783 C.
1849 2733 2042 2783 Mucius
2067 2737 2220 2786 inter-

1279 2800 1424 2851 ficere
1455 2808 1664 2851 conatus
1701 2810 1804 2861 est,
1837 2817 1930 2868 pro
1961 2803 2090 2858 Sest.
2128 2805 2216 2864 21,

1280 2868 1366 2922 48.
1397 2897 1463 2906 —
1491 2870 1613 2920 Eius
1653 2886 1827 2920 necem
1863 2877 2126 2938 temptavit
2157 2873 2214 2923 C.

1281 2937 1508 2997 Mucius,
1529 2941 1706 3004 parad.
1733 2941 1780 3002 1,
1804 2944 1853 3000 2,
1881 2942 1961 2990 12.

1210 3005 1492 3058 Portunus
1513 3009 1640 3057 deus
1661 3008 1823 3058 dictus
1845 3024 1874 3057 a
1894 3016 2061 3070 portu,
2085 3009 2148 3057 de
2170 3022 2218 3055 n.

1281 3076 1330 3125 d.
1352 3077 1404 3135 2,
1425 3075 1510 3136 26,
1531 3076 1614 3126 66.

1210 3140 1448 3194 Posides
1468 3143 1690 3193 Macros
1712 3141 2003 3191 Soluntinus
2021 3179 2034 3201 ,
2067 3143 2216 3191 Verr.

1282 3219 1502 3260 accusat.
1521 3212 1573 3273 2,
1593 3212 1678 3267 42,
1705 3210 1819 3261 102.

1210 3275 1550 3328 Posidonius
1573 3279 1799 3327 omnium
1818 3278 2070 3330 maximus
2089 3277 2220 3327 Stoi-

1283 3361 1481 3406 corum,
1522 3346 1706 3410 fragm.
1745 3361 1794 3412 p.
1833 3346 1953 3397 284.
1991 3374 2061 3385 -
2097 3347 2218 3394 Eius

1285 3417 1592 3480 aegrotantis
1623 3431 1738 3464 cum
1765 3416 2005 3480 Pompeio
2033 3431 2218 3474 set-mc,

1282 3484 1413 3532 Tusc
1445 3485 1496 3547 2,
1511 3484 1598 3544 25,
1612 3483 1902 3542 tir—Quid
1920 3499 1965 3534 a.
1977 3499 2028 3534 ιι.
2044 3482 2214 3535 c.694.
