2500 3850
160 127 284 188 276

230 295 486 343 hominem
514 302 561 343 et
585 309 747 359 paene
770 295 1001 344 divinum
1032 294 1171 343 domi

230 364 285 411 P.
318 364 489 427 Scipio
526 363 798 413 Africanus
840 368 1041 426 minor,
1077 377 1169 426 pro

232 433 443 481 Murena
464 431 546 490 31,
568 431 651 482 66.
692 432 755 480 οΙ.
780 433 987 485 Tuscul.
1014 433 1061 490 l,
1084 430 1168 489 33,

228 502 317 551 81.
361 501 515 549 Acad.
539 516 618 565 pr.
646 501 698 558 2,
725 502 776 561 2,
803 501 855 551 5.
883 527 941 537 -
978 503 1171 551 Panae-

231 570 333 618 tius
374 570 545 619 laudat
586 569 881 620 Africanum
905 574 1169 631 minorem,

238 639 373 700 quod
399 638 552 687 fuerit
578 639 865 701 abstinenS,
904 640 967 689 de
998 638 1085 688 off.
1118 640 1167 696 2,

234 708 319 771 22,
361 707 444 757 76.
495 734 566 744 --
603 706 725 755 Eius
746 708 943 757 auditor
964 706 1019 758 G.
1040 708 1171 756 Fan-

233 777 349 825 nius
407 776 679 826 historicus
704 812 717 835 ,
776 776 936 826 Laelii
996 790 1169 841 gener,

234 846 375 893 Brut.
400 845 485 906 26,
514 845 629 896 101.
655 871 719 879 -
741 846 865 894 Eius
887 845 1171 909 discipulus

232 913 421 962 Hecato
459 913 689 962 Rhodius
712 950 726 973 ‚
765 914 827 963 de
864 914 951 963 off.
992 912 1042 974 3,
1090 914 1172 973 15,

234 982 319 1033 63.
346 1009 417 1017 —
456 983 579 1030 Eius
606 981 805 1033 auditor
826 982 1173 1043 MnesarchuS,

236 1052 298 1099 de
322 1058 446 1098 orat.
486 1051 532 1112 l,
556 1050 637 1111 11,
660 1051 743 1099 45.
790 1078 856 1086 —
896 1050 1174 1111 Oratorem,

234 1119 336 1166 nisi
375 1119 462 1179 qui
508 1121 715 1182 sapiens
770 1128 938 1181 esset,
977 1119 1175 1167 dicebat

154 1195 163 1201 '
236 1203 348 1235 esse
381 1190 662 1245 neminem,
699 1188 773 1236 Ib.
810 1188 868 1250 1,
896 1187 975 1249 18,
996 1186 1081 1239 83.
1104 1217 1173 1225 --

234 1256 359 1304 Eius
403 1256 599 1305 auditor
636 1255 691 1301 P.
737 1256 957 1305 Rutilius
990 1255 1172 1316 Rufus,

237 1325 377 1375 Brut.
420 1324 513 1386 30,
560 1324 677 1376 115.
714 1352 780 1361 -
820 1326 945 1376 Cum
966 1342 1025 1375 eo
1045 1326 1178 1373 vixit.

235 1394 305 1446 M.
330 1394 584 1459 Vigellius
601 1430 614 1452 ‚
656 1393 717 1443 de
746 1401 870 1445 orat.
892 1394 923 1444 3
941 1432 955 1454 ,
976 1394 1061 1454 21,
1087 1392 1171 1443 78.

236 1491 303 1499 —
340 1464 609 1512 Panaetius
648 1477 801 1524 quum
832 1472 1030 1513 caetera
1070 1470 1177 1511 tum

237 1532 473 1581 caelestia
494 1532 569 1582 vel
587 1532 961 1581 studiosissime
980 1532 1176 1581 solebat

240 1616 515 1662 quaerere,
556 1600 620 1649 de
641 1614 679 1646 r.
704 1616 757 1663 p,
793 1602 839 1665 l,
872 1600 953 1661 10,
984 1602 1067 1655 15.
1105 1627 1176 1635 -

240 1669 581 1733 Popularibus
617 1669 785 1717 verbis
827 1672 931 1735 egit
976 1678 1025 1719 et
1068 1670 1174 1718 usi-

237 1740 355 1786 tatis
406 1738 467 1785 de
522 1737 761 1803 opinione
797 1738 1034 1803 populari
1081 1739 1176 1786 Pa-

236 1805 435 1855 naetius
451 1843 466 1868 ,
495 1806 557 1855 de
578 1805 666 1857 off.
688 1809 744 1866 2,
771 1806 833 1856 10
849 1844 863 1867 ,
885 1806 970 1859 35.
992 1833 1062 1842 -
1081 1807 1176 1855 Pa-

235 1874 433 1925 naetius
456 1873 739 1923 Stoicorum
757 1876 1011 1926 tristitiam
1028 1881 1176 1939 atque

240 1945 566 2010 asperitatem
606 1943 812 2010 fugiens
851 1961 943 1995 nec
982 1946 1174 1996 acerbi-

236 2023 392 2064 tatem
452 2015 813 2064 sententiarum
867 2030 961 2064 nec
1014 2015 1177 2064 disse-

240 2083 386 2132 rendi
405 2083 579 2148 spinas
597 2084 860 2148 probavit,
900 2082 1098 2147 fuitque
1122 2084 1177 2130 in

240 2150 396 2201 altero
432 2166 618 2215 genere
637 2153 823 2216 mitior,
862 2152 915 2198 in
939 2152 1093 2200 altero
1116 2149 1176 2199 il·

241 2220 479 2282 lustrior,
501 2234 802 2283 semperque
822 2219 997 2268 habuit
1017 2221 1071 2267 in
1092 2233 1176 2268 ore

240 2287 519 2346 Platonem,
555 2284 899 2350 Aristotelem,
924 2287 1180 2338 Xenocra-

237 2366 374 2419 tem,
442 2356 882 2422 Theophrastum,
946 2356 1182 2408 Dicaear-

240 2426 426 2487 chum,
463 2433 519 2474 ut
558 2427 725 2490 ipsius
780 2427 973 2492 scripta
1014 2426 1181 2476 decla-

239 2501 377 2554 rant,
410 2495 472 2544 de
492 2494 579 2544 fin.
600 2498 663 2559 4,
684 2494 769 2560 28,
792 2495 877 2546 79.
902 2522 969 2532 -
991 2496 1051 2544 Ei
1072 2495 1181 2559 pla-

238 2565 343 2614 cuit
378 2565 579 2627 patroni
616 2579 729 2613 esse
776 2579 874 2615 non
906 2579 1180 2626 numquam

238 2632 346 2680 veri
366 2632 549 2696 simile,
585 2633 738 2681 etiam
760 2634 993 2681 siminus
1011 2634 1077 2682 sit
1096 2648 1181 2682 ve-

240 2715 372 2758 rum,
393 2700 684 2762 defendere,
709 2702 774 2751 de
795 2700 883 2753 off.
912 2701 962 2763 2,
986 2701 1067 2765 14,
1092 2700 1179 2751 51.

239 2793 308 2804 -—
326 2768 596 2816 Panaetius
617 2767 843 2818 Platonis
875 2783 1028 2834 unam
1063 2784 1180 2819 sen-

242 2836 453 2885 tentiam
486 2837 549 2884 de
586 2837 963 2886 immortalitate
988 2838 1181 2887 animo-

242 2919 357 2953 rum
419 2917 520 2953 non
575 2906 772 2967 probat.
846 2905 972 2956 Vult
1024 2907 1178 2967 enim,

244 2973 382 3036 quod
410 2986 557 3022 nemo
595 2982 771 3040 negat,
811 2973 1058 3038 quidquid
1089 2989 1179 3024 na-

240 3051 350 3092 tum
392 3043 489 3105 sit,
528 3043 768 3092 interiret
816 3045 958 3094 nasci
1016 3050 1182 3092 autem

243 3113 442 3162 animos
468 3117 581 3172 etc„
601 3111 810 3164 Tuscul.
831 3114 880 3172 1,
901 3110 986 3174 32,
1009 3111 1093 3161 79.
1114 3137 1183 3149 —

241 3180 320 3228 Ex
345 3180 455 3230 eius
480 3182 729 3229 sententia
766 3182 963 3230 animus
1005 3196 1068 3230 ex
1106 3183 1182 3229 in-

245 3248 502 3297 flammata
540 3249 708 3297 anima
738 3258 959 3310 constat,
1013 3251 1087 3300 Ib.
1131 3250 1177 3308 1,

248 3315 331 3377 18,
370 3317 458 3365 42.
504 3342 571 3352 —
607 3317 686 3366 Ab
727 3333 787 3367 eo
816 3331 1180 3368 commemora-

245 3391 323 3446 tur
358 3384 609 3434 neminem
650 3400 813 3447 neque
848 3387 1025 3437 ducem
1057 3384 1177 3434 belli

1016 137 1406 185 PANAE'HUS
1415 168 1430 184 .

1315 307 1405 341 nec
1436 293 1718 357 principem
1740 291 1878 340 domi
1912 304 2128 355 magnas
2169 306 2249 339 res

1315 370 1363 412 et
1381 362 1630 410 salutares
1651 361 1762 409 sine
1784 358 2046 411 hominum
2066 360 2249 407 studiis

1313 445 1490 497 gerere
1524 431 1770 493 potuisse,
1812 429 1874 476 de
1895 427 1981 479 off.
2011 430 2062 491 2,
2089 427 2141 488 5,
2165 428 2246 477 16.

1309 526 1379 536 —
1411 498 1681 548 Panaetius
1709 497 1790 547 vel
1821 498 2060 561 princeps
2095 497 2251 545 disci-

1311 568 1482 633 plinae
1501 566 1720 619 Stoicae.
1774 566 2037 615 Posidonii
2056 565 2247 623 doctor,

1315 635 1600 699 discipulus
1623 635 1894 698 Antipatri,
1935 650 1965 683 a
1992 632 2178 682 Stoicis
2199 634 2250 680 in

1315 705 1542 755 doctrina
1562 704 1624 752 de
1639 704 1953 753 divinatione
1972 704 2250 767 degenera-

1312 778 1410 837 vit,
1452 790 1546 822 nec
1581 780 1750 821 tamen
1778 788 1934 821 ausus
1965 779 2043 821 est
2062 786 2251 835 negare

1314 845 1418 892 vim
1438 857 1551 893 esse
1575 842 1864 902 divinandi,
1898 842 1990 891 sed
2019 840 2251 889 dubitare

1314 929 1369 961 se
1391 912 1553 976 dixit,
1573 910 1635 959 de
1662 911 1819 959 divin.
1844 910 1870 958 1
1887 946 1899 967 ‚
1921 908 1981 971 3,
2003 910 2053 960 6.
2094 908 2162 958 cl.
2182 910 2248 957 ib.

1319 984 1365 1043 1,
1382 981 1528 1045 7,12.
1551 1005 1606 1014 ——
1631 979 1898 1029 Panaetius
1916 992 2049 1027 unus
2069 994 2098 1026 e
2119 977 2252 1026 Stoi-

1316 1051 1389 1098 cis
1427 1048 1797 1112 astrologorum
1827 1047 2087 1112 praedicta
2124 1048 2252 1094 reie-

1316 1119 1398 1168 cit.
1452 1117 1584 1176 Quid
1605 1120 1670 1166 de
1688 1116 1938 1165 Archelao
1971 1124 2019 1165 et
2039 1115 2252 1165 Cassan-

1315 1188 1406 1237 dro
1432 1194 1480 1235 et
1503 1185 1712 1250 Scylace
1746 1186 2038 1246 tradiderit,
2079 1186 2143 1233 de
2177 1183 2251 1231 di-

1315 1258 1421 1305 vin.
1443 1257 1475 1305 2
1493 1291 1506 1314 ‚
1526 1257 1594 1303 42
1611 1292 1624 1316 ,
1647 1254 1729 1305 88.
1761 1281 1832 1291 —
1863 1253 1988 1303 Cum
2008 1268 2095 1314 eo,
2118 1252 2252 1313 quod

1317 1325 1382 1374 ad
1427 1323 1795 1374 Chaldaeorum
1837 1323 2103 1388 praedicta
2139 1321 2251 1369 atti-

1315 1402 1426 1452 net,
1468 1407 1567 1441 non
1594 1409 1707 1443 cum
1742 1391 2001 1441 Carneade
2032 1390 2154 1439 facit
2173 1389 2250 1438 Ci-

1319 1478 1435 1512 cero
1451 1498 1464 1521 ,
1487 1463 1558 1509 lb.
1582 1463 1614 1511 2
1629 1498 1644 1525 ,
1663 1462 1730 1511 47
1749 1498 1764 1524 ,
1789 1460 1874 1510 97.
1897 1487 1963 1495 -
1981 1458 2249 1508 Panaetius

1316 1532 1553 1595 princeps
1573 1546 1734 1595 prope
1766 1529 2077 1592 Stoicorum,
2105 1541 2164 1576 ea
2189 1526 2252 1574 de

1317 1616 1372 1649 re
1392 1600 1624 1649 dubitare
1645 1614 1700 1648 se
1726 1599 1866 1660 dicit,
1901 1612 2054 1660 quam
2079 1608 2252 1645 omnes

1314 1677 1514 1733 praeter
1557 1683 1673 1717 eum
1709 1667 1868 1717 Stoici
1917 1666 2251 1715 certissimam

1315 1744 1518 1802 putant,
1557 1751 1681 1785 vera
1709 1751 1823 1786 esse
1848 1735 2247 1799 haruspicinam,

1319 1807 1578 1870 auspicia,
1617 1805 1837 1866 oracula,
1874 1806 2090 1864 somnia,
2132 1802 2252 1850 vati-

1319 1876 1594 1926 cinationes
1614 1889 1769 1939 seque
1789 1875 1850 1923 ab
1865 1875 2088 1923 adsensu
2105 1871 2252 1920 susti-

1317 1951 1430 2007 net,
1465 1943 1624 1996 Acad.
1645 1959 1723 2008 pr.
1745 1946 1778 1994 2
1793 1981 1807 2004 ,
1828 1941 1922 2008 33,
1947 1943 2064 1995 107.
2085 1967 2156 1977 ·-
2175 1938 2254 1988 Ci-

1319 2028 1432 2062 cero
1472 2012 1581 2062 vult
1618 2014 1718 2061 sibi
1758 2014 1892 2062 mitti
1931 2007 2250 2059 Παναιτίου

1318 2076 1448 2144 περὶ
1465 2079 1762 2147 προνοίας,
1785 2082 1853 2131 ad
1879 2082 1982 2129 Att.
2010 2080 2091 2144 13,
2114 2080 2165 2130 8.
2186 2105 2256 2114 —

1324 2142 1408 2198 Τὰ
1431 2144 1680 2213 περὶτοῦ
1700 2141 2092 2214 καθήκοντος,
2134 2162 2255 2210 qua-

1321 2227 1469 2268 tenus
1505 2218 1793 2280 Panaetius,
1831 2218 2052 2270 absolvit
2079 2215 2254 2267 Cicero

1325 2289 1548 2338 duobus:
1582 2288 1806 2338 Panaetii
1834 2297 1937 2338 tres
1961 2293 2098 2336 sunt.
2155 2284 2258 2334 Sed

1323 2373 1476 2420 quum
1495 2357 1639 2406 initio
1661 2359 1923 2407 divisisset
1941 2357 2030 2417 ita,
2051 2357 2152 2405 tria
2169 2369 2256 2419 ge-

1321 2441 1443 2476 nera
1473 2428 1769 2489 exquirendi
1809 2425 1962 2478 officii
1990 2439 2104 2475 esse
2139 2430 2254 2485 etc.,

1321 2496 1387 2545 ad
1405 2497 1508 2544 Att.
1539 2494 1623 2555 16,
1659 2496 1744 2560 11,
1771 2497 1822 2545 4.
1859 2521 1930 2530 —
1965 2494 2254 2550 PanaetiuS,

1326 2565 1552 2627 quisine
1593 2564 1931 2614 controversia
1973 2564 2036 2612 de
2071 2560 2258 2610 officiis

1323 2633 1706 2683 accuratissime
1727 2633 2022 2697 disputavit,
2043 2645 2146 2680 non
2170 2645 2258 2679 ex-

1324 2702 1478 2752 solvit
1498 2702 1634 2765 quod
1653 2703 1971 2765 promiserat,
2007 2701 2072 2749 de
2094 2698 2180 2753 off.
2206 2697 2257 2757 3,

1322 2773 1383 2835 2,
1427 2771 1476 2820 7.
1512 2797 1582 2807 -
1617 2767 1765 2819 Teste
1794 2780 1958 2819 tamen
1982 2769 2257 2818 Posidonio

1320 2839 1532 2905 triginta
1551 2841 1697 2888 annis
1717 2840 1872 2901 vixit,
1907 2845 2177 2903 postquam
2201 2835 2259 2883 il-

1323 2908 1400 2957 los
1437 2908 1596 2957 libros
1633 2908 1904 2968 edidisset,
1944 2909 2017 2957 Ib.
2056 2905 2109 2969 3,
2141 2907 2194 2964 2,
2226 2901 2260 2952 8

1324 2991 1436 3038 sqq.
1497 2978 1572 3026 ΙΙ).
1603 2976 1652 3036 3,
1677 2976 1727 3040 3,
1758 2977 1842 3027 12.
1899 2978 1975 3026 ΙΙ).
2009 2975 2061 3038 3,
2089 2977 2142 3034 4,
2170 2971 2257 3022 18.

1323 3046 1397 3094 ΙΙ).
1423 3043 1473 3108 3,
1505 3047 1554 3108 7,
1585 3044 1653 3096 33
1674 3060 1785 3108 sqq.
1823 3071 1893 3082 —-
1932 3046 1980 3093 A
2019 3043 2259 3093 Panaetio

1325 3112 1667 3164 definitionem
1722 3113 1879 3163 officii
1931 3111 2260 3179 praetermis-

1322 3197 1434 3231 sam
1465 3197 1599 3246 esse,
1638 3183 1701 3232 de
1721 3183 1808 3233 off.
1833 3184 1881 3242 1,
1912 3185 1964 3245 2,
1989 3185 2041 3234 7.
2067 3208 2136 3217 -
2162 3180 2262 3230 Lo-

1321 3265 1440 3310 cuS,
1490 3251 1554 3300 de
1592 3251 1789 3301 duobus
1826 3251 2052 3301 honestis
2091 3257 2262 3299 utrum

1319 3317 1600 3379 honestiust,
1631 3333 1663 3367 a
1679 3319 1917 3368 Panaetio
1939 3325 2016 3368 est
2035 3327 2262 3382 praeter-

1319 3386 1537 3449 missus,
1564 3387 1628 3436 de
1646 3387 1732 3440 off.
1764 3388 1810 3454 l,
1840 3388 1924 3451 43,
1949 3387 2067 3437 152.
2107 3387 2184 3439 lb.
2210 3385 2261 3448 1,

2460 2 2493 393 {Y-'bm
