2500 3850
293 154 386 216 26

293 321 516 387 Apenas
532 356 547 383 ,
573 333 748 370 servus
769 317 1058 370 tabellarius
1073 351 1088 377 ,
1107 316 1176 366 ad
1191 315 1296 365 Att.

365 391 428 452 4,
453 391 572 452 8b.,
598 389 646 438 1.

290 455 646 524 Apenninus,
703 468 847 504 mons
893 454 1092 504 Italiam
1145 451 1301 502 veluti

365 528 570 576 dorsum
599 539 760 589 paene
791 529 948 572 totam
983 535 1301 586 percurrens,

367 596 574 644 decrat.
613 591 676 651 3,
712 591 808 651 19,
841 590 922 642 69.
957 590 1180 654 Philipp.
1215 588 1300 648 12,

368 664 459 724 11,
481 661 565 715 26.
586 687 658 698 --
679 661 740 708 de
761 675 875 708 aere
894 659 1060 709 alieno
1079 657 1297 721 Milonis,

365 731 549 797 fragm.
575 744 627 795 p.
653 727 773 779 219.

294 799 364 852 Ρ.
400 795 662 866 Apinius,
707 803 920 846 vexatus
951 810 981 844 a
1013 795 1068 844 P.
1102 793 1300 857 Clodio,

370 883 466 934 pro
487 867 594 917 Mil.
618 865 715 926 27,
739 866 824 918 75.

183 956 192 964 ·
295 936 438 1004 Apio
454 972 469 1000 ,
501 951 591 984 rex
619 932 950 998 Cyrenarum,
972 932 1036 981 de
1055 931 1167 997 lege
1186 946 1298 996 agr.

1219 1068 1304 1186 ..ὃ

295 1175 662 1275 Apollinares,
682 1207 815 1267 ludi,
851 1206 1070 1269 Philipp.
1115 1172 1300 1264 i,'15,

367 1278 451 1329 36.
488 1275 788 1340 Philipp.2,
818 1272 911 1337 13,
941 1273 1025 1324 31.

297 1346 524 1413 Apollo.
565 1345 687 1394 Eius
718 1356 899 1393 nomen
932 1350 1008 1392 est
1037 1341 1300 1400 Graecum,

369 1431 518 1478 quem
545 1413 704 1462 solem
725 1427 836 1464 esse
855 1411 1056 1468 volunt,
1088 1411 1152 1460 de
1171 1424 1222 1462 n.
1247 1409 1299 1458 d.

367 1487 432 1544 2,
465 1484 559 1541 27,
597 1480 682 1532 68.
725 1481 789 1534 cl.
817 1481 886 1533 ib.
910 1479 973 1540 3,
1001 1478 1094 1540 20,
1123 1477 1208 1529 51.
1235 1504 1305 1514 —-

363 1551 550 1616 Apollo
591 1559 738 1599 uatus
775 1547 1003 1599 Vulcano
1051 1549 1212 1612 primo
1256 1553 1305 1595 et

365 1620 622 1682 Minerva,
656 1618 719 1667 de
750 1631 800 1664 n.
822 1616 874 1668 d.
909 1615 966 1677 3,
999 1617 1096 1676 22,
1125 1615 1210 1668 55.
1233 1625 1305 1651 ·‘—

361 1689 492 1738 alter
529 1685 827 1750 Corybantis
864 1683 1025 1741 filius,
1067 1692 1213 1734 natus
1251 1684 1304 1732 in

369 1756 541 1818 Creta,
569 1755 747 1805 tertius
769 1754 889 1803 Iove
906 1754 1052 1801 tertio
1085 1761 1233 1801 natus
1256 1759 1305 1801 et

361 1825 579 1883 Latona,
602 1829 809 1885 quartus
827 1821 880 1869 iu
901 1820 1133 1884 Arcadia,
1154 1836 1304 1884 quem

364 1892 592 1943 Arcades
619 1882 841 1955 Νόμιον
863 1889 1149 1955 appellant,
1174 1890 1223 1940 d.
1248 1904 1301 1938 n.

363 1964 423 2013 -d.
447 1961 509 2021 3,
533 1959 601 2011 23
617 1996 631 2020 ,
665 1961 751 2011 57.
773 1985 843 1995 -
862 1959 1047 2024 Apollo
1071 1959 1183 2008 Deli
1215 1973 1304 2007 na-

363 2040 479 2091 tus,
506 2031 651 2080 Verr.
673 2036 892 2081 accusat.
927 2026 982 2087 1,
1008 2027 1098 2087 17,
1127 2028 1212 2080 46.
1233 2054 1305 2065 -

367 2100 446 2149 lb.
482 2098 542 2160 1,
570 2097 662 2157 18,
693 2097 780 2149 48.
805 2123 873 2133 ——
900 2094 1085 2160 Apollo
1105 2096 1302 2155 Delius,

366 2169 433 2217 de
457 2182 507 2215 n.
536 2165 584 2215 d.
605 2166 664 2228 3,
685 2165 775 2225 36,
795 2165 881 2217 88.
903 2190 972 2201 --
991 2164 1191 2229 Apollo,
1212 2180 1305 2230 pa-

366 2242 444 2285 ter
467 2233 761 2298 Aesculapii
791 2234 970 2298 primi,
1004 2232 1067 2283 de
1097 2248 1144 2283 n.
1172 2234 1223 2283 d.
1250 2230 1305 2293 3,

367 2304 466 2366 22,
492 2304 577 2355 57.
601 2327 670 2340 -
690 2300 813 2353 Οιιιιι
835 2301 1073 2366 Apolline
1101 2315 1307 2351 concer-

365 2373 493 2422 tavit
510 2371 572 2421 de
595 2371 793 2437 tripode
808 2370 1068 2435 Hercules,
1092 2372 1155 2422 de
1173 2385 1224 2421 n.
1247 2370 1301 2421 d.

365 2438 401 2491 3
416 2475 431 2503 ,
455 2442 546 2499 16,
567 2442 654 2491 42.
673 2465 743 2475 -
761 2434 949 2505 Apollo
971 2439 1306 2490 Cassandram

367 2507 490 2560 fatis
509 2509 676 2559 fandis
697 2509 878 2567 ciebat,
899 2509 961 2558 de
975 2508 1134 2557 divin.
1152 2509 1201 2567 1,
1217 2506 1303 2567 31,

368 2576 456 2628 66.
479 2603 550 2615 -—·
569 2577 838 2638 imberbis,
867 2578 931 2627 de
961 2590 1011 2624 n.
1036 2576 1088 2625 d.
1123 2577 1182 2640 1,
1214 2574 1303 2637 30,

363 2644 455 2695 83.
487 2673 552 2683 -
592 2646 831 2709 crinitus,
870 2644 1072 2694 Tuscul.
1112 2645 1175 2706 4,
1216 2642 1303 2705 34,

365 2712 456 2765 73.
476 2738 546 2749 -
564 2711 723 2779 Cygni
740 2714 788 2762 ei
816 2713 998 2775 dicati,
1020 2710 1227 2765 Tuscul.
1252 2713 1303 2775 1,

367 2779 466 2841 30,
507 2782 593 2833 73.
634 2808 701 2817 -
741 2782 866 2831 Eius
901 2787 1018 2829 exta
1051 2780 1305 2831 interdum

365 2849 502 2897 bona
515 2882 532 2910 ,
555 2849 744 2899 Dianae
764 2863 865 2900 uon
885 2849 1036 2909 bona,
1058 2849 1122 2899 de
1139 2849 1302 2900 divin.

365 2917 404 2966 2
421 2954 436 2979 ,
469 2916 565 2980 17,
590 2918 671 2970 38.
692 2943 759 2955 -
776 2918 832 2967 Iu
861 2919 971 2967 eius
999 2918 1187 2983 templo
1213 2919 1305 2968 ha-

367 2986 514 3036 betur
544 2994 778 3048 senatus,
815 2986 880 3035 ad
904 2986 962 3045 Q.
986 2986 1049 3037 fr.
1071 2989 1132 3049 2,
1165 2986 1226 3047 3,
1247 2987 1300 3039 3.

369 3055 435 3104 ad
463 3053 584 3103 fam.
605 3055 664 3112 8,
691 3057 755 3118 4,
777 3056 827 3104 4.
857 3080 924 3091 -
941 3056 1068 3105 Eum
1106 3056 1156 3104 in
1179 3058 1306 3121 poe-

368 3130 501 3172 mate
520 3138 612 3174 suo
638 3124 923 3185 loquentem
943 3126 1182 3174 inducere
1201 3124 1309 3174 vult

369 3190 563 3254 Cicero,
585 3192 650 3241 ad
671 3190 729 3249 Q.
758 3191 818 3245 fr.
841 3191 902 3253 3,
926 3193 974 3256 1,
1002 3195 1034 3243 7
1057 3194 1108 3255 S.
1131 3193 1216 3244 24.
1237 3223 1309 3233 --

275 3261 280 3266 '
365 3259 488 3308 Eius
518 3260 746 3325 signum,
787 3261 922 3322 quod
965 3261 1062 3311 fuit
1095 3263 1145 3309 in
1177 3260 1302 3311 Chio

369 3327 566 3392 insula,
595 3344 623 3377 a
657 3331 818 3379 Verre
859 3330 1114 3387 ablatum,
1156 3330 1304 3380 Verr.

365 3405 585 3451 accusat.
622 3400 684 3458 5,
717 3398 812 3461 72,
847 3396 963 3449 185.
986 3422 1053 3433 —-
1077 3398 1306 3463 Apollini

871 162 1137 212 APENAS
1167 181 1240 194 --
1259 155 1795 211 APOLLODORU&

1440 315 1551 366 ludi
1575 329 1605 364 a
1626 314 1678 366 G.
1701 315 1929 381 Sulpicio
1968 314 2112 366 Gallo
2141 323 2376 380 praetore

1440 399 1489 436 a.
1512 399 1563 434 u.
1587 399 1631 434 c.
1660 382 1780 434 585.
1812 385 1962 454 facti,
1994 383 2133 432 Brut.
2162 383 2230 434 20
2248 417 2265 445 ,
2286 384 2373 436 78.

1440 478 1509 488 -
1562 453 1787 515 Myronis
1851 453 2055 517 siguum
2121 451 2377 516 Apollinis

1442 520 1709 586 Agrigenti
1765 523 1819 570 in
1882 521 2177 585 Aesculapii
2238 519 2375 579 fano,

1439 591 1587 641 Verr.
1642 596 1861 642 accusat.
1914 592 1980 650 4,
2034 590 2131 650 43,
2182 587 2267 640 93.
2310 615 2379 624 —

1440 657 1627 723 Apollo
1660 658 1957 708 umbilicum
1994 665 2185 707 certum
2220 664 2381 705 terra-

1439 741 1551 776 rum
1570 727 1785 791 obtinet,
1809 727 1873 776 de
1891 727 2051 776 divin.
2072 728 2131 788 2,
2154 724 2239 785 56,
2257 726 2377 776 115.

1437 820 1507 830 -—
1538 795 1723 859 Apollo
1756 795 1967 866 Pythius
1998 795 2285 860 praecepit,
2326 800 2381 840 ut

1440 863 1591 914 homo
1612 864 1725 928 ipse
1744 867 2030 923 so'noscat,
2064 864 2127 913 de
2156 863 2296 927 legg.
2324 862 2373 921 l,

1440 931 1535 992 23,
1559 931 1646 984 61.
1667 960 1732 968 -
1763 933 1963 982 Tuscul.
1989 932 2044 995 1,
2075 933 2173 994 22,
2202 931 2287 981 52.
2311 956 2381 965 —

1440 1002 1510 1050 lb.
1560 1003 1622 1060 5,
1669 1001 1736 1052 25
1758 1038 1771 1062 ,
1826 999 1911 1050 70.
1963 1026 2032 1037 —
2083 1001 2147 1050 de
2194 998 2282 1047 fin.
2328 1000 2377 1059 5,

1444 1069 1538 1131 16,
1560 1072 1646 1121 44.
1668 1098 1732 1105 -
1756 1070 1877 1120 Eius
1897 1084 2170 1134 responsa,
2204 1069 2268 1116 de
2302 1067 2381 1115 di-

1441 1138 1544 1190 vin.
1581 1136 1638 1198 1,
1675 1139 1770 1196 19,
1804 1139 1889 1190 37.
1912 1163 1979 1174 —·
2004 1139 2079 1188 De
2115 1138 2180 1186 iis
2217 1136 2381 1185 versi-

1442 1205 1544 1256 culi
1562 1205 1802 1265 Enniani,
1822 1208 1888 1257 de
1908 1214 2036 1258 orat.
2060 1205 2086 1255 1
2104 1241 2117 1262 ,
2138 1206 2233 1262 45,
2257 1205 2376 1256 199.

1440 1275 1649 1324 —Eius
1682 1276 1939 1326 oraculum
1970 1276 2034 1325 de
2064 1273 2275 1332 Paride,
2317 1273 2381 1319 de

1442 1343 1603 1394 divin.
1646 1343 1702 1407 1,
1742 1344 1841 1408 21,
1884 1347 1972 1397 42.
2013 1369 2083 1379 —-
2120 1341 2380 1407 Apollinis

1442 1418 1644 1476 operta,
1677 1413 1739 1461 de
1769 1413 1929 1464 divin.
1959 1413 2017 1471 1,
2042 1411 2138 1473 50,
2177 1410 2295 1460 115.
2327 1409 2377 1468 2,

1444 1480 1537 1540 55,
1562 1478 1677 1531 113.
1698 1505 1766 1515 —-
1785 1488 1983 1530 veteres
2004 1479 2381 1546 praedictiones

1445 1546 1699 1614 Apollinis
1728 1550 1973 1598 contineri
2010 1549 2253 1613 putabant
2292 1560 2381 1595 va-

1442 1627 1551 1667 tum
1587 1616 1760 1677 libris,
1796 1617 1861 1666 de
1897 1617 2105 1681 harusp.
2147 1631 2285 1680 resp.
2326 1613 2379 1676 9,

1444 1686 1526 1737 18.
1551 1712 1622 1723 —
1641 1683 1908 1736 Oraculum
1931 1685 2186 1750 Apollinis
2212 1683 2381 1749 Pythii

1443 1752 1707 1820 Spartanis
1742 1755 1941 1814 datum,
1982 1755 2045 1804 de
2079 1753 2162 1805 off.
2197 1754 2261 1813 2,
2294 1753 2380 1815 22,

1443 1823 1528 1875 77.
1549 1849 1615 1858 -
1638 1823 1759 1873 Eius
1778 1823 2037 1874 oraculum
2070 1823 2132 1870 de
2150 1819 2380 1879 Socrate,

1443 1892 1507 1943 de
1525 1905 1625 1943 am.
1644 1893 1704 1953 2,
1733 1892 1782 1943 7.
1805 1891 1963 1945 Acad.
1984 1898 2117 1957 post.
2146 1890 2193 1948 1,
2220 1894 2270 1948 4,
2294 1887 2378 1939 16.

1440 1987 1509 1997 -
1530 1962 1849 2025 Responsum
1873 1962 1935 2010 ab
1966 1975 2025 2010 eo
2057 1959 2382 2009 Atheniensi·
2486 1978 2488 1989 =

1440 2030 1537 2079 bus
1583 2030 1785 2087 datum,
1820 2030 1885 2079 de
1921 2030 2023 2095 leg.
2070 2029 2131 2093 2,
2168 2027 2259 2088 16,
2291 2026 2380 2076 40.

1443 2125 1508 2133 -
1531 2098 1717 2163 Apollo
1736 2098 1915 2164 Pyrrhi
1944 2098 2258 2161 temporibus
2280 2096 2383 2143 iam
2485 2134 2486 2137 ,

1442 2181 1622 2216 versus
1653 2167 1821 2216 facere
1852 2167 2095 2225 desierat,
2128 2165 2193 2215 de
2217 2163 2378 2213 divin.

1445 2237 1504 2298 2,
1546 2234 1641 2294 56,
1687 2234 1805 2286 116.
1831 2261 1898 2273 -
1923 2232 2109 2299 Apollo
2148 2234 2383 2283 Temeni-

1443 2310 1521 2353 tes
1536 2338 1553 2365 ,
1573 2304 1737 2353 cultus
1759 2302 1974 2369 Neapoli
1994 2302 2381 2366 Syracusarum,

1444 2373 1589 2421 Verr.
1636 2380 1856 2425 accusat.
1902 2373 1970 2436 4,
2008 2369 2105 2431 53,
2157 2368 2277 2421 119.
2314 2396 2383 2405 —
2480 2416 2482 2421 .

1444 2466 1512 2476 —
1535 2440 1766 2505 Apollini
1795 2448 1844 2490 et
1867 2440 2175 2505 Aesculapio
2207 2440 2381 2488 morbo

1444 2508 1639 2558 levatus
1680 2508 1855 2559 Cicero
1905 2509 2191 2559 Terentiam
2238 2522 2385 2557 suam

1442 2579 1531 2642 pie
1550 2584 1600 2627 et
1621 2585 1759 2627 caste
1784 2579 1907 2628 satis
1929 2576 2096 2627 facere
2118 2577 2284 2636 iubet,
2320 2576 2384 2625 ad

1444 2644 1567 2697 fam.
1608 2646 1671 2697 14
1689 2682 1705 2709 ,
1745 2648 1803 2707 7,
1832 2646 1883 2698 1.
1910 2673 1981 2684 -
2006 2646 2177 2697 Gumis
2196 2643 2378 2710 Apollo

1444 2714 1682 2774 sudavit,
1704 2715 1767 2765 de
1789 2715 1949 2765 divin.
1970 2716 2005 2765 2
2020 2750 2037 2780 ,
2059 2714 2159 2778 43,
2182 2709 2271 2767 98.

1374 2781 1750 2849 Apollodorus
1764 2819 1780 2848 ,
1801 2784 2139 2834 Academicus
2156 2783 2379 2849 ignotus,

1442 2852 1673 2972 Ξοῗιαὲὶὲ
1693 2852 1911 2971 Zggonis
1940 2852 2203 2916 Epicurei,
2244 2852 2309 2901 de
2330 2865 2379 2904 n.

1372 2957 1747 3055 Apollo’dorils
1762 3025 1779 3053 ,
1815 2990 2182 3055 Agyrinensis,
2234 2988 2379 3038 Verr.

1446 3065 1667 3110 accusat.
1689 3058 1724 3107 4
1739 3094 1753 3118 ,
1774 3058 1841 3110 23
1856 3095 1869 3117 ‚
1890 3057 1975 3109 50.

1377 3125 1781 3192 Apollodorus,
1821 3125 2177 3185 Atheniensis,
2214 3140 2381 3190 gram·
2470 3116 2472 3149 ³

1448 3196 1661 3244 maticus
1679 3230 1694 3258 ,
1716 3196 1781 3245 ad
1807 3196 1909 3244 An.
1936 3194 2003 3245 12
2020 3229 2034 3254 ,
2060 3192 2127 3245 23
2142 3228 2156 3253 ,
2176 3194 2226 3242 2.

1377 3262 1749 3329 Apollodorus
1763 3300 1778 3325 ,
1814 3263 2159 3313 Cassandreae
2173 3297 2187 3319 ,
2213 3260 2378 3309 Mace-

1448 3332 1631 3382 deniae
1662 3332 1832 3397 urbis,
1858 3340 2134 3399 tyrannus,
2167 3329 2231 3379 de
2250 3344 2303 3382 n.
2328 3328 2377 3377 d.

1447 3398 1504 3465 3,
1528 3399 1594 3451 33
1608 3437 1623 3466 ,
1642 3399 1730 3453 82.
