<?xml version="1.0" encoding="UTF-8"?>
<!DOCTYPE html PUBLIC "-//W3C//DTD XHTML 1.0 Transitional//EN"
    "http://www.w3.org/TR/xhtml1/DTD/xhtml1-transitional.dtd">
<html xmlns="http://www.w3.org/1999/xhtml" xml:lang="en" lang="en">
 <head>
  <title>
</title>
<meta http-equiv="Content-Type" content="text/html;charset=utf-8" />
  <meta name='ocr-system' content='tesseract 3.04.00' />
  <meta name='ocr-capabilities' content='ocr_page ocr_carea ocr_par ocr_line ocrx_word'/>
</head>
<body>
  <div class='ocr_page' id='page_1' title='image "./scriptaquaemans04mlgoog_0138.png"; bbox 0 0 2500 3850; ppageno 0'>
   <div class='ocr_carea' id='block_1_1' title="bbox 242 185 2151 246">
    <p class='ocr_par' dir='ltr' id='par_1_1' title="bbox 242 185 2151 246">
     <span class='ocr_line' id='line_1_1' title="bbox 242 185 2151 246; baseline 0 -1"><span class='ocrx_word' id='word_1_1' title='bbox 242 185 361 246; x_wconf 88' lang='lat'><strong>132</strong></span> <span class='ocrx_word' id='word_1_2' title='bbox 408 197 517 246; x_wconf 69' lang='lat' dir='ltr'><strong>cu.</strong></span> <span class='ocrx_word' id='word_1_3' title='bbox 541 197 717 244; x_wconf 74' lang='lat' dir='ltr'><strong>nom.</strong></span> <span class='ocrx_word' id='word_1_4' title='bbox 743 196 1194 244; x_wconf 75' lang='lat' dir='ltr'><strong>ARENOBARB.</strong></span> <span class='ocrx_word' id='word_1_5' title='bbox 1218 217 1302 228; x_wconf 81' lang='lat'>—</span> <span class='ocrx_word' id='word_1_6' title='bbox 1324 198 1388 243; x_wconf 84' lang='lat' dir='ltr'><strong>L.</strong></span> <span class='ocrx_word' id='word_1_7' title='bbox 1415 197 1588 245; x_wconf 75' lang='lat' dir='ltr'><strong>non.</strong></span> <span class='ocrx_word' id='word_1_8' title='bbox 1616 196 1724 244; x_wconf 71' lang='lat' dir='ltr'><strong>cu.</strong></span> <span class='ocrx_word' id='word_1_9' title='bbox 1750 197 1814 243; x_wconf 79' lang='lat' dir='ltr'><strong>F.</strong></span> <span class='ocrx_word' id='word_1_10' title='bbox 1840 197 2151 245; x_wconf 70' lang='grc' dir='ltr'><strong>ΑΗΕΝΟΒ.</strong></span> 
     </span>
    </p>
   </div>
   <div class='ocr_carea' id='block_1_2' title="bbox 240 349 1244 1657">
    <p class='ocr_par' dir='ltr' id='par_1_2' title="bbox 301 349 1244 1105">
     <span class='ocr_line' id='line_1_2' title="bbox 303 349 1244 408; baseline -0.004 -5"><span class='ocrx_word' id='word_1_11' title='bbox 303 355 368 408; x_wconf 86' lang='lat' dir='ltr'><strong>V.</strong></span> <span class='ocrx_word' id='word_1_12' title='bbox 389 349 645 403; x_wconf 81' lang='lat' dir='ltr'><strong>Domitia</strong></span> <span class='ocrx_word' id='word_1_13' title='bbox 663 350 772 400; x_wconf 86' lang='lat' dir='ltr'><strong>lex.</strong></span> <span class='ocrx_word' id='word_1_14' title='bbox 797 377 862 388; x_wconf 91' lang='lat'><strong>--</strong></span> <span class='ocrx_word' id='word_1_15' title='bbox 883 350 972 401; x_wconf 92' lang='lat' dir='ltr'><strong>Cn.</strong></span> <span class='ocrx_word' id='word_1_16' title='bbox 994 351 1244 401; x_wconf 74' lang='lat' dir='ltr'><strong>Domitius</strong></span> 
     </span>
     <span class='ocr_line' id='line_1_3' title="bbox 302 419 1242 485; baseline -0.001 -14"><span class='ocrx_word' id='word_1_17' title='bbox 302 422 538 471; x_wconf 89' lang='lat' dir='ltr'><strong>tribunus</strong></span> <span class='ocrx_word' id='word_1_18' title='bbox 558 421 631 485; x_wconf 88' lang='lat' dir='ltr'><strong>pl.</strong></span> <span class='ocrx_word' id='word_1_19' title='bbox 657 422 792 470; x_wconf 87' lang='lat' dir='ltr'><strong>diem</strong></span> <span class='ocrx_word' id='word_1_20' title='bbox 820 419 948 468; x_wconf 84' lang='lat' dir='ltr'><strong>dixit</strong></span> <span class='ocrx_word' id='word_1_21' title='bbox 977 421 1042 469; x_wconf 90' lang='lat' dir='ltr'><strong>M.</strong></span> <span class='ocrx_word' id='word_1_22' title='bbox 1065 422 1242 470; x_wconf 86' lang='lat' dir='ltr'><strong>Aemi-</strong></span> 
     </span>
     <span class='ocr_line' id='line_1_4' title="bbox 303 488 1238 555; baseline -0.005 -15"><span class='ocrx_word' id='word_1_23' title='bbox 303 491 374 540; x_wconf 86' lang='lat' dir='ltr'><strong>lio</strong></span> <span class='ocrx_word' id='word_1_24' title='bbox 395 489 584 540; x_wconf 80' lang='lat' dir='ltr'>Scauro</span> <span class='ocrx_word' id='word_1_25' title='bbox 606 490 768 555; x_wconf 83' lang='lat' dir='ltr'><strong>patri,</strong></span> <span class='ocrx_word' id='word_1_26' title='bbox 789 504 882 553; x_wconf 89' lang='lat' dir='ltr'><strong>pro</strong></span> <span class='ocrx_word' id='word_1_27' title='bbox 903 488 1092 538; x_wconf 78' lang='lat' dir='ltr'>Scauro</span> <span class='ocrx_word' id='word_1_28' title='bbox 1119 491 1166 553; x_wconf 94' lang='lat'><strong>1,</strong></span> <span class='ocrx_word' id='word_1_29' title='bbox 1189 489 1238 537; x_wconf 83' lang='lat'><strong>2.</strong></span> 
     </span>
     <span class='ocr_line' id='line_1_5' title="bbox 301 557 1243 624; baseline -0.003 -16"><span class='ocrx_word' id='word_1_30' title='bbox 301 575 394 624; x_wconf 88' lang='lat' dir='ltr'><strong>pro</strong></span> <span class='ocrx_word' id='word_1_31' title='bbox 427 558 590 609; x_wconf 88' lang='lat' dir='ltr'><strong>Deiot.</strong></span> <span class='ocrx_word' id='word_1_32' title='bbox 618 559 708 620; x_wconf 93' lang='lat'><strong>11,</strong></span> <span class='ocrx_word' id='word_1_33' title='bbox 747 557 832 610; x_wconf 89' lang='grc'><strong>31.</strong></span> <span class='ocrx_word' id='word_1_34' title='bbox 857 581 922 594; x_wconf 86' lang='lat'><strong>—-</strong></span> <span class='ocrx_word' id='word_1_35' title='bbox 954 557 1044 608; x_wconf 88' lang='lat' dir='ltr'><strong>Cn.</strong></span> <span class='ocrx_word' id='word_1_36' title='bbox 1070 557 1243 606; x_wconf 90' lang='lat' dir='ltr'><strong>Domi-</strong></span> 
     </span>
     <span class='ocr_line' id='line_1_6' title="bbox 301 626 1242 690; baseline -0.003 -13"><span class='ocrx_word' id='word_1_37' title='bbox 301 629 406 678; x_wconf 85' lang='lat' dir='ltr'><strong>tius</strong></span> <span class='ocrx_word' id='word_1_38' title='bbox 420 665 434 688; x_wconf 92' lang='lat'><strong>,</strong></span> <span class='ocrx_word' id='word_1_39' title='bbox 455 627 514 676; x_wconf 89' lang='lat' dir='ltr'><strong>L.</strong></span> <span class='ocrx_word' id='word_1_40' title='bbox 541 627 709 676; x_wconf 86' lang='lat' dir='ltr'><strong>Crassi</strong></span> <span class='ocrx_word' id='word_1_41' title='bbox 733 628 786 676; x_wconf 90' lang='lat' dir='ltr'><strong>in</strong></span> <span class='ocrx_word' id='word_1_42' title='bbox 807 641 1022 676; x_wconf 87' lang='lat' dir='ltr'><strong>censura</strong></span> <span class='ocrx_word' id='word_1_43' title='bbox 1043 626 1242 690; x_wconf 76' lang='lat' dir='ltr'>collega</span> 
     </span>
     <span class='ocr_line' id='line_1_7' title="bbox 303 695 1240 758; baseline -0.003 -12"><span class='ocrx_word' id='word_1_44' title='bbox 303 712 354 746; x_wconf 88' lang='lat' dir='ltr'><strong>a.</strong></span> <span class='ocrx_word' id='word_1_45' title='bbox 376 713 428 746; x_wconf 90' lang='lat' dir='ltr'><strong>u.</strong></span> <span class='ocrx_word' id='word_1_46' title='bbox 454 712 499 746; x_wconf 90' lang='lat' dir='ltr'><strong>c.</strong></span> <span class='ocrx_word' id='word_1_47' title='bbox 527 695 648 748; x_wconf 88' lang='grc'><strong>662.</strong></span> <span class='ocrx_word' id='word_1_48' title='bbox 665 732 679 756; x_wconf 90' lang='grc'><strong>,</strong></span> <span class='ocrx_word' id='word_1_49' title='bbox 711 702 886 745; x_wconf 83' lang='lat' dir='ltr'><strong>contra</strong></span> <span class='ocrx_word' id='word_1_50' title='bbox 915 711 1065 758; x_wconf 91' lang='lat' dir='ltr'><strong>quem</strong></span> <span class='ocrx_word' id='word_1_51' title='bbox 1095 697 1240 747; x_wconf 87' lang='lat' dir='ltr'><strong>Cras-</strong></span> 
     </span>
     <span class='ocr_line' id='line_1_8' title="bbox 303 765 1240 825; baseline -0.001 -10"><span class='ocrx_word' id='word_1_52' title='bbox 303 780 392 815; x_wconf 89' lang='lat' dir='ltr'><strong>sus</strong></span> <span class='ocrx_word' id='word_1_53' title='bbox 419 766 599 816; x_wconf 87' lang='lat' dir='ltr'><strong>habuit</strong></span> <span class='ocrx_word' id='word_1_54' title='bbox 633 767 912 814; x_wconf 88' lang='lat' dir='ltr'><strong>orationem</strong></span> <span class='ocrx_word' id='word_1_55' title='bbox 932 802 946 825; x_wconf 93' lang='lat'><strong>,</strong></span> <span class='ocrx_word' id='word_1_56' title='bbox 978 765 1122 817; x_wconf 85' lang='lat' dir='ltr'><strong>Brut.</strong></span> <span class='ocrx_word' id='word_1_57' title='bbox 1155 765 1240 824; x_wconf 85' lang='lat'><strong>44,</strong></span> 
     </span>
     <span class='ocr_line' id='line_1_9' title="bbox 305 831 1243 894; baseline -0.003 -9"><span class='ocrx_word' id='word_1_58' title='bbox 305 833 421 885; x_wconf 83' lang='lat'><strong>164.</strong></span> <span class='ocrx_word' id='word_1_59' title='bbox 461 834 524 887; x_wconf 89' lang='lat' dir='ltr'><strong>cl.</strong></span> <span class='ocrx_word' id='word_1_60' title='bbox 549 835 611 884; x_wconf 88' lang='lat' dir='ltr'><strong>de</strong></span> <span class='ocrx_word' id='word_1_61' title='bbox 629 841 756 883; x_wconf 89' lang='lat' dir='ltr'><strong>orat.</strong></span> <span class='ocrx_word' id='word_1_62' title='bbox 780 834 844 894; x_wconf 86' lang='lat'><strong>2,</strong></span> <span class='ocrx_word' id='word_1_63' title='bbox 866 833 949 894; x_wconf 89' lang='grc'><strong>11,</strong></span> <span class='ocrx_word' id='word_1_64' title='bbox 970 833 1056 886; x_wconf 91' lang='grc'><strong>45.</strong></span> <span class='ocrx_word' id='word_1_65' title='bbox 1081 863 1152 874; x_wconf 88' lang='lat'><strong>—-</strong></span> <span class='ocrx_word' id='word_1_66' title='bbox 1170 831 1243 882; x_wconf 90' lang='lat' dir='ltr'><strong>De</strong></span> 
     </span>
     <span class='ocr_line' id='line_1_10' title="bbox 303 902 1240 965; baseline 0 -13"><span class='ocrx_word' id='word_1_67' title='bbox 303 905 416 953; x_wconf 88' lang='lat' dir='ltr'><strong>eius</strong></span> <span class='ocrx_word' id='word_1_68' title='bbox 445 903 683 953; x_wconf 75' lang='lat' dir='ltr'><strong>facultate</strong></span> <span class='ocrx_word' id='word_1_69' title='bbox 712 903 944 965; x_wconf 84' lang='lat' dir='ltr'><strong>dicendi,</strong></span> <span class='ocrx_word' id='word_1_70' title='bbox 977 903 1116 953; x_wconf 89' lang='lat' dir='ltr'>Brut.</span> <span class='ocrx_word' id='word_1_71' title='bbox 1155 902 1240 962; x_wconf 87' lang='grc'><strong>45,</strong></span> 
     </span>
     <span class='ocr_line' id='line_1_11' title="bbox 305 971 1244 1037; baseline -0.003 -16"><span class='ocrx_word' id='word_1_72' title='bbox 305 971 422 1023; x_wconf 88' lang='grc'><strong>165.</strong></span> <span class='ocrx_word' id='word_1_73' title='bbox 443 997 514 1008; x_wconf 89' lang='grc'><strong>--</strong></span> <span class='ocrx_word' id='word_1_74' title='bbox 540 972 666 1022; x_wconf 88' lang='lat' dir='ltr'><strong>Eius</strong></span> <span class='ocrx_word' id='word_1_75' title='bbox 696 972 922 1037; x_wconf 81' lang='lat' dir='ltr'><strong>gravitas</strong></span> <span class='ocrx_word' id='word_1_76' title='bbox 947 979 996 1021; x_wconf 90' lang='lat' dir='ltr'><strong>et</strong></span> <span class='ocrx_word' id='word_1_77' title='bbox 1026 972 1244 1022; x_wconf 88' lang='lat' dir='ltr'><strong>auctori-</strong></span> 
     </span>
     <span class='ocr_line' id='line_1_12' title="bbox 301 1039 968 1105; baseline 0.003 -17"><span class='ocrx_word' id='word_1_78' title='bbox 301 1049 380 1090; x_wconf 85' lang='lat' dir='ltr'><strong>tas</strong></span> <span class='ocrx_word' id='word_1_79' title='bbox 398 1078 412 1100; x_wconf 95' lang='lat'><strong>,</strong></span> <span class='ocrx_word' id='word_1_80' title='bbox 433 1042 497 1090; x_wconf 89' lang='lat' dir='ltr'><strong>de</strong></span> <span class='ocrx_word' id='word_1_81' title='bbox 519 1049 644 1092; x_wconf 86' lang='lat' dir='ltr'><strong>orat.</strong></span> <span class='ocrx_word' id='word_1_82' title='bbox 669 1041 720 1101; x_wconf 88' lang='grc'><strong>2,</strong></span> <span class='ocrx_word' id='word_1_83' title='bbox 741 1040 826 1105; x_wconf 89' lang='grc'><strong>56,</strong></span> <span class='ocrx_word' id='word_1_84' title='bbox 845 1039 968 1091; x_wconf 88' lang='grc'><strong>231.</strong></span> 
     </span>
    </p>

    <p class='ocr_par' dir='ltr' id='par_1_3' title="bbox 240 1107 1244 1657">
     <span class='ocr_line' id='line_1_13' title="bbox 240 1107 1244 1173; baseline -0.002 -15"><span class='ocrx_word' id='word_1_85' title='bbox 240 1108 334 1159; x_wconf 76' lang='lat' dir='ltr'><strong>Cn.</strong></span> <span class='ocrx_word' id='word_1_86' title='bbox 349 1107 636 1160; x_wconf 75' lang='lat' dir='ltr'><strong>Domitius</strong></span> <span class='ocrx_word' id='word_1_87' title='bbox 653 1107 1086 1173; x_wconf 72' lang='lat' dir='ltr'><strong>Ahenobarbus,</strong></span> <span class='ocrx_word' id='word_1_88' title='bbox 1105 1108 1244 1158; x_wconf 85' lang='lat' dir='ltr'><strong>filius</strong></span> 
     </span>
     <span class='ocr_line' id='line_1_14' title="bbox 297 1178 1242 1238; baseline -0.001 -11"><span class='ocrx_word' id='word_1_89' title='bbox 297 1179 357 1228; x_wconf 82' lang='lat' dir='ltr'><strong>L.</strong></span> <span class='ocrx_word' id='word_1_90' title='bbox 382 1178 585 1228; x_wconf 89' lang='lat' dir='ltr'><strong>Domitii</strong></span> <span class='ocrx_word' id='word_1_91' title='bbox 602 1178 925 1228; x_wconf 81' lang='lat' dir='ltr'><strong>Ahenobarbi</strong></span> <span class='ocrx_word' id='word_1_92' title='bbox 945 1186 994 1227; x_wconf 89' lang='lat' dir='ltr'><strong>et</strong></span> <span class='ocrx_word' id='word_1_93' title='bbox 1011 1179 1242 1238; x_wconf 79' lang='lat' dir='ltr'><strong>Porciae,</strong></span> 
     </span>
     <span class='ocr_line' id='line_1_15' title="bbox 303 1246 1239 1312; baseline -0.002 -16"><span class='ocrx_word' id='word_1_94' title='bbox 303 1246 506 1298; x_wconf 86' lang='lat' dir='ltr'><strong>Catonis</strong></span> <span class='ocrx_word' id='word_1_95' title='bbox 537 1248 756 1311; x_wconf 87' lang='lat' dir='ltr'><strong>sororis,</strong></span> <span class='ocrx_word' id='word_1_96' title='bbox 789 1247 857 1297; x_wconf 85' lang='lat' dir='ltr'><strong>ad</strong></span> <span class='ocrx_word' id='word_1_97' title='bbox 873 1247 975 1296; x_wconf 82' lang='lat' dir='ltr'><strong>Att.</strong></span> <span class='ocrx_word' id='word_1_98' title='bbox 1009 1246 1070 1312; x_wconf 87' lang='lat'><strong>9,</strong></span> <span class='ocrx_word' id='word_1_99' title='bbox 1095 1247 1154 1308; x_wconf 93' lang='lat'><strong>3,</strong></span> <span class='ocrx_word' id='word_1_100' title='bbox 1193 1246 1239 1295; x_wconf 91' lang='lat'><strong>1.</strong></span> 
     </span>
     <span class='ocr_line' id='line_1_16' title="bbox 299 1312 1242 1377; baseline -0.001 -12"><span class='ocrx_word' id='word_1_101' title='bbox 299 1317 373 1366; x_wconf 89' lang='lat' dir='ltr'><strong>Ib.</strong></span> <span class='ocrx_word' id='word_1_102' title='bbox 404 1312 465 1367; x_wconf 86' lang='lat'><strong>13</strong></span> <span class='ocrx_word' id='word_1_103' title='bbox 482 1353 496 1377; x_wconf 93' lang='lat'><strong>,</strong></span> <span class='ocrx_word' id='word_1_104' title='bbox 517 1317 613 1375; x_wconf 88' lang='grc'><strong>48,</strong></span> <span class='ocrx_word' id='word_1_105' title='bbox 643 1319 694 1368; x_wconf 89' lang='grc'><strong>2.</strong></span> <span class='ocrx_word' id='word_1_106' title='bbox 716 1341 785 1353; x_wconf 90' lang='lat'>—</span> <span class='ocrx_word' id='word_1_107' title='bbox 806 1314 897 1366; x_wconf 86' lang='lat' dir='ltr'><strong>Cn.</strong></span> <span class='ocrx_word' id='word_1_108' title='bbox 920 1315 1242 1366; x_wconf 81' lang='lat' dir='ltr'><strong>Saturninum</strong></span> 
     </span>
     <span class='ocr_line' id='line_1_17' title="bbox 303 1383 1237 1439; baseline -0.002 -4"><span class='ocrx_word' id='word_1_109' title='bbox 303 1383 676 1436; x_wconf 76' lang='lat' dir='ltr'><strong>adolescentem</strong></span> <span class='ocrx_word' id='word_1_110' title='bbox 705 1401 846 1436; x_wconf 88' lang='lat' dir='ltr'><strong>reum</strong></span> <span class='ocrx_word' id='word_1_111' title='bbox 877 1385 1000 1435; x_wconf 83' lang='lat' dir='ltr'><strong>fecit</strong></span> <span class='ocrx_word' id='word_1_112' title='bbox 1025 1401 1072 1439; x_wconf 87' lang='lat' dir='ltr'><strong>a.</strong></span> <span class='ocrx_word' id='word_1_113' title='bbox 1107 1401 1159 1439; x_wconf 86' lang='lat' dir='ltr'><strong>u.</strong></span> <span class='ocrx_word' id='word_1_114' title='bbox 1193 1401 1237 1434; x_wconf 89' lang='lat' dir='ltr'><strong>c.</strong></span> 
     </span>
     <span class='ocr_line' id='line_1_18' title="bbox 302 1453 1236 1516; baseline 0.003 -13"><span class='ocrx_word' id='word_1_115' title='bbox 302 1455 419 1506; x_wconf 87' lang='grc'><strong>704.</strong></span> <span class='ocrx_word' id='word_1_116' title='bbox 437 1493 450 1516; x_wconf 98' lang='grc'><strong>,</strong></span> <span class='ocrx_word' id='word_1_117' title='bbox 492 1455 630 1507; x_wconf 87' lang='lat' dir='ltr'><strong>Cael.</strong></span> <span class='ocrx_word' id='word_1_118' title='bbox 672 1455 740 1505; x_wconf 83' lang='lat' dir='ltr'><strong>ad</strong></span> <span class='ocrx_word' id='word_1_119' title='bbox 775 1455 897 1505; x_wconf 76' lang='lat' dir='ltr'><strong>fam.</strong></span> <span class='ocrx_word' id='word_1_120' title='bbox 941 1454 1004 1515; x_wconf 92' lang='lat'><strong>8,</strong></span> <span class='ocrx_word' id='word_1_121' title='bbox 1049 1455 1146 1516; x_wconf 88' lang='lat'><strong>14,</strong></span> <span class='ocrx_word' id='word_1_122' title='bbox 1189 1453 1236 1506; x_wconf 91' lang='lat' dir='ltr'><strong>l.</strong></span> 
     </span>
     <span class='ocr_line' id='line_1_19' title="bbox 301 1524 1240 1588; baseline -0.001 -15"><span class='ocrx_word' id='word_1_123' title='bbox 301 1525 465 1584; x_wconf 88' lang='lat' dir='ltr'><strong>Quum</strong></span> <span class='ocrx_word' id='word_1_124' title='bbox 486 1524 576 1577; x_wconf 88' lang='lat' dir='ltr'><strong>Cn.</strong></span> <span class='ocrx_word' id='word_1_125' title='bbox 599 1526 828 1588; x_wconf 89' lang='lat' dir='ltr'><strong>Pompeii</strong></span> <span class='ocrx_word' id='word_1_126' title='bbox 849 1531 1014 1573; x_wconf 87' lang='lat' dir='ltr'><strong>castra</strong></span> <span class='ocrx_word' id='word_1_127' title='bbox 1037 1531 1240 1572; x_wconf 87' lang='lat' dir='ltr'><strong>secutus</strong></span> 
     </span>
     <span class='ocr_line' id='line_1_20' title="bbox 297 1591 1240 1657; baseline 0.002 -17"><span class='ocrx_word' id='word_1_128' title='bbox 297 1593 493 1657; x_wconf 90' lang='lat' dir='ltr'><strong>proelio</strong></span> <span class='ocrx_word' id='word_1_129' title='bbox 519 1591 812 1642; x_wconf 86' lang='lat' dir='ltr'><strong>Pharsalico</strong></span> <span class='ocrx_word' id='word_1_130' title='bbox 833 1593 1174 1650; x_wconf 80' lang='lat' dir='ltr'><strong>interfuisset,</strong></span> <span class='ocrx_word' id='word_1_131' title='bbox 1208 1607 1240 1641; x_wconf 81' lang='lat' dir='ltr'><strong>a</strong></span> 
     </span>
    </p>
   </div>
   <div class='ocr_carea' id='block_1_3' title="bbox 1378 353 2335 1659">
    <p class='ocr_par' dir='ltr' id='par_1_4' title="bbox 1378 353 2335 1450">
     <span class='ocr_line' id='line_1_21' title="bbox 1385 353 2317 418; baseline 0.002 -16"><span class='ocrx_word' id='word_1_132' title='bbox 1385 353 1603 402; x_wconf 86' lang='lat' dir='ltr'><strong>sulatum</strong></span> <span class='ocrx_word' id='word_1_133' title='bbox 1642 366 1739 399; x_wconf 91' lang='lat' dir='ltr'><strong>non</strong></span> <span class='ocrx_word' id='word_1_134' title='bbox 1782 359 1975 417; x_wconf 86' lang='lat' dir='ltr'><strong>potest,</strong></span> <span class='ocrx_word' id='word_1_135' title='bbox 2015 354 2082 402; x_wconf 82' lang='lat' dir='ltr'><strong>ad</strong></span> <span class='ocrx_word' id='word_1_136' title='bbox 2124 353 2230 405; x_wconf 80' lang='lat' dir='ltr'><strong>Att.</strong></span> <span class='ocrx_word' id='word_1_137' title='bbox 2268 358 2317 418; x_wconf 79' lang='lat'><strong>4,</strong></span> 
     </span>
     <span class='ocr_line' id='line_1_22' title="bbox 1383 420 2317 482; baseline -0.001 -10"><span class='ocrx_word' id='word_1_138' title='bbox 1383 421 1501 478; x_wconf 86' lang='lat' dir='ltr'><strong>8b.,</strong></span> <span class='ocrx_word' id='word_1_139' title='bbox 1522 421 1574 473; x_wconf 95' lang='grc'><strong>2.</strong></span> <span class='ocrx_word' id='word_1_140' title='bbox 1611 421 1677 469; x_wconf 87' lang='lat' dir='ltr'><strong>ad</strong></span> <span class='ocrx_word' id='word_1_141' title='bbox 1694 421 1753 480; x_wconf 85' lang='lat' dir='ltr'><strong>Q.</strong></span> <span class='ocrx_word' id='word_1_142' title='bbox 1777 422 1840 473; x_wconf 85' lang='lat' dir='ltr'><strong>sr.</strong></span> <span class='ocrx_word' id='word_1_143' title='bbox 1864 420 1914 481; x_wconf 88' lang='lat'><strong>3,</strong></span> <span class='ocrx_word' id='word_1_144' title='bbox 1936 420 1985 482; x_wconf 87' lang='lat'><strong>1,</strong></span> <span class='ocrx_word' id='word_1_145' title='bbox 2009 421 2061 474; x_wconf 84' lang='lat'><strong>5.</strong></span> <span class='ocrx_word' id='word_1_146' title='bbox 2081 423 2133 482; x_wconf 74' lang='lat'><strong>§-</strong></span> <span class='ocrx_word' id='word_1_147' title='bbox 2158 421 2237 472; x_wconf 83' lang='lat'><strong>16.</strong></span> <span class='ocrx_word' id='word_1_148' title='bbox 2256 452 2317 462; x_wconf 80' lang='lat'><strong>—</strong></span> 
     </span>
     <span class='ocr_line' id='line_1_23' title="bbox 1380 488 2318 540; baseline 0 0"><span class='ocrx_word' id='word_1_149' title='bbox 1380 490 1601 540; x_wconf 76' lang='lat' dir='ltr'><strong>Messala</strong></span> <span class='ocrx_word' id='word_1_150' title='bbox 1635 498 1806 539; x_wconf 89' lang='lat' dir='ltr'><strong>noster</strong></span> <span class='ocrx_word' id='word_1_151' title='bbox 1842 498 1891 538; x_wconf 88' lang='lat' dir='ltr'><strong>et</strong></span> <span class='ocrx_word' id='word_1_152' title='bbox 1926 491 2036 538; x_wconf 86' lang='lat' dir='ltr'><strong>eins</strong></span> <span class='ocrx_word' id='word_1_153' title='bbox 2071 488 2318 540; x_wconf 77' lang='lat' dir='ltr'><strong>Domitius</strong></span> 
     </span>
     <span class='ocr_line' id='line_1_24' title="bbox 1382 557 2317 624; baseline 0 -16"><span class='ocrx_word' id='word_1_154' title='bbox 1382 559 1683 624; x_wconf 79' lang='lat' dir='ltr'><strong>competitor</strong></span> <span class='ocrx_word' id='word_1_155' title='bbox 1745 557 1969 607; x_wconf 89' lang='lat' dir='ltr'><strong>liberalis</strong></span> <span class='ocrx_word' id='word_1_156' title='bbox 2027 560 2080 606; x_wconf 89' lang='lat' dir='ltr'><strong>in</strong></span> <span class='ocrx_word' id='word_1_157' title='bbox 2130 561 2317 624; x_wconf 87' lang='lat' dir='ltr'><strong>populo</strong></span> 
     </span>
     <span class='ocr_line' id='line_1_25' title="bbox 1381 627 2317 690; baseline -0.001 -13"><span class='ocrx_word' id='word_1_158' title='bbox 1381 627 1531 678; x_wconf 85' lang='lat' dir='ltr'><strong>valde</strong></span> <span class='ocrx_word' id='word_1_159' title='bbox 1552 627 1673 687; x_wconf 83' lang='lat' dir='ltr'><strong>i&#39;uit,</strong></span> <span class='ocrx_word' id='word_1_160' title='bbox 1694 629 1759 677; x_wconf 89' lang='lat' dir='ltr'><strong>ad</strong></span> <span class='ocrx_word' id='word_1_161' title='bbox 1778 629 1880 679; x_wconf 71' lang='lat' dir='ltr'><strong>Ati.</strong></span> <span class='ocrx_word' id='word_1_162' title='bbox 1903 629 1955 688; x_wconf 88' lang='grc'><strong>4,</strong></span> <span class='ocrx_word' id='word_1_163' title='bbox 1979 627 2064 690; x_wconf 77' lang='grc'><strong>16,</strong></span> <span class='ocrx_word' id='word_1_164' title='bbox 2086 627 2138 676; x_wconf 90' lang='grc'><strong>6.</strong></span> <span class='ocrx_word' id='word_1_165' title='bbox 2160 656 2230 664; x_wconf 89' lang='grc'><strong>-</strong></span> <span class='ocrx_word' id='word_1_166' title='bbox 2250 629 2317 676; x_wconf 89' lang='lat' dir='ltr'><strong>De</strong></span> 
     </span>
     <span class='ocr_line' id='line_1_26' title="bbox 1382 693 2315 757; baseline -0.004 -10"><span class='ocrx_word' id='word_1_167' title='bbox 1382 697 1577 747; x_wconf 87' lang='lat' dir='ltr'><strong>ambitu</strong></span> <span class='ocrx_word' id='word_1_168' title='bbox 1606 704 1875 746; x_wconf 86' lang='lat' dir='ltr'><strong>accusatus</strong></span> <span class='ocrx_word' id='word_1_169' title='bbox 1908 709 1937 742; x_wconf 85' lang='lat' dir='ltr'><strong>a</strong></span> <span class='ocrx_word' id='word_1_170' title='bbox 1967 693 2021 742; x_wconf 85' lang='lat' dir='ltr'><strong>C.</strong></span> <span class='ocrx_word' id='word_1_171' title='bbox 2067 695 2315 757; x_wconf 74' lang='lat' dir='ltr'><strong>Memmio,</strong></span> 
     </span>
     <span class='ocr_line' id='line_1_27' title="bbox 1383 761 2315 827; baseline -0.004 -12"><span class='ocrx_word' id='word_1_172' title='bbox 1383 766 1461 815; x_wconf 92' lang='lat' dir='ltr'><strong>Ib.</strong></span> <span class='ocrx_word' id='word_1_173' title='bbox 1485 769 1535 822; x_wconf 82' lang='lat'><strong>4,</strong></span> <span class='ocrx_word' id='word_1_174' title='bbox 1562 763 1645 824; x_wconf 88' lang='grc'><strong>16,</strong></span> <span class='ocrx_word' id='word_1_175' title='bbox 1670 765 1715 816; x_wconf 92' lang='grc'><strong>8.</strong></span> <span class='ocrx_word' id='word_1_176' title='bbox 1759 764 1826 813; x_wconf 87' lang='lat' dir='ltr'><strong>ad</strong></span> <span class='ocrx_word' id='word_1_177' title='bbox 1845 765 1904 822; x_wconf 90' lang='lat' dir='ltr'><strong>Q.</strong></span> <span class='ocrx_word' id='word_1_178' title='bbox 1931 763 1993 811; x_wconf 79' lang='lat' dir='ltr'><strong>fr.</strong></span> <span class='ocrx_word' id='word_1_179' title='bbox 2014 761 2066 822; x_wconf 88' lang='lat'><strong>3,</strong></span> <span class='ocrx_word' id='word_1_180' title='bbox 2086 765 2137 827; x_wconf 85' lang='lat'><strong>2,</strong></span> <span class='ocrx_word' id='word_1_181' title='bbox 2166 763 2219 816; x_wconf 87' lang='grc'><strong>3.</strong></span> <span class='ocrx_word' id='word_1_182' title='bbox 2250 767 2315 813; x_wconf 70' lang='lat' dir='ltr'><strong>Ih.</strong></span> 
     </span>
     <span class='ocr_line' id='line_1_28' title="bbox 1382 832 2317 898; baseline -0.003 -14"><span class='ocrx_word' id='word_1_183' title='bbox 1382 833 1433 895; x_wconf 89' lang='lat'><strong>3,</strong></span> <span class='ocrx_word' id='word_1_184' title='bbox 1454 834 1505 898; x_wconf 88' lang='lat'><strong>8,</strong></span> <span class='ocrx_word' id='word_1_185' title='bbox 1525 834 1577 885; x_wconf 90' lang='lat'><strong>3.</strong></span> <span class='ocrx_word' id='word_1_186' title='bbox 1598 857 1669 868; x_wconf 81' lang='grc'><strong>--·</strong></span> <span class='ocrx_word' id='word_1_187' title='bbox 1684 832 1833 882; x_wconf 88' lang='lat' dir='ltr'><strong>Valet</strong></span> <span class='ocrx_word' id='word_1_188' title='bbox 1851 832 2047 893; x_wconf 85' lang='lat' dir='ltr'><strong>amicis,</strong></span> <span class='ocrx_word' id='word_1_189' title='bbox 2072 832 2141 884; x_wconf 88' lang='lat' dir='ltr'><strong>lb.</strong></span> <span class='ocrx_word' id='word_1_190' title='bbox 2165 836 2218 896; x_wconf 88' lang='lat'><strong>4,</strong></span> <span class='ocrx_word' id='word_1_191' title='bbox 2243 835 2317 892; x_wconf 78' lang='lat'><strong>17,</strong></span> 
     </span>
     <span class='ocr_line' id='line_1_29' title="bbox 1380 901 2317 968; baseline -0.004 -15"><span class='ocrx_word' id='word_1_192' title='bbox 1380 903 1436 953; x_wconf 91' lang='grc'><strong>2.</strong></span> <span class='ocrx_word' id='word_1_193' title='bbox 1457 929 1527 939; x_wconf 96' lang='grc'>-</span> <span class='ocrx_word' id='word_1_194' title='bbox 1544 903 1667 950; x_wconf 88' lang='lat' dir='ltr'><strong>Eius</strong></span> <span class='ocrx_word' id='word_1_195' title='bbox 1684 901 1852 968; x_wconf 83' lang='lat' dir='ltr'><strong>pactio</strong></span> <span class='ocrx_word' id='word_1_196' title='bbox 1873 916 1985 949; x_wconf 86' lang='lat' dir='ltr'><strong>cum</strong></span> <span class='ocrx_word' id='word_1_197' title='bbox 2008 901 2317 963; x_wconf 74' lang='lat' dir='ltr'><strong>consulibuS,</strong></span> 
     </span>
     <span class='ocr_line' id='line_1_30' title="bbox 1382 969 2335 1035; baseline -0.005 -14"><span class='ocrx_word' id='word_1_198' title='bbox 1382 973 1457 1024; x_wconf 92' lang='lat' dir='ltr'><strong>Ib.</strong></span> <span class='ocrx_word' id='word_1_199' title='bbox 1479 974 1545 1035; x_wconf 88' lang='lat'><strong>4,</strong></span> <span class='ocrx_word' id='word_1_200' title='bbox 1586 969 1680 1029; x_wconf 88' lang='lat'><strong>18,</strong></span> <span class='ocrx_word' id='word_1_201' title='bbox 1714 973 1762 1023; x_wconf 85' lang='lat'><strong>2.</strong></span> <span class='ocrx_word' id='word_1_202' title='bbox 1782 999 1851 1008; x_wconf 91' lang='lat'>—</span> <span class='ocrx_word' id='word_1_203' title='bbox 1874 970 2004 1018; x_wconf 79' lang='lat' dir='ltr'><strong>Petit</strong></span> <span class='ocrx_word' id='word_1_204' title='bbox 2027 985 2143 1018; x_wconf 87' lang='lat' dir='ltr'><strong>cum</strong></span> <span class='ocrx_word' id='word_1_205' title='bbox 2169 971 2335 1020; x_wconf 83' lang='lat' dir='ltr'><strong>Mem-.</strong></span> 
     </span>
     <span class='ocr_line' id='line_1_31' title="bbox 1382 1039 2315 1098; baseline 0.001 -8"><span class='ocrx_word' id='word_1_206' title='bbox 1382 1041 1486 1090; x_wconf 92' lang='lat' dir='ltr'><strong>mio</strong></span> <span class='ocrx_word' id='word_1_207' title='bbox 1505 1039 1821 1088; x_wconf 88' lang='lat' dir='ltr'><strong>consulatum</strong></span> <span class='ocrx_word' id='word_1_208' title='bbox 1843 1053 1890 1088; x_wconf 85' lang='lat' dir='ltr'><strong>a.</strong></span> <span class='ocrx_word' id='word_1_209' title='bbox 1913 1055 1966 1087; x_wconf 91' lang='grc' dir='ltr'><strong>ιι.</strong></span> <span class='ocrx_word' id='word_1_210' title='bbox 1986 1055 2029 1090; x_wconf 90' lang='lat' dir='ltr'><strong>c.</strong></span> <span class='ocrx_word' id='word_1_211' title='bbox 2062 1039 2186 1090; x_wconf 90' lang='grc'><strong>700.</strong></span> <span class='ocrx_word' id='word_1_212' title='bbox 2204 1077 2217 1098; x_wconf 96' lang='grc'><strong>,</strong></span> <span class='ocrx_word' id='word_1_213' title='bbox 2248 1041 2315 1092; x_wconf 90' lang='lat' dir='ltr'><strong>lb.</strong></span> 
     </span>
     <span class='ocr_line' id='line_1_32' title="bbox 1382 1106 2317 1172; baseline -0.001 -13"><span class='ocrx_word' id='word_1_214' title='bbox 1382 1112 1445 1170; x_wconf 88' lang='grc'><strong>4,</strong></span> <span class='ocrx_word' id='word_1_215' title='bbox 1468 1109 1564 1172; x_wconf 87' lang='lat'><strong>15,</strong></span> <span class='ocrx_word' id='word_1_216' title='bbox 1589 1109 1639 1162; x_wconf 86' lang='lat'><strong>7.</strong></span> <span class='ocrx_word' id='word_1_217' title='bbox 1664 1136 1729 1144; x_wconf 91' lang='lat'>—</span> <span class='ocrx_word' id='word_1_218' title='bbox 1756 1109 1845 1158; x_wconf 88' lang='lat' dir='ltr'><strong>Cn.</strong></span> <span class='ocrx_word' id='word_1_219' title='bbox 1870 1106 2122 1156; x_wconf 85' lang='lat' dir='ltr'><strong>Domitius</strong></span> <span class='ocrx_word' id='word_1_220' title='bbox 2154 1109 2317 1158; x_wconf 74' lang='lat' dir='ltr'><strong>decre·</strong></span> 
     </span>
     <span class='ocr_line' id='line_1_33' title="bbox 1381 1177 2319 1243; baseline -0.002 -16"><span class='ocrx_word' id='word_1_221' title='bbox 1381 1179 1456 1227; x_wconf 86' lang='lat' dir='ltr'><strong>vit</strong></span> <span class='ocrx_word' id='word_1_222' title='bbox 1492 1178 1891 1243; x_wconf 75' lang='lat' dir='ltr'><strong>supplicatio-es</strong></span> <span class='ocrx_word' id='word_1_223' title='bbox 1923 1192 1985 1240; x_wconf 56' lang='lat' dir='ltr'><strong>a„</strong></span> <span class='ocrx_word' id='word_1_224' title='bbox 2009 1193 2062 1226; x_wconf 88' lang='lat' dir='ltr'><strong>u.</strong></span> <span class='ocrx_word' id='word_1_225' title='bbox 2109 1194 2150 1226; x_wconf 90' lang='lat' dir='ltr'><strong>c.</strong></span> <span class='ocrx_word' id='word_1_226' title='bbox 2188 1177 2319 1236; x_wconf 64' lang='lat'><strong>704„</strong></span> 
     </span>
     <span class='ocr_line' id='line_1_34' title="bbox 1385 1245 2320 1308; baseline -0.001 -11"><span class='ocrx_word' id='word_1_227' title='bbox 1385 1246 1523 1298; x_wconf 83' lang='lat' dir='ltr'><strong>Cael.</strong></span> <span class='ocrx_word' id='word_1_228' title='bbox 1546 1246 1612 1296; x_wconf 86' lang='lat' dir='ltr'><strong>ad</strong></span> <span class='ocrx_word' id='word_1_229' title='bbox 1631 1247 1753 1299; x_wconf 85' lang='lat' dir='ltr'><strong>fam.</strong></span> <span class='ocrx_word' id='word_1_230' title='bbox 1777 1246 1827 1306; x_wconf 87' lang='lat'><strong>8,</strong></span> <span class='ocrx_word' id='word_1_231' title='bbox 1856 1245 1936 1308; x_wconf 91' lang='lat'><strong>11,</strong></span> <span class='ocrx_word' id='word_1_232' title='bbox 1958 1247 2009 1294; x_wconf 86' lang='lat'><strong>2.</strong></span> <span class='ocrx_word' id='word_1_233' title='bbox 2028 1273 2084 1282; x_wconf 88' lang='lat'><strong>-—-</strong></span> <span class='ocrx_word' id='word_1_234' title='bbox 2118 1246 2181 1294; x_wconf 83' lang='lat' dir='ltr'><strong>Ei</strong></span> <span class='ocrx_word' id='word_1_235' title='bbox 2200 1247 2320 1296; x_wconf 79' lang='lat' dir='ltr'><strong>ulte·</strong></span> 
     </span>
     <span class='ocr_line' id='line_1_35' title="bbox 1381 1314 2321 1366; baseline -0.002 0"><span class='ocrx_word' id='word_1_236' title='bbox 1381 1317 1615 1366; x_wconf 86' lang='lat' dir='ltr'><strong>teriorem</strong></span> <span class='ocrx_word' id='word_1_237' title='bbox 1665 1314 1883 1366; x_wconf 81' lang='lat' dir='ltr'><strong>Galliam</strong></span> <span class='ocrx_word' id='word_1_238' title='bbox 1920 1316 2227 1364; x_wconf 76' lang='lat' dir='ltr'><strong>traditurum</strong></span> <span class='ocrx_word' id='word_1_239' title='bbox 2271 1332 2321 1364; x_wconf 88' lang='lat' dir='ltr'><strong>se</strong></span> 
     </span>
     <span class='ocr_line' id='line_1_36' title="bbox 1378 1383 2319 1450; baseline 0.002 -16"><span class='ocrx_word' id='word_1_240' title='bbox 1378 1385 1713 1450; x_wconf 81' lang='lat' dir='ltr'><strong>pollicebatur</strong></span> <span class='ocrx_word' id='word_1_241' title='bbox 1748 1383 1933 1433; x_wconf 89' lang='lat' dir='ltr'><strong>Caesar</strong></span> <span class='ocrx_word' id='word_1_242' title='bbox 1961 1400 2008 1432; x_wconf 83' lang='lat' dir='ltr'><strong>a.</strong></span> <span class='ocrx_word' id='word_1_243' title='bbox 2032 1400 2087 1436; x_wconf 91' lang='grc' dir='ltr'><strong>ιι.</strong></span> <span class='ocrx_word' id='word_1_244' title='bbox 2111 1401 2156 1432; x_wconf 82' lang='lat' dir='ltr'><strong>c.</strong></span> <span class='ocrx_word' id='word_1_245' title='bbox 2185 1385 2319 1444; x_wconf 88' lang='grc'><strong>705,</strong></span> 
     </span>
    </p>

    <p class='ocr_par' dir='ltr' id='par_1_5' title="bbox 1380 1452 2320 1659">
     <span class='ocr_line' id='line_1_37' title="bbox 1382 1452 2319 1520; baseline -0.004 -16"><span class='ocrx_word' id='word_1_246' title='bbox 1382 1456 1446 1504; x_wconf 87' lang='lat' dir='ltr'><strong>ad</strong></span> <span class='ocrx_word' id='word_1_247' title='bbox 1469 1455 1589 1504; x_wconf 81' lang='lat' dir='ltr'><strong>fam.</strong></span> <span class='ocrx_word' id='word_1_248' title='bbox 1618 1453 1696 1512; x_wconf 89' lang='grc'><strong>16,</strong></span> <span class='ocrx_word' id='word_1_249' title='bbox 1714 1454 1794 1513; x_wconf 92' lang='grc'><strong>12,</strong></span> <span class='ocrx_word' id='word_1_250' title='bbox 1810 1452 1863 1503; x_wconf 89' lang='lat'><strong>3.</strong></span> <span class='ocrx_word' id='word_1_251' title='bbox 1877 1452 2319 1520; x_wconf 81' lang='lat' dir='ltr'><strong>-Postpugnam</strong></span> 
     </span>
     <span class='ocr_line' id='line_1_38' title="bbox 1380 1519 2320 1572; baseline 0 0"><span class='ocrx_word' id='word_1_252' title='bbox 1380 1519 1725 1572; x_wconf 79' lang='lat' dir='ltr'><strong>Pharsalicam</strong></span> <span class='ocrx_word' id='word_1_253' title='bbox 1744 1523 2014 1572; x_wconf 77' lang='lat' dir='ltr'><strong>Deiotarus</strong></span> <span class='ocrx_word' id='word_1_254' title='bbox 2042 1525 2320 1572; x_wconf 82' lang='lat' dir='ltr'><strong>exercitum</strong></span> 
     </span>
     <span class='ocr_line' id='line_1_39' title="bbox 1384 1592 2320 1659; baseline -0.003 -17"><span class='ocrx_word' id='word_1_255' title='bbox 1384 1593 1473 1644; x_wconf 91' lang='lat' dir='ltr'><strong>Cn.</strong></span> <span class='ocrx_word' id='word_1_256' title='bbox 1512 1592 1720 1642; x_wconf 88' lang='lat' dir='ltr'><strong>Domitii</strong></span> <span class='ocrx_word' id='word_1_257' title='bbox 1760 1593 1867 1644; x_wconf 84' lang='lat' dir='ltr'><strong>suis</strong></span> <span class='ocrx_word' id='word_1_258' title='bbox 1900 1593 2047 1640; x_wconf 79' lang='lat' dir='ltr'><strong>tectis</strong></span> <span class='ocrx_word' id='word_1_259' title='bbox 2078 1599 2128 1642; x_wconf 88' lang='lat' dir='ltr'><strong>et</strong></span> <span class='ocrx_word' id='word_1_260' title='bbox 2162 1595 2320 1659; x_wconf 87' lang='lat' dir='ltr'><strong>copiis</strong></span> 
     </span>
    </p>
   </div>
   <div class='ocr_carea' id='block_1_4' title="bbox 303 1660 2321 1726">
    <p class='ocr_par' dir='ltr' id='par_1_6' title="bbox 303 1660 2321 1726">
     <span class='ocr_line' id='line_1_40' title="bbox 303 1660 2321 1726; baseline 0.001 -14"><span class='ocrx_word' id='word_1_261' title='bbox 303 1662 521 1712; x_wconf 78' lang='lat' dir='ltr'><strong>Caesare</strong></span> <span class='ocrx_word' id='word_1_262' title='bbox 551 1663 751 1711; x_wconf 85' lang='lat' dir='ltr'><strong>veniam</strong></span> <span class='ocrx_word' id='word_1_263' title='bbox 784 1661 1032 1711; x_wconf 87' lang='lat' dir='ltr'><strong>redeundi</strong></span> <span class='ocrx_word' id='word_1_264' title='bbox 1064 1661 1114 1710; x_wconf 89' lang='lat' dir='ltr'><strong>in</strong></span> <span class='ocrx_word' id='word_1_265' title='bbox 1147 1675 1240 1726; x_wconf 87' lang='lat' dir='ltr'><strong>pa·</strong></span> <span class='ocrx_word' id='word_1_266' title='bbox 1382 1663 1706 1721; x_wconf 87' lang='lat' dir='ltr'><strong>sustentavit,</strong></span> <span class='ocrx_word' id='word_1_267' title='bbox 1736 1675 1831 1725; x_wconf 86' lang='lat' dir='ltr'><strong>Pro</strong></span> <span class='ocrx_word' id='word_1_268' title='bbox 1850 1660 2016 1710; x_wconf 90' lang='lat' dir='ltr'><strong>Deiot.</strong></span> <span class='ocrx_word' id='word_1_269' title='bbox 2053 1661 2117 1720; x_wconf 88' lang='grc'><strong>5,</strong></span> <span class='ocrx_word' id='word_1_270' title='bbox 2146 1661 2234 1714; x_wconf 87' lang='grc'><strong>14.</strong></span> <span class='ocrx_word' id='word_1_271' title='bbox 2258 1687 2321 1697; x_wconf 92' lang='grc'>-</span> 
     </span>
    </p>
   </div>
   <div class='ocr_carea' id='block_1_5' title="bbox 198 1729 2318 3105">
    <p class='ocr_par' dir='ltr' id='par_1_7' title="bbox 198 1729 2318 3105">
     <span class='ocr_line' id='line_1_41' title="bbox 297 1729 2316 1796; baseline -0 -18"><span class='ocrx_word' id='word_1_272' title='bbox 297 1731 449 1778; x_wconf 87' lang='lat' dir='ltr'><strong>triam</strong></span> <span class='ocrx_word' id='word_1_273' title='bbox 466 1729 776 1792; x_wconf 83' lang='lat' dir='ltr'><strong>impetravit.</strong></span> <span class='ocrx_word' id='word_1_274' title='bbox 800 1731 883 1779; x_wconf 89' lang='lat' dir='ltr'><strong>Ad</strong></span> <span class='ocrx_word' id='word_1_275' title='bbox 904 1745 1019 1780; x_wconf 89' lang='lat' dir='ltr'><strong>eum</strong></span> <span class='ocrx_word' id='word_1_276' title='bbox 1038 1731 1240 1795; x_wconf 86' lang='lat' dir='ltr'><strong>scripsit</strong></span> <span class='ocrx_word' id='word_1_277' title='bbox 1379 1729 1669 1795; x_wconf 75' lang='lat' dir='ltr'><strong>Naufragio·</strong></span> <span class='ocrx_word' id='word_1_278' title='bbox 1688 1731 1883 1796; x_wconf 89' lang='lat' dir='ltr'><strong>perisse</strong></span> <span class='ocrx_word' id='word_1_279' title='bbox 1912 1729 2203 1790; x_wconf 79' lang='lat' dir='ltr'><strong>dicebatur,</strong></span> <span class='ocrx_word' id='word_1_280' title='bbox 2248 1731 2316 1778; x_wconf 89' lang='lat' dir='ltr'><strong>Ib.</strong></span> 
     </span>
     <span class='ocr_line' id='line_1_42' title="bbox 301 1797 1875 1862; baseline 0.003 -16"><span class='ocrx_word' id='word_1_281' title='bbox 301 1798 476 1848; x_wconf 88' lang='lat' dir='ltr'><strong>Cicero</strong></span> <span class='ocrx_word' id='word_1_282' title='bbox 508 1798 575 1846; x_wconf 86' lang='lat' dir='ltr'><strong>ad</strong></span> <span class='ocrx_word' id='word_1_283' title='bbox 595 1797 716 1852; x_wconf 77' lang='lat' dir='ltr'><strong>fam.</strong></span> <span class='ocrx_word' id='word_1_284' title='bbox 735 1797 800 1858; x_wconf 80' lang='lat'><strong>6,</strong></span> <span class='ocrx_word' id='word_1_285' title='bbox 825 1799 910 1848; x_wconf 87' lang='grc'><strong>22.</strong></span> <span class='ocrx_word' id='word_1_286' title='bbox 938 1825 1002 1834; x_wconf 94' lang='grc'><strong>--</strong></span> <span class='ocrx_word' id='word_1_287' title='bbox 1027 1799 1116 1847; x_wconf 91' lang='lat' dir='ltr'><strong>Cn.</strong></span> <span class='ocrx_word' id='word_1_288' title='bbox 1137 1799 1239 1848; x_wconf 85' lang='lat' dir='ltr'><strong>Do·</strong></span> <span class='ocrx_word' id='word_1_289' title='bbox 1379 1799 1429 1860; x_wconf 94' lang='grc'><strong>9,</strong></span> <span class='ocrx_word' id='word_1_290' title='bbox 1459 1798 1543 1852; x_wconf 88' lang='grc'><strong>25.</strong></span> <span class='ocrx_word' id='word_1_291' title='bbox 1582 1801 1655 1852; x_wconf 89' lang='lat' dir='ltr'><strong>Ib.</strong></span> <span class='ocrx_word' id='word_1_292' title='bbox 1683 1799 1763 1862; x_wconf 92' lang='grc'><strong>11,</strong></span> <span class='ocrx_word' id='word_1_293' title='bbox 1789 1798 1875 1851; x_wconf 85' lang='grc'><strong>32.</strong></span> 
     </span>
     <span class='ocr_line' id='line_1_43' title="bbox 297 1863 2316 1933; baseline 0 -17"><span class='ocrx_word' id='word_1_294' title='bbox 297 1867 498 1916; x_wconf 87' lang='lat' dir='ltr'><strong>mitium</strong></span> <span class='ocrx_word' id='word_1_295' title='bbox 517 1866 678 1932; x_wconf 88' lang='lat' dir='ltr'><strong>patris</strong></span> <span class='ocrx_word' id='word_1_296' title='bbox 709 1867 968 1927; x_wconf 86' lang='lat' dir='ltr'><strong>interitus,</strong></span> <span class='ocrx_word' id='word_1_297' title='bbox 1003 1867 1240 1916; x_wconf 87' lang='lat' dir='ltr'><strong>avunculi</strong></span> <span class='ocrx_word' id='word_1_298' title='bbox 1312 1866 1410 1918; x_wconf 86' lang='lat' dir='ltr'><strong>Cn.</strong></span> <span class='ocrx_word' id='word_1_299' title='bbox 1449 1865 1735 1918; x_wconf 81' lang='lat' dir='ltr'><strong>Domitius</strong></span> <span class='ocrx_word' id='word_1_300' title='bbox 1775 1863 2033 1917; x_wconf 77' lang='lat' dir='ltr'><strong>Sincaius</strong></span> <span class='ocrx_word' id='word_1_301' title='bbox 2054 1903 2069 1931; x_wconf 92' lang='lat'><strong>,</strong></span> <span class='ocrx_word' id='word_1_302' title='bbox 2110 1867 2316 1933; x_wconf 83' lang='lat' dir='ltr'><strong>Sardus,</strong></span> 
     </span>
     <span class='ocr_line' id='line_1_44' title="bbox 300 1934 2318 2003; baseline 0 -17"><span class='ocrx_word' id='word_1_303' title='bbox 300 1934 818 2002; x_wconf 73' lang='lat' dir='ltr'><strong>(CatonisUt&#39;icensis)</strong></span> <span class='ocrx_word' id='word_1_304' title='bbox 829 1952 983 2000; x_wconf 88' lang='lat' dir='ltr'><strong>mors,</strong></span> <span class='ocrx_word' id='word_1_305' title='bbox 999 1937 1236 2003; x_wconf 88' lang='lat' dir='ltr'><strong>spoliatio</strong></span> <span class='ocrx_word' id='word_1_306' title='bbox 1377 1939 1565 2003; x_wconf 89' lang='lat' dir='ltr'><strong>hospes</strong></span> <span class='ocrx_word' id='word_1_307' title='bbox 1593 1946 1641 1987; x_wconf 86' lang='lat' dir='ltr'><strong>et</strong></span> <span class='ocrx_word' id='word_1_308' title='bbox 1668 1938 1938 1987; x_wconf 81' lang='lat' dir='ltr'><strong>familiaris</strong></span> <span class='ocrx_word' id='word_1_309' title='bbox 1974 1936 2265 1997; x_wconf 87' lang='lat' dir='ltr'><strong>Ciceronis,</strong></span> <span class='ocrx_word' id='word_1_310' title='bbox 2291 1954 2318 1987; x_wconf 86' lang='lat' dir='ltr'><strong>a</strong></span> 
     </span>
     <span class='ocr_line' id='line_1_45' title="bbox 299 2006 2318 2072; baseline 0 -17"><span class='ocrx_word' id='word_1_311' title='bbox 299 2006 562 2071; x_wconf 82' lang='lat' dir='ltr'><strong>dignitatis</strong></span> <span class='ocrx_word' id='word_1_312' title='bbox 583 2008 649 2057; x_wconf 89' lang='lat' dir='ltr'><strong>ad</strong></span> <span class='ocrx_word' id='word_1_313' title='bbox 667 2008 1064 2072; x_wconf 83' lang='lat' dir='ltr'><strong>recuperandam</strong></span> <span class='ocrx_word' id='word_1_314' title='bbox 1085 2006 1239 2057; x_wconf 89' lang='lat' dir='ltr'><strong>liber-</strong></span> <span class='ocrx_word' id='word_1_315' title='bbox 1377 2008 1617 2071; x_wconf 90' lang='lat' dir='ltr'><strong>Pompeio</strong></span> <span class='ocrx_word' id='word_1_316' title='bbox 1654 2007 1733 2057; x_wconf 65' lang='lat' dir='ltr'><strong>cit</strong></span> <span class='ocrx_word' id='word_1_317' title='bbox 1736 2008 1855 2057; x_wconf 86' lang='lat' dir='ltr'><strong>itate</strong></span> <span class='ocrx_word' id='word_1_318' title='bbox 1891 2006 2125 2058; x_wconf 80' lang='lat' dir='ltr'><strong>Romana</strong></span> <span class='ocrx_word' id='word_1_319' title='bbox 2164 2008 2318 2057; x_wconf 83' lang='lat' dir='ltr'><strong>dona-</strong></span> 
     </span>
     <span class='ocr_line' id='line_1_46' title="bbox 293 2074 2008 2142; baseline 0.001 -19"><span class='ocrx_word' id='word_1_320' title='bbox 293 2082 452 2124; x_wconf 83' lang='lat' dir='ltr'><strong>tatem</strong></span> <span class='ocrx_word' id='word_1_321' title='bbox 481 2077 754 2138; x_wconf 86' lang='lat' dir='ltr'><strong>excitavit,</strong></span> <span class='ocrx_word' id='word_1_322' title='bbox 794 2076 1016 2142; x_wconf 89' lang='lat' dir='ltr'><strong>Philipp.</strong></span> <span class='ocrx_word' id='word_1_323' title='bbox 1047 2077 1107 2138; x_wconf 92' lang='grc'><strong>2,</strong></span> <span class='ocrx_word' id='word_1_324' title='bbox 1154 2076 1235 2135; x_wconf 85' lang='grc'><strong>11,</strong></span> <span class='ocrx_word' id='word_1_325' title='bbox 1378 2084 1489 2135; x_wconf 76' lang='lat' dir='ltr'><strong>tuS,</strong></span> <span class='ocrx_word' id='word_1_326' title='bbox 1512 2090 1607 2140; x_wconf 88' lang='lat' dir='ltr'><strong>pro</strong></span> <span class='ocrx_word' id='word_1_327' title='bbox 1635 2075 1893 2139; x_wconf 79' lang='lat' dir='ltr'><strong>Scauro2‚</strong></span> <span class='ocrx_word' id='word_1_328' title='bbox 1920 2074 2008 2129; x_wconf 84' lang='lat'><strong>43.</strong></span> 
     </span>
     <span class='ocr_line' id='line_1_47' title="bbox 297 2141 2317 2210; baseline 0.001 -19"><span class='ocrx_word' id='word_1_329' title='bbox 297 2144 384 2195; x_wconf 90' lang='grc'><strong>27.</strong></span> <span class='ocrx_word' id='word_1_330' title='bbox 401 2144 767 2207; x_wconf 89' lang='lat' dir='ltr'><strong>—Equitatum</strong></span> <span class='ocrx_word' id='word_1_331' title='bbox 786 2147 838 2194; x_wconf 87' lang='lat' dir='ltr'><strong>in</strong></span> <span class='ocrx_word' id='word_1_332' title='bbox 857 2145 1153 2194; x_wconf 85' lang='lat' dir='ltr'><strong>Macedonia</strong></span> <span class='ocrx_word' id='word_1_333' title='bbox 1173 2146 1238 2195; x_wconf 89' lang='lat' dir='ltr'><strong>ab</strong></span> <span class='ocrx_word' id='word_1_334' title='bbox 1310 2141 1372 2193; x_wconf 83' lang='lat' dir='ltr'><strong>L.</strong></span> <span class='ocrx_word' id='word_1_335' title='bbox 1407 2142 1705 2195; x_wconf 80' lang='lat' dir='ltr'><strong>Domitius</strong></span> <span class='ocrx_word' id='word_1_336' title='bbox 1720 2143 2135 2195; x_wconf 79' lang='lat' dir='ltr'><strong>Ahenobarbus</strong></span> <span class='ocrx_word' id='word_1_337' title='bbox 2170 2160 2317 2210; x_wconf 84' lang='lat' dir='ltr'><strong>prae-</strong></span> 
     </span>
     <span class='ocr_line' id='line_1_48' title="bbox 295 2206 2313 2279; baseline 0.002 -19"><span class='ocrx_word' id='word_1_338' title='bbox 295 2212 462 2276; x_wconf 83' lang='lat' dir='ltr'><strong>legato</strong></span> <span class='ocrx_word' id='word_1_339' title='bbox 505 2212 715 2278; x_wconf 78' lang='lat' dir='ltr'><strong>Syriaco</strong></span> <span class='ocrx_word' id='word_1_340' title='bbox 754 2214 964 2264; x_wconf 86' lang='lat' dir='ltr'><strong>abduxit</strong></span> <span class='ocrx_word' id='word_1_341' title='bbox 1001 2228 1048 2263; x_wconf 86' lang='lat' dir='ltr'><strong>a.</strong></span> <span class='ocrx_word' id='word_1_342' title='bbox 1090 2229 1141 2268; x_wconf 88' lang='grc' dir='ltr'><strong>ιι.</strong></span> <span class='ocrx_word' id='word_1_343' title='bbox 1187 2228 1233 2267; x_wconf 89' lang='lat' dir='ltr'><strong>c.</strong></span> <span class='ocrx_word' id='word_1_344' title='bbox 1379 2222 1456 2264; x_wconf 89' lang='lat' dir='ltr'><strong>tor</strong></span> <span class='ocrx_word' id='word_1_345' title='bbox 1494 2214 1545 2261; x_wconf 90' lang='lat' dir='ltr'><strong>in</strong></span> <span class='ocrx_word' id='word_1_346' title='bbox 1574 2206 1750 2263; x_wconf 77' lang='lat' dir='ltr'><strong>Sicilia</strong></span> <span class='ocrx_word' id='word_1_347' title='bbox 1784 2222 1901 2279; x_wconf 85' lang='lat' dir='ltr'><strong>post</strong></span> <span class='ocrx_word' id='word_1_348' title='bbox 1932 2216 2201 2263; x_wconf 85' lang='lat' dir='ltr'><strong>decessum</strong></span> <span class='ocrx_word' id='word_1_349' title='bbox 2236 2216 2313 2263; x_wconf 83' lang='grc' dir='ltr'><strong>Μ’.</strong></span> 
     </span>
     <span class='ocr_line' id='line_1_49' title="bbox 296 2280 2316 2347; baseline 0 -17"><span class='ocrx_word' id='word_1_350' title='bbox 296 2280 416 2335; x_wconf 89' lang='grc'><strong>711</strong></span> <span class='ocrx_word' id='word_1_351' title='bbox 433 2281 692 2347; x_wconf 56' lang='lat' dir='ltr'><strong>,Philipp</strong></span> <span class='ocrx_word' id='word_1_352' title='bbox 715 2282 796 2341; x_wconf 92' lang='grc'><strong>10,</strong></span> <span class='ocrx_word' id='word_1_353' title='bbox 817 2282 868 2342; x_wconf 89' lang='grc'><strong>6,</strong></span> <span class='ocrx_word' id='word_1_354' title='bbox 891 2282 976 2335; x_wconf 87' lang='grc'><strong>13.</strong></span> <span class='ocrx_word' id='word_1_355' title='bbox 1008 2280 1238 2331; x_wconf 87' lang='lat' dir='ltr'><strong>Comme·</strong></span> <span class='ocrx_word' id='word_1_356' title='bbox 1382 2282 1645 2345; x_wconf 88' lang='lat' dir='ltr'><strong>Aquiliia.</strong></span> <span class='ocrx_word' id='word_1_357' title='bbox 1670 2299 1722 2331; x_wconf 89' lang='lat' dir='ltr'><strong>u.</strong></span> <span class='ocrx_word' id='word_1_358' title='bbox 1746 2299 1787 2336; x_wconf 87' lang='lat' dir='ltr'><strong>c.</strong></span> <span class='ocrx_word' id='word_1_359' title='bbox 1808 2282 1927 2333; x_wconf 89' lang='grc'><strong>656.</strong></span> <span class='ocrx_word' id='word_1_360' title='bbox 1942 2282 2187 2331; x_wconf 88' lang='lat' dir='ltr'><strong>—Nimia</strong></span> <span class='ocrx_word' id='word_1_361' title='bbox 2207 2284 2316 2332; x_wconf 85' lang='lat' dir='ltr'><strong>eius</strong></span> 
     </span>
     <span class='ocr_line' id='line_1_50' title="bbox 295 2350 2283 2417; baseline 0.001 -18"><span class='ocrx_word' id='word_1_362' title='bbox 295 2358 518 2401; x_wconf 86' lang='lat' dir='ltr'><strong>moratur</strong></span> <span class='ocrx_word' id='word_1_363' title='bbox 537 2351 601 2401; x_wconf 87' lang='lat' dir='ltr'><strong>ad</strong></span> <span class='ocrx_word' id='word_1_364' title='bbox 617 2353 722 2402; x_wconf 75' lang='lat' dir='ltr'><strong>Au.</strong></span> <span class='ocrx_word' id='word_1_365' title='bbox 740 2352 823 2415; x_wconf 88' lang='grc'><strong>16,</strong></span> <span class='ocrx_word' id='word_1_366' title='bbox 843 2353 892 2409; x_wconf 84' lang='grc'><strong>4,</strong></span> <span class='ocrx_word' id='word_1_367' title='bbox 913 2353 964 2405; x_wconf 90' lang='grc'><strong>4.</strong></span> <span class='ocrx_word' id='word_1_368' title='bbox 980 2352 1152 2417; x_wconf 82' lang='lat' dir='ltr'><strong>-Ep.</strong></span> <span class='ocrx_word' id='word_1_369' title='bbox 1171 2352 1238 2401; x_wconf 90' lang='lat' dir='ltr'><strong>ad</strong></span> <span class='ocrx_word' id='word_1_370' title='bbox 1378 2352 1623 2401; x_wconf 80' lang='lat' dir='ltr'><strong>severitas</strong></span> <span class='ocrx_word' id='word_1_371' title='bbox 1637 2388 1651 2412; x_wconf 92' lang='lat'>‚</span> <span class='ocrx_word' id='word_1_372' title='bbox 1674 2350 1821 2402; x_wconf 90' lang='lat' dir='ltr'><strong>Verr.</strong></span> <span class='ocrx_word' id='word_1_373' title='bbox 1840 2358 2063 2403; x_wconf 80' lang='lat' dir='ltr'><strong>accusat.</strong></span> <span class='ocrx_word' id='word_1_374' title='bbox 2084 2350 2137 2415; x_wconf 82' lang='lat'><strong>5,</strong></span> <span class='ocrx_word' id='word_1_375' title='bbox 2160 2350 2214 2412; x_wconf 88' lang='lat'><strong>3,</strong></span> <span class='ocrx_word' id='word_1_376' title='bbox 2237 2352 2283 2401; x_wconf 91' lang='grc'><strong>7.</strong></span> 
     </span>
     <span class='ocr_line' id='line_1_51' title="bbox 294 2388 2313 2483; baseline 0 -15"><span class='ocrx_word' id='word_1_377' title='bbox 294 2418 432 2471; x_wconf 89' lang='lat' dir='ltr'><strong>Brut.</strong></span> <span class='ocrx_word' id='word_1_378' title='bbox 459 2420 504 2479; x_wconf 91' lang='lat'><strong>1,</strong></span> <span class='ocrx_word' id='word_1_379' title='bbox 527 2422 578 2471; x_wconf 88' lang='grc'><strong>5.</strong></span> <span class='ocrx_word' id='word_1_380' title='bbox 619 2422 693 2471; x_wconf 87' lang='lat' dir='ltr'><strong>Ib.</strong></span> <span class='ocrx_word' id='word_1_381' title='bbox 720 2422 766 2474; x_wconf 84' lang='lat'><strong>1.</strong></span> <span class='ocrx_word' id='word_1_382' title='bbox 788 2388 837 2471; x_wconf 93' lang='grc'><strong>7.</strong></span> <span class='ocrx_word' id='word_1_383' title='bbox 883 2423 928 2483; x_wconf 89' lang='grc'><strong>1,</strong></span> <span class='ocrx_word' id='word_1_384' title='bbox 955 2423 1040 2471; x_wconf 90' lang='grc'><strong>14.</strong></span> <span class='ocrx_word' id='word_1_385' title='bbox 1308 2418 1371 2469; x_wconf 85' lang='lat' dir='ltr'><strong>L.</strong></span> <span class='ocrx_word' id='word_1_386' title='bbox 1393 2418 1866 2471; x_wconf 84' lang='lat' dir='ltr'><strong>Domitiuan.F.</strong></span> <span class='ocrx_word' id='word_1_387' title='bbox 1882 2419 2313 2483; x_wconf 79' lang='lat' dir='ltr'><strong>Ahenobarbus,</strong></span> 
     </span>
     <span class='ocr_line' id='line_1_52' title="bbox 228 2458 2314 2551; baseline 0 -15"><span class='ocrx_word' id='word_1_388' title='bbox 228 2484 326 2537; x_wconf 82' lang='lat' dir='ltr'><strong>Gn.</strong></span> <span class='ocrx_word' id='word_1_389' title='bbox 347 2458 634 2541; x_wconf 82' lang='lat' dir='ltr'><strong>Domitius</strong></span> <span class='ocrx_word' id='word_1_390' title='bbox 671 2488 969 2551; x_wconf 73' lang='lat' dir='ltr'><strong>Calvinus,</strong></span> <span class='ocrx_word' id='word_1_391' title='bbox 1003 2490 1234 2539; x_wconf 85' lang='lat' dir='ltr'><strong>tribunus</strong></span> <span class='ocrx_word' id='word_1_392' title='bbox 1377 2505 1483 2539; x_wconf 77' lang='lat' dir='ltr'><strong>cos·</strong></span> <span class='ocrx_word' id='word_1_393' title='bbox 1507 2504 1554 2539; x_wconf 86' lang='lat' dir='ltr'><strong>a.</strong></span> <span class='ocrx_word' id='word_1_394' title='bbox 1577 2506 1629 2539; x_wconf 91' lang='lat' dir='ltr'><strong>u.</strong></span> <span class='ocrx_word' id='word_1_395' title='bbox 1668 2506 1710 2539; x_wconf 88' lang='lat' dir='ltr'><strong>c.</strong></span> <span class='ocrx_word' id='word_1_396' title='bbox 1740 2490 1862 2543; x_wconf 83' lang='lat'><strong>684.</strong></span> <span class='ocrx_word' id='word_1_397' title='bbox 1896 2490 2211 2539; x_wconf 81' lang='lat' dir='ltr'><strong>Adolescens</strong></span> <span class='ocrx_word' id='word_1_398' title='bbox 2242 2496 2314 2537; x_wconf 82' lang='lat' dir='ltr'><strong>te-</strong></span> 
     </span>
     <span class='ocr_line' id='line_1_53' title="bbox 294 2557 1235 2621; baseline 0.001 -15"><span class='ocrx_word' id='word_1_399' title='bbox 294 2557 364 2621; x_wconf 88' lang='lat' dir='ltr'><strong>pl.</strong></span> <span class='ocrx_word' id='word_1_400' title='bbox 387 2574 434 2608; x_wconf 86' lang='lat' dir='ltr'><strong>a.</strong></span> <span class='ocrx_word' id='word_1_401' title='bbox 455 2575 509 2608; x_wconf 89' lang='lat' dir='ltr'><strong>u.</strong></span> <span class='ocrx_word' id='word_1_402' title='bbox 534 2576 577 2607; x_wconf 89' lang='lat' dir='ltr'><strong>c.</strong></span> <span class='ocrx_word' id='word_1_403' title='bbox 601 2558 719 2610; x_wconf 86' lang='lat'><strong>695.</strong></span> <span class='ocrx_word' id='word_1_404' title='bbox 755 2560 876 2608; x_wconf 88' lang='lat' dir='ltr'><strong>Eius</strong></span> <span class='ocrx_word' id='word_1_405' title='bbox 895 2559 1096 2608; x_wconf 87' lang='lat' dir='ltr'><strong>animus</strong></span> <span class='ocrx_word' id='word_1_406' title='bbox 1117 2574 1235 2609; x_wconf 91' lang='lat' dir='ltr'><strong>con-</strong></span> 
     </span>
     <span class='ocr_line' id='line_1_54' title="bbox 295 2628 1236 2691; baseline 0 -16"><span class='ocrx_word' id='word_1_407' title='bbox 295 2633 434 2677; x_wconf 87' lang='lat' dir='ltr'><strong>stans</strong></span> <span class='ocrx_word' id='word_1_408' title='bbox 461 2638 509 2677; x_wconf 90' lang='lat' dir='ltr'><strong>et</strong></span> <span class='ocrx_word' id='word_1_409' title='bbox 541 2628 778 2691; x_wconf 83' lang='lat' dir='ltr'><strong>egregius</strong></span> <span class='ocrx_word' id='word_1_410' title='bbox 809 2630 859 2676; x_wconf 86' lang='lat' dir='ltr'><strong>in</strong></span> <span class='ocrx_word' id='word_1_411' title='bbox 893 2629 1149 2677; x_wconf 88' lang='lat' dir='ltr'><strong>tribunatu</strong></span> <span class='ocrx_word' id='word_1_412' title='bbox 1181 2628 1236 2677; x_wconf 90' lang='lat' dir='ltr'><strong>in</strong></span> 
     </span>
     <span class='ocr_line' id='line_1_55' title="bbox 198 2694 1235 2762; baseline 0.006 -22"><span class='ocrx_word' id='word_1_413' title='bbox 198 2757 202 2762; x_wconf 92' lang='lat'><strong>.</strong></span> <span class='ocrx_word' id='word_1_414' title='bbox 297 2708 451 2744; x_wconf 87' lang='lat' dir='ltr'><strong>causa</strong></span> <span class='ocrx_word' id='word_1_415' title='bbox 473 2694 569 2743; x_wconf 81' lang='lat' dir='ltr'><strong>fuit</strong></span> <span class='ocrx_word' id='word_1_416' title='bbox 585 2732 601 2756; x_wconf 94' lang='lat'><strong>,</strong></span> <span class='ocrx_word' id='word_1_417' title='bbox 630 2704 686 2743; x_wconf 87' lang='lat' dir='ltr'><strong>ut</strong></span> <span class='ocrx_word' id='word_1_418' title='bbox 711 2706 891 2759; x_wconf 80' lang='lat' dir='ltr'><strong>postea</strong></span> <span class='ocrx_word' id='word_1_419' title='bbox 923 2706 1127 2760; x_wconf 81' lang='lat' dir='ltr'><strong>praetor</strong></span> <span class='ocrx_word' id='word_1_420' title='bbox 1145 2696 1235 2746; x_wconf 86' lang='lat' dir='ltr'><strong>fle-</strong></span> 
     </span>
     <span class='ocr_line' id='line_1_56' title="bbox 292 2761 1234 2826; baseline 0.007 -18"><span class='ocrx_word' id='word_1_421' title='bbox 292 2769 395 2821; x_wconf 88' lang='lat' dir='ltr'><strong>ret,</strong></span> <span class='ocrx_word' id='word_1_422' title='bbox 415 2776 509 2826; x_wconf 89' lang='lat' dir='ltr'><strong>pro</strong></span> <span class='ocrx_word' id='word_1_423' title='bbox 531 2761 661 2813; x_wconf 87' lang='lat' dir='ltr'><strong>Sest.</strong></span> <span class='ocrx_word' id='word_1_424' title='bbox 681 2763 770 2823; x_wconf 82' lang='lat'><strong>53,</strong></span> <span class='ocrx_word' id='word_1_425' title='bbox 794 2764 910 2815; x_wconf 87' lang='lat'><strong>113.</strong></span> <span class='ocrx_word' id='word_1_426' title='bbox 929 2790 998 2801; x_wconf 83' lang='lat'><strong>-—-</strong></span> <span class='ocrx_word' id='word_1_427' title='bbox 1019 2764 1107 2815; x_wconf 90' lang='lat' dir='ltr'><strong>Cn.</strong></span> <span class='ocrx_word' id='word_1_428' title='bbox 1129 2766 1234 2815; x_wconf 92' lang='lat' dir='ltr'><strong>Do-</strong></span> 
     </span>
     <span class='ocr_line' id='line_1_57' title="bbox 294 2830 1233 2896; baseline 0.006 -19"><span class='ocrx_word' id='word_1_429' title='bbox 294 2830 496 2889; x_wconf 87' lang='lat' dir='ltr'><strong>mitius,</strong></span> <span class='ocrx_word' id='word_1_430' title='bbox 527 2840 732 2896; x_wconf 87' lang='lat' dir='ltr'><strong>praetor</strong></span> <span class='ocrx_word' id='word_1_431' title='bbox 761 2847 807 2882; x_wconf 88' lang='lat' dir='ltr'><strong>a.</strong></span> <span class='ocrx_word' id='word_1_432' title='bbox 838 2848 890 2885; x_wconf 84' lang='grc' dir='ltr'><strong>ιι.</strong></span> <span class='ocrx_word' id='word_1_433' title='bbox 926 2849 972 2883; x_wconf 91' lang='lat' dir='ltr'><strong>c.</strong></span> <span class='ocrx_word' id='word_1_434' title='bbox 997 2832 1117 2887; x_wconf 87' lang='grc'><strong>698.</strong></span> <span class='ocrx_word' id='word_1_435' title='bbox 1156 2835 1233 2883; x_wconf 86' lang='lat' dir='ltr'><strong>iu-</strong></span> 
     </span>
     <span class='ocr_line' id='line_1_58' title="bbox 293 2898 1230 2965; baseline 0.007 -19"><span class='ocrx_word' id='word_1_436' title='bbox 293 2898 424 2949; x_wconf 89' lang='lat' dir='ltr'><strong>dicio</strong></span> <span class='ocrx_word' id='word_1_437' title='bbox 448 2899 510 2949; x_wconf 88' lang='lat' dir='ltr'><strong>de</strong></span> <span class='ocrx_word' id='word_1_438' title='bbox 533 2899 600 2951; x_wconf 91' lang='lat' dir='ltr'><strong>M.</strong></span> <span class='ocrx_word' id='word_1_439' title='bbox 625 2899 794 2949; x_wconf 88' lang='lat' dir='ltr'><strong>Caelio</strong></span> <span class='ocrx_word' id='word_1_440' title='bbox 813 2902 1062 2965; x_wconf 81' lang='lat' dir='ltr'><strong>praefuit,</strong></span> <span class='ocrx_word' id='word_1_441' title='bbox 1085 2904 1150 2952; x_wconf 87' lang='lat' dir='ltr'><strong>ad</strong></span> <span class='ocrx_word' id='word_1_442' title='bbox 1173 2902 1230 2961; x_wconf 86' lang='lat' dir='ltr'><strong>Q.</strong></span> 
     </span>
     <span class='ocr_line' id='line_1_59' title="bbox 291 2966 1228 3035; baseline 0.004 -18"><span class='ocrx_word' id='word_1_443' title='bbox 291 2966 355 3017; x_wconf 85' lang='lat' dir='ltr'><strong>fr.</strong></span> <span class='ocrx_word' id='word_1_444' title='bbox 377 2968 438 3034; x_wconf 91' lang='grc'><strong>2,</strong></span> <span class='ocrx_word' id='word_1_445' title='bbox 465 2968 525 3018; x_wconf 93' lang='grc'><strong>11</strong></span> <span class='ocrx_word' id='word_1_446' title='bbox 549 2966 698 3033; x_wconf 88' lang='grc'><strong>(13),</strong></span> <span class='ocrx_word' id='word_1_447' title='bbox 719 2970 770 3019; x_wconf 92' lang='grc'><strong>2.</strong></span> <span class='ocrx_word' id='word_1_448' title='bbox 807 2970 869 3019; x_wconf 89' lang='lat' dir='ltr'><strong>cl.</strong></span> <span class='ocrx_word' id='word_1_449' title='bbox 894 2972 962 3021; x_wconf 89' lang='lat' dir='ltr'><strong>ib.</strong></span> <span class='ocrx_word' id='word_1_450' title='bbox 985 2972 1050 3032; x_wconf 88' lang='grc'><strong>2,</strong></span> <span class='ocrx_word' id='word_1_451' title='bbox 1082 2971 1145 3035; x_wconf 95' lang='grc'><strong>3,</strong></span> <span class='ocrx_word' id='word_1_452' title='bbox 1177 2971 1228 3023; x_wconf 92' lang='grc'><strong>6.</strong></span> 
     </span>
     <span class='ocr_line' id='line_1_60' title="bbox 291 3037 1231 3105; baseline 0.007 -22"><span class='ocrx_word' id='word_1_453' title='bbox 291 3051 380 3100; x_wconf 92' lang='lat' dir='ltr'><strong>pro</strong></span> <span class='ocrx_word' id='word_1_454' title='bbox 415 3038 548 3089; x_wconf 88' lang='lat' dir='ltr'><strong>Cael.</strong></span> <span class='ocrx_word' id='word_1_455' title='bbox 580 3037 674 3101; x_wconf 85' lang='lat'><strong>13,</strong></span> <span class='ocrx_word' id='word_1_456' title='bbox 712 3037 798 3089; x_wconf 84' lang='lat'><strong>32.</strong></span> <span class='ocrx_word' id='word_1_457' title='bbox 831 3066 894 3075; x_wconf 92' lang='lat'>-</span> <span class='ocrx_word' id='word_1_458' title='bbox 925 3040 1081 3105; x_wconf 84' lang='lat' dir='ltr'><strong>Apud</strong></span> <span class='ocrx_word' id='word_1_459' title='bbox 1114 3056 1231 3090; x_wconf 87' lang='lat' dir='ltr'><strong>eum</strong></span> 
     </span>
    </p>
   </div>
   <div class='ocr_carea' id='block_1_6' title="bbox 285 2558 2313 3520">
    <p class='ocr_par' dir='ltr' id='par_1_8' title="bbox 285 2558 2313 3520">
     <span class='ocr_line' id='line_1_61' title="bbox 1376 2558 2309 2618; baseline -0.003 -11"><span class='ocrx_word' id='word_1_460' title='bbox 1376 2559 1469 2607; x_wconf 88' lang='lat' dir='ltr'><strong>stis</strong></span> <span class='ocrx_word' id='word_1_461' title='bbox 1490 2558 1587 2608; x_wconf 83' lang='lat' dir='ltr'><strong>i&#39;uit</strong></span> <span class='ocrx_word' id='word_1_462' title='bbox 1604 2560 1655 2607; x_wconf 88' lang='lat' dir='ltr'><strong>in</strong></span> <span class='ocrx_word' id='word_1_463' title='bbox 1676 2573 1831 2608; x_wconf 86' lang='lat' dir='ltr'><strong>causa</strong></span> <span class='ocrx_word' id='word_1_464' title='bbox 1859 2558 1912 2607; x_wconf 90' lang='lat' dir='ltr'><strong>C.</strong></span> <span class='ocrx_word' id='word_1_465' title='bbox 1937 2559 2113 2607; x_wconf 85' lang='lat' dir='ltr'><strong>Verris</strong></span> <span class='ocrx_word' id='word_1_466' title='bbox 2128 2596 2143 2618; x_wconf 92' lang='lat'><strong>,</strong></span> <span class='ocrx_word' id='word_1_467' title='bbox 2164 2559 2309 2607; x_wconf 83' lang='lat' dir='ltr'><strong>Verr.</strong></span> 
     </span>
     <span class='ocr_line' id='line_1_62' title="bbox 1376 2626 2313 2687; baseline 0.001 -12"><span class='ocrx_word' id='word_1_468' title='bbox 1376 2634 1598 2677; x_wconf 85' lang='lat' dir='ltr'><strong>accusat.</strong></span> <span class='ocrx_word' id='word_1_469' title='bbox 1632 2628 1659 2677; x_wconf 92' lang='lat'>1</span> <span class='ocrx_word' id='word_1_470' title='bbox 1678 2663 1690 2685; x_wconf 91' lang='lat'><strong>,</strong></span> <span class='ocrx_word' id='word_1_471' title='bbox 1718 2627 1786 2679; x_wconf 89' lang='grc'><strong>53</strong></span> <span class='ocrx_word' id='word_1_472' title='bbox 1807 2665 1819 2687; x_wconf 92' lang='grc'><strong>,</strong></span> <span class='ocrx_word' id='word_1_473' title='bbox 1856 2626 1972 2679; x_wconf 87' lang='grc'><strong>139.</strong></span> <span class='ocrx_word' id='word_1_474' title='bbox 2002 2654 2073 2665; x_wconf 89' lang='grc'><strong>-</strong></span> <span class='ocrx_word' id='word_1_475' title='bbox 2104 2626 2313 2677; x_wconf 76' lang='lat' dir='ltr'><strong>Catonis</strong></span> 
     </span>
     <span class='ocr_line' id='line_1_63' title="bbox 1374 2696 2312 2761; baseline 0 -16"><span class='ocrx_word' id='word_1_476' title='bbox 1374 2711 1599 2747; x_wconf 82' lang='lat' dir='ltr'><strong>sororem</strong></span> <span class='ocrx_word' id='word_1_477' title='bbox 1635 2696 1853 2761; x_wconf 84' lang='lat' dir='ltr'><strong>habebat</strong></span> <span class='ocrx_word' id='word_1_478' title='bbox 1890 2698 1938 2746; x_wconf 90' lang='lat' dir='ltr'><strong>in</strong></span> <span class='ocrx_word' id='word_1_479' title='bbox 1974 2697 2312 2754; x_wconf 86' lang='lat' dir='ltr'><strong>matrimonio,</strong></span> 
     </span>
     <span class='ocr_line' id='line_1_64' title="bbox 1364 2764 2310 2827; baseline 0 -13"><span class='ocrx_word' id='word_1_480' title='bbox 1364 2767 1442 2815; x_wconf 74' lang='lat' dir='ltr'><strong>ad</strong></span> <span class='ocrx_word' id='word_1_481' title='bbox 1459 2766 1566 2819; x_wconf 84' lang='lat' dir='ltr'><strong>Att.</strong></span> <span class='ocrx_word' id='word_1_482' title='bbox 1594 2766 1620 2815; x_wconf 93' lang='lat'>1</span> <span class='ocrx_word' id='word_1_483' title='bbox 1639 2802 1653 2826; x_wconf 91' lang='lat'>‚</span> <span class='ocrx_word' id='word_1_484' title='bbox 1679 2764 1771 2827; x_wconf 89' lang='grc'><strong>16,</strong></span> <span class='ocrx_word' id='word_1_485' title='bbox 1793 2766 1877 2819; x_wconf 90' lang='grc'><strong>12.</strong></span> <span class='ocrx_word' id='word_1_486' title='bbox 1918 2765 1983 2816; x_wconf 87' lang='lat' dir='ltr'><strong>cl.</strong></span> <span class='ocrx_word' id='word_1_487' title='bbox 2008 2766 2080 2815; x_wconf 89' lang='lat' dir='ltr'><strong>ib.</strong></span> <span class='ocrx_word' id='word_1_488' title='bbox 2108 2765 2203 2827; x_wconf 85' lang='lat'><strong>13,</strong></span> <span class='ocrx_word' id='word_1_489' title='bbox 2225 2764 2310 2824; x_wconf 83' lang='lat'><strong>37,</strong></span> 
     </span>
     <span class='ocr_line' id='line_1_65' title="bbox 1374 2832 2312 2886; baseline -0.001 -3"><span class='ocrx_word' id='word_1_490' title='bbox 1374 2832 1423 2883; x_wconf 88' lang='lat'><strong>3.</strong></span> <span class='ocrx_word' id='word_1_491' title='bbox 1448 2862 1513 2870; x_wconf 96' lang='lat'><strong>—</strong></span> <span class='ocrx_word' id='word_1_492' title='bbox 1534 2836 1587 2883; x_wconf 92' lang='lat' dir='ltr'><strong>In</strong></span> <span class='ocrx_word' id='word_1_493' title='bbox 1610 2850 1669 2883; x_wconf 91' lang='lat' dir='ltr'><strong>eo</strong></span> <span class='ocrx_word' id='word_1_494' title='bbox 1689 2848 1789 2884; x_wconf 91' lang='lat' dir='ltr'><strong>uno</strong></span> <span class='ocrx_word' id='word_1_495' title='bbox 1810 2832 2031 2885; x_wconf 82' lang='lat' dir='ltr'><strong>maxime</strong></span> <span class='ocrx_word' id='word_1_496' title='bbox 2056 2834 2312 2886; x_wconf 84' lang='lat' dir='ltr'><strong>Ciceronis</strong></span> 
     </span>
     <span class='ocr_line' id='line_1_66' title="bbox 1373 2904 2308 2967; baseline 0.001 -16"><span class='ocrx_word' id='word_1_497' title='bbox 1373 2904 1553 2967; x_wconf 87' lang='lat' dir='ltr'><strong>petitio</strong></span> <span class='ocrx_word' id='word_1_498' title='bbox 1582 2904 1874 2955; x_wconf 79' lang='lat' dir='ltr'><strong>consulatus</strong></span> <span class='ocrx_word' id='word_1_499' title='bbox 1906 2905 2162 2954; x_wconf 82' lang='lat' dir='ltr'><strong>nitebatur</strong></span> <span class='ocrx_word' id='word_1_500' title='bbox 2184 2920 2232 2954; x_wconf 87' lang='lat' dir='ltr'><strong>a.</strong></span> <span class='ocrx_word' id='word_1_501' title='bbox 2260 2920 2308 2952; x_wconf 86' lang='lat' dir='ltr'><strong>u.</strong></span> 
     </span>
     <span class='ocr_line' id='line_1_67' title="bbox 1374 2971 2307 3035; baseline 0.001 -14"><span class='ocrx_word' id='word_1_502' title='bbox 1374 2988 1420 3023; x_wconf 84' lang='lat' dir='ltr'><strong>c.</strong></span> <span class='ocrx_word' id='word_1_503' title='bbox 1456 2971 1606 3034; x_wconf 60' lang='lat'>689„</span> <span class='ocrx_word' id='word_1_504' title='bbox 1628 2975 1691 3023; x_wconf 77' lang='lat' dir='ltr'><strong>ad</strong></span> <span class='ocrx_word' id='word_1_505' title='bbox 1714 2974 1901 3035; x_wconf 81' lang='lat' dir='ltr'><strong>Att.1,</strong></span> <span class='ocrx_word' id='word_1_506' title='bbox 1930 2974 1986 3035; x_wconf 88' lang='lat' dir='ltr'><strong>l,</strong></span> <span class='ocrx_word' id='word_1_507' title='bbox 2008 2975 2060 3023; x_wconf 91' lang='grc'><strong>4.</strong></span> <span class='ocrx_word' id='word_1_508' title='bbox 2082 3000 2149 3010; x_wconf 89' lang='lat'><strong>--</strong></span> <span class='ocrx_word' id='word_1_509' title='bbox 2172 2974 2235 3021; x_wconf 86' lang='lat' dir='ltr'><strong>A.</strong></span> <span class='ocrx_word' id='word_1_510' title='bbox 2259 2990 2307 3022; x_wconf 87' lang='grc' dir='ltr'><strong>ιι.</strong></span> 
     </span>
     <span class='ocr_line' id='line_1_68' title="bbox 1374 3040 2310 3094; baseline 0 -4"><span class='ocrx_word' id='word_1_511' title='bbox 1374 3056 1418 3091; x_wconf 88' lang='lat' dir='ltr'><strong>c.</strong></span> <span class='ocrx_word' id='word_1_512' title='bbox 1436 3040 1558 3094; x_wconf 89' lang='grc'><strong>695.</strong></span> <span class='ocrx_word' id='word_1_513' title='bbox 1582 3057 1613 3091; x_wconf 89' lang='lat' dir='ltr'><strong>a</strong></span> <span class='ocrx_word' id='word_1_514' title='bbox 1630 3043 1797 3093; x_wconf 87' lang='lat' dir='ltr'><strong>Vettio</strong></span> <span class='ocrx_word' id='word_1_515' title='bbox 1821 3043 1985 3093; x_wconf 85' lang='lat' dir='ltr'><strong>indice</strong></span> <span class='ocrx_word' id='word_1_516' title='bbox 2006 3043 2310 3092; x_wconf 84' lang='lat' dir='ltr'><strong>coniuratio-</strong></span> 
     </span>
     <span class='ocr_line' id='line_1_69' title="bbox 1370 3110 2310 3175; baseline 0.001 -17"><span class='ocrx_word' id='word_1_517' title='bbox 1370 3111 1450 3165; x_wconf 86' lang='lat' dir='ltr'><strong>nis</strong></span> <span class='ocrx_word' id='word_1_518' title='bbox 1472 3112 1523 3159; x_wconf 91' lang='lat' dir='ltr'><strong>in</strong></span> <span class='ocrx_word' id='word_1_519' title='bbox 1544 3111 1838 3175; x_wconf 87' lang='lat' dir='ltr'><strong>Pompeium</strong></span> <span class='ocrx_word' id='word_1_520' title='bbox 1868 3110 2218 3173; x_wconf 81' lang='lat' dir='ltr'><strong>insimulatuS,</strong></span> <span class='ocrx_word' id='word_1_521' title='bbox 2244 3112 2310 3159; x_wconf 87' lang='lat' dir='ltr'><strong>ad</strong></span> 
     </span>
     <span class='ocr_line' id='line_1_70' title="bbox 1370 3180 2311 3243; baseline -0.003 -14"><span class='ocrx_word' id='word_1_522' title='bbox 1370 3180 1477 3232; x_wconf 85' lang='lat' dir='ltr'><strong>Att.</strong></span> <span class='ocrx_word' id='word_1_523' title='bbox 1500 3180 1549 3240; x_wconf 89' lang='grc'><strong>2,</strong></span> <span class='ocrx_word' id='word_1_524' title='bbox 1574 3182 1658 3242; x_wconf 85' lang='grc'><strong>24,</strong></span> <span class='ocrx_word' id='word_1_525' title='bbox 1679 3180 1729 3232; x_wconf 93' lang='grc'><strong>3.</strong></span> <span class='ocrx_word' id='word_1_526' title='bbox 1770 3182 1844 3231; x_wconf 87' lang='lat' dir='ltr'><strong>lb.</strong></span> <span class='ocrx_word' id='word_1_527' title='bbox 1869 3180 1919 3243; x_wconf 88' lang='grc'><strong>3,</strong></span> <span class='ocrx_word' id='word_1_528' title='bbox 1944 3181 2027 3241; x_wconf 87' lang='grc'><strong>15,</strong></span> <span class='ocrx_word' id='word_1_529' title='bbox 2046 3180 2099 3231; x_wconf 91' lang='grc'><strong>6.</strong></span> <span class='ocrx_word' id='word_1_530' title='bbox 2120 3209 2191 3220; x_wconf 86' lang='lat'><em>-</em></span> <span class='ocrx_word' id='word_1_531' title='bbox 2211 3181 2311 3227; x_wconf 87' lang='lat' dir='ltr'><strong>Ini-</strong></span> 
     </span>
     <span class='ocr_line' id='line_1_71' title="bbox 287 3244 2307 3313; baseline 0.003 -23"><span class='ocrx_word' id='word_1_532' title='bbox 287 3258 339 3292; x_wconf 90' lang='lat' dir='ltr'><strong>u.</strong></span> <span class='ocrx_word' id='word_1_533' title='bbox 369 3260 412 3297; x_wconf 87' lang='lat' dir='ltr'><strong>c.</strong></span> <span class='ocrx_word' id='word_1_534' title='bbox 440 3244 557 3298; x_wconf 92' lang='grc'><strong>700.</strong></span> <span class='ocrx_word' id='word_1_535' title='bbox 599 3244 866 3297; x_wconf 87' lang='lat' dir='ltr'><strong>Gabinium</strong></span> <span class='ocrx_word' id='word_1_536' title='bbox 888 3248 1130 3309; x_wconf 86' lang='lat' dir='ltr'><strong>absolvit,</strong></span> <span class='ocrx_word' id='word_1_537' title='bbox 1161 3250 1228 3299; x_wconf 86' lang='lat' dir='ltr'><strong>ad</strong></span> <span class='ocrx_word' id='word_1_538' title='bbox 1370 3249 1532 3297; x_wconf 86' lang='lat' dir='ltr'><strong>micus</strong></span> <span class='ocrx_word' id='word_1_539' title='bbox 1567 3250 1622 3298; x_wconf 93' lang='lat' dir='ltr'><strong>P.</strong></span> <span class='ocrx_word' id='word_1_540' title='bbox 1655 3250 1876 3313; x_wconf 84' lang='lat' dir='ltr'><strong>Vatinii,</strong></span> <span class='ocrx_word' id='word_1_541' title='bbox 1914 3250 1967 3297; x_wconf 91' lang='lat' dir='ltr'><strong>in</strong></span> <span class='ocrx_word' id='word_1_542' title='bbox 2002 3250 2179 3301; x_wconf 86' lang='lat' dir='ltr'><strong>Vatin.</strong></span> <span class='ocrx_word' id='word_1_543' title='bbox 2224 3249 2307 3311; x_wconf 88' lang='grc'><strong>10,</strong></span> 
     </span>
     <span class='ocr_line' id='line_1_72' title="bbox 287 3283 2310 3383; baseline -0.001 -14"><span class='ocrx_word' id='word_1_544' title='bbox 287 3310 346 3369; x_wconf 87' lang='lat' dir='ltr'><strong>Q.</strong></span> <span class='ocrx_word' id='word_1_545' title='bbox 371 3312 432 3365; x_wconf 78' lang='lat' dir='ltr'><strong>fr.</strong></span> <span class='ocrx_word' id='word_1_546' title='bbox 457 3312 508 3372; x_wconf 83' lang='lat'><strong>3,</strong></span> <span class='ocrx_word' id='word_1_547' title='bbox 526 3315 576 3379; x_wconf 91' lang='lat'><strong>4,</strong></span> <span class='ocrx_word' id='word_1_548' title='bbox 604 3317 648 3364; x_wconf 91' lang='lat'><strong>1.</strong></span> <span class='ocrx_word' id='word_1_549' title='bbox 671 3343 738 3353; x_wconf 90' lang='lat'><strong>-—</strong></span> <span class='ocrx_word' id='word_1_550' title='bbox 757 3318 1015 3382; x_wconf 81' lang='lat' dir='ltr'><strong>Legatus</strong></span> <span class='ocrx_word' id='word_1_551' title='bbox 1003 3334 1052 3367; x_wconf 85' lang='grc' dir='ltr'><strong>ιιι</strong></span> <span class='ocrx_word' id='word_1_552' title='bbox 1079 3283 1224 3378; x_wconf 79' lang='lat' dir='ltr'><strong>A&#39;sia,</strong></span> <span class='ocrx_word' id='word_1_553' title='bbox 1366 3319 1450 3369; x_wconf 88' lang='grc'><strong>25.</strong></span> <span class='ocrx_word' id='word_1_554' title='bbox 1467 3320 1748 3367; x_wconf 87' lang='lat' dir='ltr'><strong>—Praetor</strong></span> <span class='ocrx_word' id='word_1_555' title='bbox 1767 3334 1881 3368; x_wconf 87' lang='lat' dir='ltr'><strong>curn</strong></span> <span class='ocrx_word' id='word_1_556' title='bbox 1900 3316 2125 3383; x_wconf 83' lang='lat' dir='ltr'><strong>Nigidio,</strong></span> <span class='ocrx_word' id='word_1_557' title='bbox 2151 3317 2310 3367; x_wconf 86' lang='lat' dir='ltr'><strong>Mem·</strong></span> 
     </span>
     <span class='ocr_line' id='line_1_73' title="bbox 285 3381 2308 3467; baseline 0.003 -40"><span class='ocrx_word' id='word_1_558' title='bbox 285 3394 379 3441; x_wconf 76' lang='lat' dir='ltr'><strong>pro</strong></span> <span class='ocrx_word' id='word_1_559' title='bbox 407 3381 584 3430; x_wconf 84' lang='lat' dir='ltr'><strong>Flacco</strong></span> <span class='ocrx_word' id='word_1_560' title='bbox 616 3383 697 3446; x_wconf 87' lang='lat'><strong>13,</strong></span> <span class='ocrx_word' id='word_1_561' title='bbox 721 3385 805 3435; x_wconf 87' lang='lat'><strong>31.</strong></span> <span class='ocrx_word' id='word_1_562' title='bbox 838 3388 912 3438; x_wconf 92' lang='lat' dir='ltr'><strong>Ib.</strong></span> <span class='ocrx_word' id='word_1_563' title='bbox 935 3386 1022 3467; x_wconf 91' lang='grc'><strong>28,</strong></span> <span class='ocrx_word' id='word_1_564' title='bbox 1043 3386 1128 3438; x_wconf 88' lang='grc'><strong>68.</strong></span> <span class='ocrx_word' id='word_1_565' title='bbox 1156 3412 1227 3423; x_wconf 91' lang='lat'><strong>--</strong></span> <span class='ocrx_word' id='word_1_566' title='bbox 1368 3388 1497 3446; x_wconf 91' lang='lat' dir='ltr'><strong>mio,</strong></span> <span class='ocrx_word' id='word_1_567' title='bbox 1536 3386 1751 3437; x_wconf 86' lang='lat' dir='ltr'><strong>Lentulo</strong></span> <span class='ocrx_word' id='word_1_568' title='bbox 1792 3386 2023 3437; x_wconf 85' lang='lat' dir='ltr'><strong>Ciceroni</strong></span> <span class='ocrx_word' id='word_1_569' title='bbox 2058 3387 2308 3437; x_wconf 86' lang='lat' dir='ltr'><strong>amicissi-</strong></span> 
     </span>
     <span class='ocr_line' id='line_1_74' title="bbox 288 3446 2304 3520; baseline 0.007 -26"><span class='ocrx_word' id='word_1_570' title='bbox 288 3446 590 3513; x_wconf 84' lang='lat' dir='ltr'><strong>Designatus</strong></span> <span class='ocrx_word' id='word_1_571' title='bbox 610 3452 782 3502; x_wconf 88' lang='lat' dir='ltr'><strong>consul</strong></span> <span class='ocrx_word' id='word_1_572' title='bbox 807 3452 1082 3514; x_wconf 80' lang='lat' dir='ltr'><strong>fuit,ini1e</strong></span> <span class='ocrx_word' id='word_1_573' title='bbox 1105 3469 1225 3505; x_wconf 86' lang='lat' dir='ltr'><strong>con·</strong></span> <span class='ocrx_word' id='word_1_574' title='bbox 1367 3468 1510 3518; x_wconf 72' lang='lat' dir='ltr'><strong>mua,</strong></span> <span class='ocrx_word' id='word_1_575' title='bbox 1546 3456 1613 3505; x_wconf 85' lang='lat' dir='ltr'><strong>ad</strong></span> <span class='ocrx_word' id='word_1_576' title='bbox 1631 3455 1689 3515; x_wconf 83' lang='lat' dir='ltr'><strong>Q.</strong></span> <span class='ocrx_word' id='word_1_577' title='bbox 1712 3457 1772 3506; x_wconf 81' lang='lat' dir='ltr'><strong>i&#39;r.</strong></span> <span class='ocrx_word' id='word_1_578' title='bbox 1796 3457 1853 3517; x_wconf 87' lang='lat'><strong>1,</strong></span> <span class='ocrx_word' id='word_1_579' title='bbox 1888 3456 1950 3520; x_wconf 89' lang='grc'><strong>2,</strong></span> <span class='ocrx_word' id='word_1_580' title='bbox 1984 3456 2034 3507; x_wconf 90' lang='grc'><strong>5.</strong></span> <span class='ocrx_word' id='word_1_581' title='bbox 2058 3458 2109 3519; x_wconf 85' lang='lat'><strong>§.</strong></span> <span class='ocrx_word' id='word_1_582' title='bbox 2134 3456 2215 3508; x_wconf 81' lang='lat'><strong>15.</strong></span> <span class='ocrx_word' id='word_1_583' title='bbox 2237 3479 2304 3492; x_wconf 87' lang='lat'><strong>-·-</strong></span> 
     </span>
    </p>
   </div>
   <div class='ocr_carea' id='block_1_7' title="bbox 288 3108 1228 3238">
    <p class='ocr_par' dir='ltr' id='par_1_9' title="bbox 288 3108 1228 3238">
     <span class='ocr_line' id='line_1_75' title="bbox 289 3108 1228 3174; baseline 0.006 -21"><span class='ocrx_word' id='word_1_584' title='bbox 289 3114 574 3169; x_wconf 90' lang='lat' dir='ltr'><strong>praetorem</strong></span> <span class='ocrx_word' id='word_1_585' title='bbox 594 3108 723 3157; x_wconf 84' lang='lat' dir='ltr'><strong>dixit</strong></span> <span class='ocrx_word' id='word_1_586' title='bbox 736 3108 906 3159; x_wconf 88' lang='lat' dir='ltr'><strong>Cicero</strong></span> <span class='ocrx_word' id='word_1_587' title='bbox 927 3125 1020 3174; x_wconf 89' lang='lat' dir='ltr'><strong>pro</strong></span> <span class='ocrx_word' id='word_1_588' title='bbox 1043 3108 1228 3171; x_wconf 84' lang='lat' dir='ltr'><strong>Bestia,</strong></span> 
     </span>
     <span class='ocr_line' id='line_1_76' title="bbox 288 3174 1223 3238; baseline 0.012 -16"><span class='ocrx_word' id='word_1_589' title='bbox 288 3174 354 3223; x_wconf 86' lang='lat' dir='ltr'><strong>ad</strong></span> <span class='ocrx_word' id='word_1_590' title='bbox 375 3176 433 3235; x_wconf 89' lang='lat' dir='ltr'><strong>Q.</strong></span> <span class='ocrx_word' id='word_1_591' title='bbox 461 3175 522 3225; x_wconf 75' lang='lat' dir='ltr'><strong>fr.</strong></span> <span class='ocrx_word' id='word_1_592' title='bbox 552 3178 604 3238; x_wconf 91' lang='grc'><strong>2,</strong></span> <span class='ocrx_word' id='word_1_593' title='bbox 623 3176 674 3237; x_wconf 89' lang='grc'><strong>3,</strong></span> <span class='ocrx_word' id='word_1_594' title='bbox 696 3176 746 3231; x_wconf 87' lang='grc'><strong>6.</strong></span> <span class='ocrx_word' id='word_1_595' title='bbox 774 3204 838 3213; x_wconf 87' lang='grc'><strong>-</strong></span> <span class='ocrx_word' id='word_1_596' title='bbox 858 3178 1148 3229; x_wconf 82' lang='lat' dir='ltr'><strong>Praetorius</strong></span> <span class='ocrx_word' id='word_1_597' title='bbox 1174 3195 1223 3234; x_wconf 81' lang='lat' dir='ltr'><strong>a.</strong></span> 
     </span>
    </p>
   </div>
  </div>
 </body>
</html>
