2500 3850
756 194 1115 243 VOLUGRES
1144 216 1218 226 -
1243 194 1720 243 XENOGRATES.

201 351 463 402 Volucres
489 352 729 402 caelestes
743 388 757 413 ,
793 348 915 400 Olor
933 357 982 401 et
1001 349 1205 414 Aquila,

267 424 407 473 Arat.
431 437 478 468 v.
509 419 627 471 720.

196 486 522 554 Volumnia,
543 490 610 539 ad
631 484 750 542 fam.
778 489 863 552 14,
887 488 968 538 16.

194 555 520 619 volumnia,
565 558 728 608 amica
761 557 829 606 M.
865 557 1103 617 Antonii,
1144 557 1204 606 li·

263 628 406 677 berta
425 624 680 677 Volumnii
699 626 978 689 Eutrapeli,
998 627 1203 676 mimico

263 698 469 745 nomine
488 693 714 761 Cytheris
730 730 745 754 ,
772 692 996 761 Philipp.
1017 696 1082 758 2,
1116 695 1201 755 24,

262 763 350 815 58.
386 764 452 812 V.
485 759 766 830 Cytheris.

193 829 521 883 Volumnius
553 827 805 881 Flaccus.
850 832 1060 883 Flaccus
1097 834 1203 883 Vo-

262 902 484 951 lumnius
520 900 784 949 familiaris
819 900 881 952 D.
921 902 1090 960 Bruti,
1137 903 1204 952 ad

262 970 382 1020 fam.
416 968 499 1030 11,
520 968 674 1028 12,1.
717 971 790 1018 lb.
817 970 874 1020 11
894 1006 908 1034 ,
933 970 1027 1031 18,
1051 970 1098 1020 1.
1135 971 1199 1019 V.

259 1037 325 1089 Ia.
345 1034 692 1087 Volumnius.

191 1106 253 1157 L.
302 1103 664 1169 Volumnius,
707 1114 935 1166 senator,
983 1121 1200 1169 quocum

262 1174 494 1225 Ciceroni
510 1182 586 1223 est
607 1190 819 1239 magnus
837 1188 978 1235 usus,
990 1174 1058 1225 ad
1075 1174 1196 1224 fam.

262 1245 313 1303 7,
334 1243 420 1303 32,
445 1244 492 1293 1.

186 1312 255 1362 P.
279 1309 624 1375 Volumnius,
645 1318 863 1369 senator,
886 1312 1043 1362 iudex
1061 1313 1113 1361 in
1134 1313 1195 1361 A.

261 1378 542 1431 Cluentium
559 1416 572 1439 ,
601 1394 692 1443 pro
714 1378 910 1429 Cluent.
935 1380 1022 1441 70,
1045 1379 1160 1431 198.

186 1447 256 1497 P.
288 1444 616 1499 Volumnius
647 1446 1012 1514 Eutrapelus,
1044 1463 1197 1513 eques

259 1516 438 1576 Rom„
473 1518 542 1567 ad
562 1531 711 1578 quem
743 1524 858 1565 sunt
888 1520 954 1567 ad
988 1517 1109 1566 fam.
1143 1520 1194 1568 7.

260 1599 341 1649 ep.
373 1583 440 1635 32
469 1598 517 1634 et
547 1584 630 1635 33.
653 1610 726 1623 --
743 1586 953 1635 Antonii
979 1586 1199 1636 collusor

260 1660 310 1703 et
337 1654 557 1713 sodalis,
587 1653 809 1719 Philipp.
840 1653 934 1719 13,
964 1656 1025 1714 2,
1055 1653 1106 1708 3.
1128 1680 1198 1690 —-

259 1721 602 1787 Cytheridem,
642 1724 706 1771 ab
734 1724 846 1787 ipso
875 1721 1196 1774 Volumniam

257 1790 626 1841 denominatam
641 1829 655 1852 ,
678 1790 856 1841 habuit
875 1793 1105 1854 amicam,
1132 1793 1197 1841 ad

253 1858 376 1908 fam.
403 1860 461 1919 9,
485 1860 569 1920 16,
594 1859 641 1907 1.
662 1886 734 1898 -—-·
751 1860 835 1910 Ad
855 1876 969 1910 eum
993 1862 1198 1926 scripsit

259 1927 432 1980 Cicero
445 1966 461 1992 ,
485 1938 538 1980 ut
558 1931 603 1978 is
622 1931 842 1980 Antonio
862 1945 981 1980 suas
1002 1931 1195 1981 litteras

254 1999 506 2063 redderet,
526 1999 777 2064 legatione
795 2001 894 2048 sibi
915 2014 1044 2065 opus
1063 2013 1194 2060 esse,

255 2081 304 2115 a.
329 2082 380 2117 ιι.
402 2083 446 2117 c.
467 2066 588 2120 710.
607 2104 621 2127 ,
645 2069 710 2116 ad
727 2067 832 2120 Att.
854 2068 918 2118 15
935 2105 948 2128 ,
969 2068 1031 2130 8,
1055 2068 1106 2119 1.
1125 2094 1196 2105 —

257 2134 365 2193 Quo
393 2136 542 2184 modo
565 2151 610 2188 a.
633 2151 684 2185 u.
706 2151 750 2185 c.
772 2136 894 2188 708.
920 2139 1057 2201 apud
1077 2153 1193 2187 eum

195 2249 198 2254 .
256 2205 446 2252 cenarit
479 2203 660 2253 festive
687 2212 856 2253 narrat
890 2203 1097 2270 Cicero,
1127 2208 1194 2256 ad.

251 2270 374 2324 fam.
394 2271 447 2331 9,
467 2272 552 2322 26.

185 2338 454 2405 Voluptas
476 2341 571 2389 dea
587 2375 602 2400 ,
631 2341 686 2390 id
705 2347 805 2402 est,
835 2341 1009 2391 Venus
1027 2343 1192 2394 Volu-

252 2411 337 2473 pia
356 2446 368 2467 ‚
392 2409 455 2458 de
479 2423 527 2458 n.
554 2411 603 2456 d.
625 2411 677 2468 2,
699 2407 784 2469 23,
803 2407 890 2458 61.

187 2474 247 2526 C.
283 2473 632 2527 Volusienus.
665 2503 731 2514 -
761 2476 1016 2527 Tribunus
1052 2479 1188 2542 plebi

249 2546 347 2595 fuit
375 2560 422 2595 a.
453 2561 509 2595 u.
547 2560 589 2597 c.
626 2546 744 2597 711.
798 2547 1007 2596 Antonii
1043 2549 1188 2599 adse-

251 2614 390 2675 cula,
414 2613 631 2679 Philipp.
657 2613 736 2676 14,
763 2616 814 2674 7,
835 2615 921 2667 21.

179 2683 243 2734 L.
285 2681 646 2746 Volusienus,
683 2696 882 2733 summo
919 2683 1188 2749 splendore

247 2752 399 2801 homo
444 2768 504 2801 ac
542 2752 744 2802 virtute
767 2753 1056 2816 praeditus,
1093 2768 1184 2819 pro

252 2819 443 2870 Cluent.
465 2819 550 2884 ’70,
577 2819 692 2874 198.

181 2886 471 2953 Volusius,
502 2888 784 2954 haruspex,
821 2904 888 2940 ex
921 2887 974 2939 C.
1011 2891 1186 2940 Verris

249 2957 479 3018 cohorte,
510 2961 657 3009 Verr.
677 2966 900 3012 accusat.
923 2957 972 3024 3,
997 2959 1080 3021 11,
1098 2958 1184 3010 28.

249 3028 323 3080 lb.
355 3026 405 3085 3,
427 3027 512 3084 21,
532 3027 618 3081 54.

181 3092 280 3145 Cn.
318 3093 598 3147 Volusius.
654 3097 773 3148 Erat
809 3099 946 3162 apud
986 3096 1185 3148 Cicero-

247 3179 361 3212 nem
386 3166 438 3212 in
469 3167 730 3230 provincia
766 3167 944 3218 Cilicia
973 3182 1020 3217 a.
1051 3183 1106 3220 ιι.
1135 3182 1182 3219 c.

249 3231 400 3289 703..
421 3235 486 3282 ad
509 3235 608 3284 Att.
631 3237 679 3296 5,
704 3237 785 3297 11,
807 3239 860 3290 4.

183 3298 257 3350 M.
283 3296 557 3351 Volusius.
591 3306 666 3353 Ab
692 3320 749 3354 eo
770 3305 972 3354 Tironis
991 3304 1184 3354 litteras

246 3378 507 3430 acceperat
529 3369 698 3422 Cicero
721 3389 766 3422 a.
789 3389 840 3423 u.
863 3389 908 3422 c.
933 3371 1052 3423 705.
1067 3409 1084 3432 ,
1117 3372 1184 3421 ad

244 3436 367 3486 farn.
398 3436 478 3496 16,
503 3436 584 3500 12,
605 3440 656 3489 6.

2159 186 2284 247 447

1282 350 1350 417 Q.
1382 348 1673 415 Volusius,
1706 352 1960 402 Ciceronis
1982 352 2284 416 discipulus,

1348 419 1572 469 defendit
1585 419 1819 470 Catilium
1836 422 2071 486 piratam,
2084 421 2152 472 ad
2164 420 2287 473 fam.

1346 488 1397 550 5,
1422 488 1503 547 10,
1523 489 1577 542 2.
1609 489 1682 539 lb.
1702 488 1753 551 5,
1778 487 1864 553 20,
1882 489 1933 543 3.
1954 514 2025 528 --
2044 490 2101 549 Q.
2125 491 2285 540 Volu-

1345 558 1475 605 sium
1491 593 1504 616 ,
1526 556 1715 607 Tiberii
1734 573 2001 623 generum,
2040 559 2179 607 misit
2203 559 2285 609 Ci-

1344 640 1459 674 cero
1488 627 1541 675 in
1562 625 1783 692 Cyprum
1812 643 1860 677 a.
1888 643 1938 677 u.
1968 642 2011 676 c.
2035 627 2154 679 704.
2174 664 2188 687 ,
2219 628 2285 676 ad

1344 694 1449 743 Att.
1469 696 1520 759 5,
1540 696 1627 754 21,
1645 694 1699 746 6.

1277 760 1546 827 Vopiscus
1569 760 1795 815 Caesar.
1841 765 1906 816 V.
1927 764 1979 813 in
1998 762 2178 815 Iuliis.

1275 829 1630 881 Vortumnus.
1664 860 1736 871 —-
1768 834 2037 884 Vortumni
2080 833 2283 898 signum

1342 899 1533 949 Romae
1553 901 1605 950 in
1626 902 1790 966 capite
1821 902 2035 953 duorum
2060 902 2285 953 vicorum

1344 970 1499 1019 Tusci
1516 976 1566 1019 et
1584 970 1800 1032 Turarii,
1822 972 1966 1019 Verr.
1992 978 2209 1021 accusat.
2234 970 2281 1026 1.

1271 1104 1567 1157 Vulcanus.
1605 1110 1671 1161 V,
1696 1106 1989 1158 Volcanus.

1271 1172 1575 1241 Vulchalo,
1630 1176 1821 1227 Galliae
1867 1175 2111 1243 oppidum
2129 1213 2141 1234 ,
2185 1192 2278 1243 pro

1339 1244 1485 1294 Font.
1506 1244 1559 1308 5,
1583 1244 1637 1295 9.

1270 1311 1335 1363 L.
1363 1311 1638 1363 Vulteius.
1674 1314 1740 1365 V.
1762 1312 1826 1363 L.
1851 1311 2119 1364 Voltcius.

1269 1496 1591 1634 Xanthippe
1605 1550 1619 1578 ,
1650 1527 1782 1565 uxor
1798 1513 2020 1567 Socratis
2034 1551 2050 1579 ,
2070 1516 2277 1567 Tuscul.

1266 1650 1647 1719 Xanthippus,
1684 1651 1893 1703 Periclis
1923 1661 2101 1719 pater,
2130 1654 2271 1704 Brut.

1266 1787 1652 1855 Xanthippus,
1695 1791 2161 1855 Lacedaemoniae,
2212 1806 2277 1841 ex

1335 1859 1535 1908 insidiis
1571 1861 1703 1923 oepit
1736 1860 1804 1913 Μ.
1845 1860 2075 1911 Attilium
2106 1862 2275 1926 Regu-

1332 1928 1466 1993 lum,
1489 1929 1551 1978 de
1571 1929 1657 1979 off.
1681 1929 1732 1992 3,
1758 1930 1843 1990 26,
1861 1929 1947 1984 99.

1266 1994 1422 2115 Χοιι30
1461 1997 1875 2062 Apollonidensis
1892 2037 1907 2060 ,
1953 2000 2021 2049 ad
2067 2000 2174 2052 Att.
2220 2000 2274 2060 5,

1264 2133 1447 2194 Xeno,
1484 2135 1840 2198 Atheniensis,
1874 2137 2139 2202 Epicurius
2159 2173 2174 2195 ,
2208 2138 2274 2186 ad

1333 2206 1438 2254 Att.
1459 2203 1510 2262 5,
1538 2204 1619 2268 10,
1640 2205 1690 2255 5.
1731 2205 1804 2254 lb.
1825 2205 1875 2267 5,
1904 2206 1998 2266 11,
2028 2205 2081 2258 6.
2122 2205 2198 2257 lb.
2221 2208 2273 2270 7,

1338 2272 1383 2335 1,
1406 2271 1453 2321 1.
1489 2273 1564 2322 Ib.
1589 2272 1682 2333 13,
1703 2272 1787 2333 37,
1816 2275 1865 2325 1.
1909 2274 1982 2323 lb.
2011 2275 2089 2338 14,
2115 2273 2195 2332 16,
2215 2277 2266 2327 4.

1262 2339 1418 2390 Xeno
1448 2340 1750 2404 MenaeuuS,
1785 2357 1816 2390 a
1846 2342 1899 2394 C.
1928 2343 2086 2392 Verre
2110 2358 2273 2392 vexa·

1334 2417 1413 2458 tus
1429 2445 1442 2467 ,
1465 2410 1609 2460 Verr.
1636 2416 1856 2461 accusat.
1885 2410 1937 2470 3,
1956 2411 2041 2471 22,
2063 2410 2149 2461 55.

1261 2475 1535 2529 Xenocles
1607 2479 2029 2543 Adramytteum,
2100 2479 2275 2529 rhetor

1330 2546 1619 2610 Asiaticus,
1675 2546 1931 2596 Ciceronis
1986 2563 2156 2597 comes
2217 2551 2269 2598 in

1326 2615 1452 2735 gaia
1470 2629 1515 2663 a.
1536 2629 1587 2672 ιι,
1610 2631 1653 2664 c.
1673 2615 1965 2668 675-677,
1982 2653 1996 2678 ‚
2020 2617 2157 2666 Brut.
2182 2617 2269 2677 91,

1256 2752 1598 2803 Xenocrates
1674 2751 2038 2803 Chalcedonius
2061 2789 2075 2810 ‚
2152 2770 2268 2802 cum

1326 2821 1615 2887 Speusippo
1636 2829 1685 2870 et
1702 2821 1972 2872 Aristotele
2003 2836 2034 2870 a
2057 2821 2267 2872 Platone

1323 2890 1683 2958 philosophiae
1701 2893 1848 2954 quasi
1866 2890 2014 2940 heres
2045 2891 2267 2950 relictuS,

1325 2961 1489 3013 Acad.
1515 2967 1649 3026 post.
1677 2959 1721 3018 1,
1742 2961 1792 3015 4,
1817 2959 1897 3009 17.
1917 2985 1989 2995 —-
2006 2959 2267 3009 Xenocra-

1323 3038 1401 3078 tes
1424 3067 1439 3090 ,
1510 3029 1799 3078 Aristotelis
1862 3027 2261 3094 condiscipulus,

1327 3099 1450 3160 quid
1468 3097 1523 3145 in
1542 3097 1716 3157 libris,
1746 3095 1833 3160 qui
1860 3105 1977 3145 sunt
2000 3097 2063 3146 de
2086 3105 2266 3147 natura

1328 3167 1533 3216 deornm
1551 3202 1566 3227 ,
1597 3167 1661 3217 de
1690 3166 1768 3214 dis
1795 3166 2084 3229 tradiderit,
2118 3167 2182 3215 de
2205 3181 2258 3220 11.

1327 3235 1375 3283 d.
1402 3234 1450 3294 1,
1474 3234 1538 3285 13
1553 3271 1566 3294 ,
1587 3236 1671 3287 34.
1692 3261 1760 3270 -—
1778 3235 2087 3296 Xenocrates
2105 3235 2264 3284 animi

1324 3303 1539 3368 figuram
1571 3311 1620 3354 et
1656 3305 1800 3367 quasi
1840 3318 2025 3370 corpus
2059 3304 2263 3370 negavit

1327 3387 1439 3423 esse
1457 3388 1662 3433 verum,
1696 3389 1957 3422 numerum
1978 3373 2109 3423 dixit
2128 3387 2259 3432 esse,

1328 3443 1471 3491 cuius
1494 3443 1596 3505 vis,
1616 3443 1789 3492 utiam
1814 3451 1927 3491 ante
1948 3440 2268 3508 Pythagorae
