<?xml version="1.0" encoding="UTF-8"?>
<!DOCTYPE html PUBLIC "-//W3C//DTD XHTML 1.0 Transitional//EN"
    "http://www.w3.org/TR/xhtml1/DTD/xhtml1-transitional.dtd">
<html xmlns="http://www.w3.org/1999/xhtml" xml:lang="en" lang="en">
 <head>
  <title>
</title>
<meta http-equiv="Content-Type" content="text/html;charset=utf-8" />
  <meta name='ocr-system' content='tesseract 3.04.00' />
  <meta name='ocr-capabilities' content='ocr_page ocr_carea ocr_par ocr_line ocrx_word'/>
</head>
<body>
  <div class='ocr_page' id='page_1' title='image "./scriptaquaemans04mlgoog_0286.png"; bbox 0 0 2500 3850; ppageno 0'>
   <div class='ocr_carea' id='block_1_1' title="bbox 215 168 338 229">
    <p class='ocr_par' dir='ltr' id='par_1_1' title="bbox 215 168 338 229">
     <span class='ocr_line' id='line_1_1' title="bbox 215 168 338 229; baseline 0.033 -3"><span class='ocrx_word' id='word_1_1' title='bbox 215 168 338 229; x_wconf 76' lang='lat'><strong>280</strong></span> 
     </span>
    </p>
   </div>
   <div class='ocr_carea' id='block_1_2' title="bbox 205 332 1217 3476">
    <p class='ocr_par' dir='ltr' id='par_1_2' title="bbox 215 332 1210 465">
     <span class='ocr_line' id='line_1_2' title="bbox 215 332 1210 399; baseline -0.002 -16"><span class='ocrx_word' id='word_1_2' title='bbox 215 332 452 383; x_wconf 71' lang='lat' dir='ltr'><strong>Par-alus</strong></span> <span class='ocrx_word' id='word_1_3' title='bbox 481 333 648 396; x_wconf 85' lang='lat' dir='ltr'><strong>pictus</strong></span> <span class='ocrx_word' id='word_1_4' title='bbox 677 350 708 382; x_wconf 88' lang='lat' dir='ltr'><strong>a</strong></span> <span class='ocrx_word' id='word_1_5' title='bbox 733 335 1044 399; x_wconf 81' lang='lat' dir='ltr'><strong>Protogene,</strong></span> <span class='ocrx_word' id='word_1_6' title='bbox 1063 334 1210 383; x_wconf 80' lang='lat' dir='ltr'><strong>Verr.</strong></span> 
     </span>
     <span class='ocr_line' id='line_1_3' title="bbox 283 401 822 465; baseline 0 -16"><span class='ocrx_word' id='word_1_7' title='bbox 283 410 502 450; x_wconf 83' lang='lat' dir='ltr'><strong>accusat.</strong></span> <span class='ocrx_word' id='word_1_8' title='bbox 522 403 574 459; x_wconf 98' lang='lat'><strong>4,</strong></span> <span class='ocrx_word' id='word_1_9' title='bbox 594 402 681 465; x_wconf 86' lang='lat'><strong>60,</strong></span> <span class='ocrx_word' id='word_1_10' title='bbox 705 401 822 453; x_wconf 84' lang='lat'><strong>135.</strong></span> 
     </span>
    </p>

    <p class='ocr_par' dir='ltr' id='par_1_3' title="bbox 211 468 1140 531">
     <span class='ocr_line' id='line_1_4' title="bbox 211 468 1140 531; baseline -0.001 -12"><span class='ocrx_word' id='word_1_11' title='bbox 211 468 426 519; x_wconf 84' lang='lat' dir='ltr'><strong>Parcae</strong></span> <span class='ocrx_word' id='word_1_12' title='bbox 447 471 590 530; x_wconf 87' lang='lat' dir='ltr'><strong>deae,</strong></span> <span class='ocrx_word' id='word_1_13' title='bbox 620 472 684 519; x_wconf 87' lang='lat' dir='ltr'><strong>de</strong></span> <span class='ocrx_word' id='word_1_14' title='bbox 713 487 763 519; x_wconf 92' lang='lat' dir='ltr'><strong>n.</strong></span> <span class='ocrx_word' id='word_1_15' title='bbox 791 472 844 519; x_wconf 85' lang='lat' dir='ltr'><strong>d.</strong></span> <span class='ocrx_word' id='word_1_16' title='bbox 867 470 926 531; x_wconf 88' lang='lat'><strong>3,</strong></span> <span class='ocrx_word' id='word_1_17' title='bbox 949 472 1032 529; x_wconf 97' lang='grc'><strong>17,</strong></span> <span class='ocrx_word' id='word_1_18' title='bbox 1053 472 1140 520; x_wconf 88' lang='grc'><strong>44.</strong></span> 
     </span>
    </p>

    <p class='ocr_par' dir='ltr' id='par_1_4' title="bbox 209 537 1108 600">
     <span class='ocr_line' id='line_1_5' title="bbox 209 537 1108 600; baseline -0.002 -13"><span class='ocrx_word' id='word_1_19' title='bbox 209 537 554 600; x_wconf 84' lang='lat' dir='ltr'><strong>Parhedrus,</strong></span> <span class='ocrx_word' id='word_1_20' title='bbox 590 540 656 588; x_wconf 89' lang='lat' dir='ltr'><strong>ad</strong></span> <span class='ocrx_word' id='word_1_21' title='bbox 675 540 796 588; x_wconf 82' lang='lat' dir='ltr'><strong>fam.</strong></span> <span class='ocrx_word' id='word_1_22' title='bbox 821 541 904 599; x_wconf 89' lang='grc'><strong>16,</strong></span> <span class='ocrx_word' id='word_1_23' title='bbox 939 538 1024 600; x_wconf 91' lang='grc'><strong>18,</strong></span> <span class='ocrx_word' id='word_1_24' title='bbox 1055 542 1108 589; x_wconf 95' lang='grc'><strong>2.</strong></span> 
     </span>
    </p>

    <p class='ocr_par' dir='ltr' id='par_1_5' title="bbox 209 605 1216 874">
     <span class='ocr_line' id='line_1_6' title="bbox 209 605 1214 671; baseline -0.002 -15"><span class='ocrx_word' id='word_1_25' title='bbox 209 605 456 657; x_wconf 77' lang='lat' dir='ltr'><strong>Pariana</strong></span> <span class='ocrx_word' id='word_1_26' title='bbox 473 609 672 667; x_wconf 79' lang='lat' dir='ltr'><strong>civitas,</strong></span> <span class='ocrx_word' id='word_1_27' title='bbox 706 610 902 671; x_wconf 79' lang='lat' dir='ltr'><strong>Mysiae</strong></span> <span class='ocrx_word' id='word_1_28' title='bbox 921 609 1130 658; x_wconf 86' lang='lat' dir='ltr'><strong>minoris</strong></span> <span class='ocrx_word' id='word_1_29' title='bbox 1147 607 1214 654; x_wconf 87' lang='lat' dir='ltr'><strong>ad</strong></span> 
     </span>
     <span class='ocr_line' id='line_1_7' title="bbox 279 676 1216 741; baseline -0.002 -16"><span class='ocrx_word' id='word_1_30' title='bbox 279 676 680 741; x_wconf 85' lang='lat' dir='ltr'><strong>Hellespontum,</strong></span> <span class='ocrx_word' id='word_1_31' title='bbox 709 679 852 741; x_wconf 87' lang='lat' dir='ltr'><strong>prius</strong></span> <span class='ocrx_word' id='word_1_32' title='bbox 869 677 1090 736; x_wconf 84' lang='lat' dir='ltr'><strong>Parium,</strong></span> <span class='ocrx_word' id='word_1_33' title='bbox 1121 688 1216 739; x_wconf 87' lang='lat' dir='ltr'><strong>po-</strong></span> 
     </span>
     <span class='ocr_line' id='line_1_8' title="bbox 276 744 1214 804; baseline -0.002 -11"><span class='ocrx_word' id='word_1_34' title='bbox 276 754 384 793; x_wconf 86' lang='lat' dir='ltr'><strong>stea</strong></span> <span class='ocrx_word' id='word_1_35' title='bbox 399 745 606 795; x_wconf 82' lang='lat' dir='ltr'><strong>Colonia</strong></span> <span class='ocrx_word' id='word_1_36' title='bbox 618 745 750 795; x_wconf 88' lang='lat' dir='ltr'><strong>Iulia</strong></span> <span class='ocrx_word' id='word_1_37' title='bbox 769 745 1000 804; x_wconf 75' lang='lat' dir='ltr'><strong>Pariana,</strong></span> <span class='ocrx_word' id='word_1_38' title='bbox 1012 746 1080 794; x_wconf 89' lang='lat' dir='ltr'><strong>ad</strong></span> <span class='ocrx_word' id='word_1_39' title='bbox 1089 744 1214 793; x_wconf 84' lang='lat' dir='ltr'><strong>fam.</strong></span> 
     </span>
     <span class='ocr_line' id='line_1_9' title="bbox 278 812 539 874; baseline 0.008 -11"><span class='ocrx_word' id='word_1_40' title='bbox 278 812 362 874; x_wconf 87' lang='lat'><strong>13,</strong></span> <span class='ocrx_word' id='word_1_41' title='bbox 382 812 468 872; x_wconf 87' lang='lat'><strong>53,</strong></span> <span class='ocrx_word' id='word_1_42' title='bbox 487 816 539 866; x_wconf 87' lang='lat'><strong>2.</strong></span> 
     </span>
    </p>

    <p class='ocr_par' dir='ltr' id='par_1_6' title="bbox 207 879 1217 1287">
     <span class='ocr_line' id='line_1_10' title="bbox 207 879 1217 943; baseline -0.002 -12"><span class='ocrx_word' id='word_1_43' title='bbox 207 879 447 943; x_wconf 77' lang='lat' dir='ltr'><strong>Parilia,</strong></span> <span class='ocrx_word' id='word_1_44' title='bbox 475 884 586 931; x_wconf 87' lang='lat' dir='ltr'><strong>dies</strong></span> <span class='ocrx_word' id='word_1_45' title='bbox 603 882 766 932; x_wconf 82' lang='lat' dir='ltr'><strong>festus</strong></span> <span class='ocrx_word' id='word_1_46' title='bbox 785 884 838 931; x_wconf 90' lang='lat' dir='ltr'><strong>in</strong></span> <span class='ocrx_word' id='word_1_47' title='bbox 856 883 1103 933; x_wconf 81' lang='lat' dir='ltr'><strong>honorem</strong></span> <span class='ocrx_word' id='word_1_48' title='bbox 1121 882 1217 930; x_wconf 86' lang='lat' dir='ltr'><strong>Pa-</strong></span> 
     </span>
     <span class='ocr_line' id='line_1_11' title="bbox 279 949 1214 1008; baseline -0.002 -9"><span class='ocrx_word' id='word_1_49' title='bbox 279 952 364 1008; x_wconf 84' lang='lat' dir='ltr'><strong>lis,</strong></span> <span class='ocrx_word' id='word_1_50' title='bbox 398 952 530 999; x_wconf 84' lang='lat' dir='ltr'><strong>unde</strong></span> <span class='ocrx_word' id='word_1_51' title='bbox 551 962 600 1001; x_wconf 86' lang='lat' dir='ltr'><strong>et</strong></span> <span class='ocrx_word' id='word_1_52' title='bbox 617 950 798 1001; x_wconf 87' lang='lat' dir='ltr'><strong>Palilia</strong></span> <span class='ocrx_word' id='word_1_53' title='bbox 822 952 1070 999; x_wconf 85' lang='lat' dir='ltr'><strong>dicuntur.</strong></span> <span class='ocrx_word' id='word_1_54' title='bbox 1125 949 1214 997; x_wconf 87' lang='lat' dir='ltr'><strong>Ge-</strong></span> 
     </span>
     <span class='ocr_line' id='line_1_12' title="bbox 277 1017 1212 1081; baseline 0.001 -14"><span class='ocrx_word' id='word_1_55' title='bbox 277 1020 603 1069; x_wconf 86' lang='lat' dir='ltr'><strong>lebrabantur</strong></span> <span class='ocrx_word' id='word_1_56' title='bbox 621 1036 668 1069; x_wconf 88' lang='lat' dir='ltr'><strong>a.</strong></span> <span class='ocrx_word' id='word_1_57' title='bbox 681 1020 732 1068; x_wconf 87' lang='lat' dir='ltr'><strong>d.</strong></span> <span class='ocrx_word' id='word_1_58' title='bbox 749 1019 839 1069; x_wconf 88' lang='lat' dir='ltr'><strong>XI.</strong></span> <span class='ocrx_word' id='word_1_59' title='bbox 861 1020 974 1067; x_wconf 86' lang='lat' dir='ltr'><strong>Kal.</strong></span> <span class='ocrx_word' id='word_1_60' title='bbox 991 1018 1110 1067; x_wconf 81' lang='lat' dir='ltr'><strong>Mai.</strong></span> <span class='ocrx_word' id='word_1_61' title='bbox 1131 1017 1212 1081; x_wconf 85' lang='lat' dir='ltr'><strong>(d.</strong></span> 
     </span>
     <span class='ocr_line' id='line_1_13' title="bbox 277 1086 1212 1151; baseline -0.002 -14"><span class='ocrx_word' id='word_1_62' title='bbox 277 1089 364 1137; x_wconf 87' lang='grc'><strong>21.</strong></span> <span class='ocrx_word' id='word_1_63' title='bbox 384 1086 576 1151; x_wconf 87' lang='lat' dir='ltr'><strong>April.)</strong></span> <span class='ocrx_word' id='word_1_64' title='bbox 599 1091 688 1150; x_wconf 90' lang='lat' dir='ltr'><strong>qui</strong></span> <span class='ocrx_word' id='word_1_65' title='bbox 719 1089 828 1137; x_wconf 88' lang='lat' dir='ltr'><strong>dies</strong></span> <span class='ocrx_word' id='word_1_66' title='bbox 857 1086 1040 1135; x_wconf 87' lang='lat' dir='ltr'><strong>natalis</strong></span> <span class='ocrx_word' id='word_1_67' title='bbox 1069 1087 1212 1135; x_wconf 88' lang='lat' dir='ltr'><strong>urbis</strong></span> 
     </span>
     <span class='ocr_line' id='line_1_14' title="bbox 277 1155 1214 1218; baseline -0.001 -14"><span class='ocrx_word' id='word_1_68' title='bbox 277 1157 472 1205; x_wconf 82' lang='lat' dir='ltr'><strong>Romae</strong></span> <span class='ocrx_word' id='word_1_69' title='bbox 491 1193 506 1215; x_wconf 94' lang='lat'><strong>,</strong></span> <span class='ocrx_word' id='word_1_70' title='bbox 545 1156 609 1207; x_wconf 86' lang='lat' dir='ltr'><strong>de</strong></span> <span class='ocrx_word' id='word_1_71' title='bbox 630 1158 786 1205; x_wconf 85' lang='lat' dir='ltr'><strong>divin.</strong></span> <span class='ocrx_word' id='word_1_72' title='bbox 808 1157 841 1203; x_wconf 83' lang='lat'>2</span> <span class='ocrx_word' id='word_1_73' title='bbox 855 1193 870 1218; x_wconf 91' lang='lat'><strong>,</strong></span> <span class='ocrx_word' id='word_1_74' title='bbox 891 1157 959 1204; x_wconf 88' lang='lat'><strong>47</strong></span> <span class='ocrx_word' id='word_1_75' title='bbox 976 1192 989 1212; x_wconf 92' lang='lat'><em>‚</em></span> <span class='ocrx_word' id='word_1_76' title='bbox 1007 1155 1093 1206; x_wconf 82' lang='lat'><strong>98.</strong></span> <span class='ocrx_word' id='word_1_77' title='bbox 1146 1155 1214 1203; x_wconf 88' lang='lat' dir='ltr'><strong>ad</strong></span> 
     </span>
     <span class='ocr_line' id='line_1_15' title="bbox 275 1224 1002 1287; baseline -0.006 -12"><span class='ocrx_word' id='word_1_78' title='bbox 275 1228 381 1280; x_wconf 82' lang='lat' dir='ltr'><strong>Att.</strong></span> <span class='ocrx_word' id='word_1_79' title='bbox 401 1226 452 1283; x_wconf 88' lang='lat'><strong>2,</strong></span> <span class='ocrx_word' id='word_1_80' title='bbox 471 1224 523 1285; x_wconf 89' lang='lat'><strong>8,</strong></span> <span class='ocrx_word' id='word_1_81' title='bbox 551 1226 602 1275; x_wconf 90' lang='grc'><strong>2.</strong></span> <span class='ocrx_word' id='word_1_82' title='bbox 642 1226 716 1277; x_wconf 92' lang='lat' dir='ltr'><strong>Ib.</strong></span> <span class='ocrx_word' id='word_1_83' title='bbox 739 1225 822 1287; x_wconf 90' lang='grc'><strong>14,</strong></span> <span class='ocrx_word' id='word_1_84' title='bbox 843 1224 928 1286; x_wconf 89' lang='grc'><strong>14,</strong></span> <span class='ocrx_word' id='word_1_85' title='bbox 951 1224 1002 1275; x_wconf 93' lang='lat'><strong>1.</strong></span> 
     </span>
    </p>

    <p class='ocr_par' dir='ltr' id='par_1_7' title="bbox 209 1290 1215 1697">
     <span class='ocr_line' id='line_1_16' title="bbox 209 1290 1212 1359; baseline -0.005 -14"><span class='ocrx_word' id='word_1_86' title='bbox 209 1290 374 1345; x_wconf 74' lang='lat' dir='ltr'><strong>Paris</strong></span> <span class='ocrx_word' id='word_1_87' title='bbox 391 1330 406 1356; x_wconf 90' lang='lat'><strong>,</strong></span> <span class='ocrx_word' id='word_1_88' title='bbox 455 1296 592 1359; x_wconf 84' lang='lat' dir='ltr'><strong>regis</strong></span> <span class='ocrx_word' id='word_1_89' title='bbox 631 1295 822 1343; x_wconf 83' lang='lat' dir='ltr'>Priami</span> <span class='ocrx_word' id='word_1_90' title='bbox 865 1292 1016 1341; x_wconf 78' lang='lat' dir='ltr'><strong>iilius,</strong></span> <span class='ocrx_word' id='word_1_91' title='bbox 1087 1292 1212 1341; x_wconf 90' lang='lat' dir='ltr'><strong>Eius</strong></span> 
     </span>
     <span class='ocr_line' id='line_1_17' title="bbox 278 1360 1212 1424; baseline -0.002 -13"><span class='ocrx_word' id='word_1_92' title='bbox 278 1363 467 1415; x_wconf 87' lang='lat' dir='ltr'><strong>libido.</strong></span> <span class='ocrx_word' id='word_1_93' title='bbox 513 1365 576 1413; x_wconf 89' lang='lat' dir='ltr'><strong>de</strong></span> <span class='ocrx_word' id='word_1_94' title='bbox 593 1378 645 1411; x_wconf 90' lang='lat' dir='ltr'><strong>n.</strong></span> <span class='ocrx_word' id='word_1_95' title='bbox 667 1363 716 1412; x_wconf 89' lang='lat' dir='ltr'><strong>d.</strong></span> <span class='ocrx_word' id='word_1_96' title='bbox 741 1362 799 1422; x_wconf 88' lang='grc'><strong>3,</strong></span> <span class='ocrx_word' id='word_1_97' title='bbox 823 1362 920 1424; x_wconf 89' lang='grc'><strong>38,</strong></span> <span class='ocrx_word' id='word_1_98' title='bbox 942 1360 1028 1411; x_wconf 86' lang='grc'><strong>91.</strong></span> <span class='ocrx_word' id='word_1_99' title='bbox 1083 1368 1212 1411; x_wconf 90' lang='lat' dir='ltr'><strong>orat.</strong></span> 
     </span>
     <span class='ocr_line' id='line_1_18' title="bbox 279 1431 1215 1496; baseline -0.003 -15"><span class='ocrx_word' id='word_1_100' title='bbox 279 1433 364 1491; x_wconf 85' lang='lat'><strong>49,</strong></span> <span class='ocrx_word' id='word_1_101' title='bbox 380 1431 496 1481; x_wconf 79' lang='grc'><strong>16-1.</strong></span> <span class='ocrx_word' id='word_1_102' title='bbox 519 1461 583 1468; x_wconf 89' lang='grc'><strong>-</strong></span> <span class='ocrx_word' id='word_1_103' title='bbox 603 1432 748 1482; x_wconf 86' lang='lat' dir='ltr'><strong>Paris</strong></span> <span class='ocrx_word' id='word_1_104' title='bbox 767 1447 860 1496; x_wconf 88' lang='lat' dir='ltr'><strong>per</strong></span> <span class='ocrx_word' id='word_1_105' title='bbox 880 1432 1046 1479; x_wconf 87' lang='lat' dir='ltr'><strong>iocum</strong></span> <span class='ocrx_word' id='word_1_106' title='bbox 1065 1446 1215 1480; x_wconf 87' lang='lat' dir='ltr'><strong>voca-</strong></span> 
     </span>
     <span class='ocr_line' id='line_1_19' title="bbox 277 1498 1213 1562; baseline -0.002 -14"><span class='ocrx_word' id='word_1_107' title='bbox 277 1508 360 1548; x_wconf 91' lang='lat' dir='ltr'><strong>tur</strong></span> <span class='ocrx_word' id='word_1_108' title='bbox 383 1500 438 1549; x_wconf 88' lang='lat' dir='ltr'><strong>C.</strong></span> <span class='ocrx_word' id='word_1_109' title='bbox 461 1501 759 1559; x_wconf 82' lang='lat' dir='ltr'><strong>MemmiuS,</strong></span> <span class='ocrx_word' id='word_1_110' title='bbox 797 1503 918 1562; x_wconf 91' lang='lat' dir='ltr'><strong>quia</strong></span> <span class='ocrx_word' id='word_1_111' title='bbox 935 1498 1134 1550; x_wconf 75' lang='lat' dir='ltr'>Luculli</span> <span class='ocrx_word' id='word_1_112' title='bbox 1165 1505 1213 1547; x_wconf 91' lang='lat' dir='ltr'><strong>et</strong></span> 
     </span>
     <span class='ocr_line' id='line_1_20' title="bbox 276 1569 1211 1633; baseline -0.001 -16"><span class='ocrx_word' id='word_1_113' title='bbox 276 1570 508 1632; x_wconf 88' lang='lat' dir='ltr'><strong>Pompeii</strong></span> <span class='ocrx_word' id='word_1_114' title='bbox 536 1584 724 1618; x_wconf 84' lang='lat' dir='ltr'><strong>uxores</strong></span> <span class='ocrx_word' id='word_1_115' title='bbox 757 1576 1106 1633; x_wconf 80' lang='lat' dir='ltr'><strong>stupraverat,</strong></span> <span class='ocrx_word' id='word_1_116' title='bbox 1146 1569 1211 1616; x_wconf 88' lang='lat' dir='ltr'><strong>ad</strong></span> 
     </span>
     <span class='ocr_line' id='line_1_21' title="bbox 281 1636 688 1697; baseline 0.005 -14"><span class='ocrx_word' id='word_1_117' title='bbox 281 1638 385 1684; x_wconf 85' lang='lat' dir='ltr'><strong>Att.</strong></span> <span class='ocrx_word' id='word_1_118' title='bbox 421 1636 474 1697; x_wconf 91' lang='lat'><strong>1,</strong></span> <span class='ocrx_word' id='word_1_119' title='bbox 515 1637 598 1697; x_wconf 93' lang='grc'><strong>18,</strong></span> <span class='ocrx_word' id='word_1_120' title='bbox 637 1638 688 1687; x_wconf 90' lang='grc'><strong>3.</strong></span> 
     </span>
    </p>

    <p class='ocr_par' dir='ltr' id='par_1_8' title="bbox 208 1703 1214 2527">
     <span class='ocr_line' id='line_1_22' title="bbox 208 1703 1211 1769; baseline -0.003 -13"><span class='ocrx_word' id='word_1_121' title='bbox 208 1703 446 1767; x_wconf 83' lang='lat' dir='ltr'><strong>Parma,</strong></span> <span class='ocrx_word' id='word_1_122' title='bbox 491 1706 612 1753; x_wconf 88' lang='lat' dir='ltr'><strong>urbs</strong></span> <span class='ocrx_word' id='word_1_123' title='bbox 649 1704 842 1755; x_wconf 85' lang='lat' dir='ltr'><strong>Galliae</strong></span> <span class='ocrx_word' id='word_1_124' title='bbox 879 1705 1211 1769; x_wconf 85' lang='lat' dir='ltr'><strong>Cispadanae‚</strong></span> 
     </span>
     <span class='ocr_line' id='line_1_23' title="bbox 279 1773 1207 1837; baseline -0.002 -14"><span class='ocrx_word' id='word_1_125' title='bbox 279 1773 658 1823; x_wconf 88' lang='lat' dir='ltr'><strong>studiosissima</strong></span> <span class='ocrx_word' id='word_1_126' title='bbox 698 1775 774 1822; x_wconf 89' lang='lat' dir='ltr'><strong>rei</strong></span> <span class='ocrx_word' id='word_1_127' title='bbox 809 1774 948 1837; x_wconf 89' lang='lat' dir='ltr'><strong>publ.</strong></span> <span class='ocrx_word' id='word_1_128' title='bbox 987 1788 1034 1825; x_wconf 86' lang='lat' dir='ltr'><strong>a.</strong></span> <span class='ocrx_word' id='word_1_129' title='bbox 1067 1789 1120 1821; x_wconf 87' lang='lat' dir='ltr'><strong>u.</strong></span> <span class='ocrx_word' id='word_1_130' title='bbox 1164 1790 1207 1821; x_wconf 92' lang='lat' dir='ltr'><strong>c.</strong></span> 
     </span>
     <span class='ocr_line' id='line_1_24' title="bbox 278 1840 1214 1902; baseline -0.002 -11"><span class='ocrx_word' id='word_1_131' title='bbox 278 1840 419 1900; x_wconf 89' lang='grc'><strong>710.,</strong></span> <span class='ocrx_word' id='word_1_132' title='bbox 457 1843 524 1892; x_wconf 88' lang='lat' dir='ltr'><strong>ad</strong></span> <span class='ocrx_word' id='word_1_133' title='bbox 547 1843 668 1891; x_wconf 85' lang='lat' dir='ltr'><strong>fam.</strong></span> <span class='ocrx_word' id='word_1_134' title='bbox 699 1844 780 1902; x_wconf 88' lang='grc'><strong>12,</strong></span> <span class='ocrx_word' id='word_1_135' title='bbox 802 1843 853 1902; x_wconf 87' lang='grc'><strong>5,</strong></span> <span class='ocrx_word' id='word_1_136' title='bbox 874 1844 924 1891; x_wconf 87' lang='grc'><strong>2.</strong></span> <span class='ocrx_word' id='word_1_137' title='bbox 947 1868 1016 1877; x_wconf 91' lang='lat'><strong>--</strong></span> <span class='ocrx_word' id='word_1_138' title='bbox 1032 1841 1214 1890; x_wconf 88' lang='lat' dir='ltr'><strong>Parma</strong></span> 
     </span>
     <span class='ocr_line' id='line_1_25' title="bbox 279 1912 1209 1976; baseline 0.005 -17"><span class='ocrx_word' id='word_1_139' title='bbox 279 1912 478 1976; x_wconf 89' lang='lat' dir='ltr'><strong>direpta</strong></span> <span class='ocrx_word' id='word_1_140' title='bbox 529 1912 591 1961; x_wconf 85' lang='lat' dir='ltr'><strong>ab</strong></span> <span class='ocrx_word' id='word_1_141' title='bbox 631 1913 935 1961; x_wconf 89' lang='lat' dir='ltr'><strong>Antonianis</strong></span> <span class='ocrx_word' id='word_1_142' title='bbox 985 1928 1032 1960; x_wconf 86' lang='lat' dir='ltr'><strong>a.</strong></span> <span class='ocrx_word' id='word_1_143' title='bbox 1069 1927 1120 1960; x_wconf 91' lang='grc' dir='ltr'><strong>ιι.</strong></span> <span class='ocrx_word' id='word_1_144' title='bbox 1161 1927 1209 1964; x_wconf 90' lang='lat' dir='ltr'><strong>c.</strong></span> 
     </span>
     <span class='ocr_line' id='line_1_26' title="bbox 277 1979 1211 2044; baseline -0.001 -14"><span class='ocrx_word' id='word_1_145' title='bbox 277 1981 397 2034; x_wconf 86' lang='lat'><strong>711.</strong></span> <span class='ocrx_word' id='word_1_146' title='bbox 415 2017 432 2044; x_wconf 89' lang='lat'><strong>,</strong></span> <span class='ocrx_word' id='word_1_147' title='bbox 468 1982 534 2031; x_wconf 84' lang='lat' dir='ltr'><strong>ad</strong></span> <span class='ocrx_word' id='word_1_148' title='bbox 565 1982 689 2034; x_wconf 82' lang='lat' dir='ltr'><strong>fam.</strong></span> <span class='ocrx_word' id='word_1_149' title='bbox 715 1980 794 2044; x_wconf 91' lang='lat'><strong>10,</strong></span> <span class='ocrx_word' id='word_1_150' title='bbox 821 1981 908 2042; x_wconf 86' lang='lat'><strong>33,</strong></span> <span class='ocrx_word' id='word_1_151' title='bbox 929 1982 980 2033; x_wconf 87' lang='lat'><strong>4.</strong></span> <span class='ocrx_word' id='word_1_152' title='bbox 1002 1979 1211 2029; x_wconf 83' lang='lat' dir='ltr'><strong>—Par-</strong></span> 
     </span>
     <span class='ocr_line' id='line_1_27' title="bbox 275 2050 1212 2111; baseline 0 -13"><span class='ocrx_word' id='word_1_153' title='bbox 275 2065 478 2099; x_wconf 84' lang='lat' dir='ltr'><strong>menses</strong></span> <span class='ocrx_word' id='word_1_154' title='bbox 515 2052 813 2111; x_wconf 85' lang='lat' dir='ltr'><strong>miserrimi,</strong></span> <span class='ocrx_word' id='word_1_155' title='bbox 849 2050 908 2100; x_wconf 89' lang='lat' dir='ltr'><strong>D.</strong></span> <span class='ocrx_word' id='word_1_156' title='bbox 935 2050 1120 2100; x_wconf 87' lang='lat' dir='ltr'><strong>Brutus</strong></span> <span class='ocrx_word' id='word_1_157' title='bbox 1145 2050 1212 2098; x_wconf 89' lang='lat' dir='ltr'><strong>ad</strong></span> 
     </span>
     <span class='ocr_line' id='line_1_28' title="bbox 275 2118 1210 2182; baseline -0.001 -16"><span class='ocrx_word' id='word_1_158' title='bbox 275 2118 399 2169; x_wconf 81' lang='lat' dir='ltr'><strong>fam.</strong></span> <span class='ocrx_word' id='word_1_159' title='bbox 441 2119 502 2168; x_wconf 89' lang='grc'><strong>11</strong></span> <span class='ocrx_word' id='word_1_160' title='bbox 522 2153 538 2182; x_wconf 93' lang='grc'><strong>,</strong></span> <span class='ocrx_word' id='word_1_161' title='bbox 590 2119 674 2170; x_wconf 89' lang='grc'><strong>13.</strong></span> <span class='ocrx_word' id='word_1_162' title='bbox 704 2133 748 2167; x_wconf 90' lang='lat' dir='ltr'><strong>a.</strong></span> <span class='ocrx_word' id='word_1_163' title='bbox 797 2145 864 2154; x_wconf 91' lang='grc'><strong>-</strong></span> <span class='ocrx_word' id='word_1_164' title='bbox 909 2119 1210 2167; x_wconf 88' lang='lat' dir='ltr'><strong>Parmenses</strong></span> 
     </span>
     <span class='ocr_line' id='line_1_29' title="bbox 277 2187 1212 2250; baseline 0.003 -18"><span class='ocrx_word' id='word_1_165' title='bbox 277 2187 496 2249; x_wconf 87' lang='lat' dir='ltr'><strong>optimos</strong></span> <span class='ocrx_word' id='word_1_166' title='bbox 567 2189 705 2236; x_wconf 86' lang='lat' dir='ltr'><strong>viros</strong></span> <span class='ocrx_word' id='word_1_167' title='bbox 727 2223 741 2250; x_wconf 94' lang='lat'><strong>,</strong></span> <span class='ocrx_word' id='word_1_168' title='bbox 806 2188 1026 2236; x_wconf 82' lang='lat' dir='ltr'><strong>maxime</strong></span> <span class='ocrx_word' id='word_1_169' title='bbox 1096 2201 1212 2235; x_wconf 89' lang='lat' dir='ltr'><strong>cum</strong></span> 
     </span>
     <span class='ocr_line' id='line_1_30' title="bbox 276 2253 1211 2320; baseline 0.001 -17"><span class='ocrx_word' id='word_1_170' title='bbox 276 2253 577 2306; x_wconf 84' lang='lat' dir='ltr'><strong>auctoritate</strong></span> <span class='ocrx_word' id='word_1_171' title='bbox 640 2262 845 2304; x_wconf 89' lang='lat' dir='ltr'><strong>senatus</strong></span> <span class='ocrx_word' id='word_1_172' title='bbox 925 2253 1211 2320; x_wconf 82' lang='lat' dir='ltr'><strong>populique</strong></span> 
     </span>
     <span class='ocr_line' id='line_1_31' title="bbox 274 2323 1211 2382; baseline 0 -10"><span class='ocrx_word' id='word_1_173' title='bbox 274 2323 492 2374; x_wconf 85' lang='lat' dir='ltr'><strong>Romani</strong></span> <span class='ocrx_word' id='word_1_174' title='bbox 546 2326 837 2374; x_wconf 84' lang='lat' dir='ltr'><strong>coniunctos</strong></span> <span class='ocrx_word' id='word_1_175' title='bbox 856 2361 870 2382; x_wconf 91' lang='lat'>‚</span> <span class='ocrx_word' id='word_1_176' title='bbox 920 2323 1211 2373; x_wconf 89' lang='lat' dir='ltr'><strong>crudelissi-</strong></span> 
     </span>
     <span class='ocr_line' id='line_1_32' title="bbox 275 2393 1210 2460; baseline 0 -18"><span class='ocrx_word' id='word_1_177' title='bbox 275 2394 373 2443; x_wconf 88' lang='lat' dir='ltr'><strong>mis</strong></span> <span class='ocrx_word' id='word_1_178' title='bbox 408 2394 656 2460; x_wconf 83' lang='lat' dir='ltr'><strong>exemplis</strong></span> <span class='ocrx_word' id='word_1_179' title='bbox 691 2394 942 2444; x_wconf 75' lang='lat' dir='ltr'><strong>interemit</strong></span> <span class='ocrx_word' id='word_1_180' title='bbox 968 2393 1028 2444; x_wconf 91' lang='lat' dir='ltr'><strong>L.</strong></span> <span class='ocrx_word' id='word_1_181' title='bbox 1053 2395 1210 2442; x_wconf 88' lang='lat' dir='ltr'><strong>Anto-</strong></span> 
     </span>
     <span class='ocr_line' id='line_1_33' title="bbox 274 2461 1205 2527; baseline -0.002 -16"><span class='ocrx_word' id='word_1_182' title='bbox 274 2464 390 2512; x_wconf 86' lang='lat' dir='ltr'><strong>nius</strong></span> <span class='ocrx_word' id='word_1_183' title='bbox 403 2479 450 2512; x_wconf 86' lang='lat' dir='ltr'><strong>a.</strong></span> <span class='ocrx_word' id='word_1_184' title='bbox 468 2480 520 2516; x_wconf 90' lang='lat' dir='ltr'><strong>u.</strong></span> <span class='ocrx_word' id='word_1_185' title='bbox 539 2480 581 2514; x_wconf 89' lang='lat' dir='ltr'><strong>c.</strong></span> <span class='ocrx_word' id='word_1_186' title='bbox 596 2464 736 2523; x_wconf 92' lang='grc'><strong>711.,</strong></span> <span class='ocrx_word' id='word_1_187' title='bbox 751 2463 974 2527; x_wconf 85' lang='lat' dir='ltr'><strong>Philipp.</strong></span> <span class='ocrx_word' id='word_1_188' title='bbox 991 2463 1074 2519; x_wconf 88' lang='lat'><strong>14,</strong></span> <span class='ocrx_word' id='word_1_189' title='bbox 1089 2461 1140 2523; x_wconf 90' lang='grc'><strong>3,</strong></span> <span class='ocrx_word' id='word_1_190' title='bbox 1154 2461 1205 2512; x_wconf 89' lang='grc'><strong>8.</strong></span> 
     </span>
    </p>

    <p class='ocr_par' dir='ltr' id='par_1_9' title="bbox 205 2525 1211 3476">
     <span class='ocr_line' id='line_1_34' title="bbox 205 2525 1208 2582; baseline -0.003 -1"><span class='ocrx_word' id='word_1_191' title='bbox 205 2525 570 2582; x_wconf 84' lang='lat' dir='ltr'><strong>Parmenides</strong></span> <span class='ocrx_word' id='word_1_192' title='bbox 598 2542 646 2581; x_wconf 83' lang='lat' dir='ltr'><strong>et</strong></span> <span class='ocrx_word' id='word_1_193' title='bbox 664 2534 815 2582; x_wconf 88' lang='lat' dir='ltr'><strong>Zeno.</strong></span> <span class='ocrx_word' id='word_1_194' title='bbox 853 2532 936 2581; x_wconf 88' lang='lat' dir='ltr'><strong>Ab</strong></span> <span class='ocrx_word' id='word_1_195' title='bbox 953 2531 1035 2580; x_wconf 85' lang='lat' dir='ltr'><strong>his</strong></span> <span class='ocrx_word' id='word_1_196' title='bbox 1062 2530 1208 2580; x_wconf 86' lang='lat' dir='ltr'><strong>Elea-</strong></span> 
     </span>
     <span class='ocr_line' id='line_1_35' title="bbox 273 2601 1208 2665; baseline 0 -18"><span class='ocrx_word' id='word_1_197' title='bbox 273 2601 362 2649; x_wconf 88' lang='lat' dir='ltr'><strong>tici</strong></span> <span class='ocrx_word' id='word_1_198' title='bbox 443 2601 734 2665; x_wconf 87' lang='lat' dir='ltr'><strong>philosophi</strong></span> <span class='ocrx_word' id='word_1_199' title='bbox 806 2601 1208 2658; x_wconf 74' lang='lat' dir='ltr'><strong>nominabantur,</strong></span> 
     </span>
     <span class='ocr_line' id='line_1_36' title="bbox 274 2667 1210 2732; baseline 0 -16"><span class='ocrx_word' id='word_1_200' title='bbox 274 2667 436 2719; x_wconf 86' lang='lat' dir='ltr'><strong>Acad.</strong></span> <span class='ocrx_word' id='word_1_201' title='bbox 474 2684 552 2732; x_wconf 84' lang='lat' dir='ltr'><strong>pr.</strong></span> <span class='ocrx_word' id='word_1_202' title='bbox 591 2669 654 2726; x_wconf 88' lang='grc'><strong>2,</strong></span> <span class='ocrx_word' id='word_1_203' title='bbox 689 2669 788 2727; x_wconf 86' lang='grc'><strong>42,</strong></span> <span class='ocrx_word' id='word_1_204' title='bbox 828 2668 944 2718; x_wconf 91' lang='grc'><strong>129.</strong></span> <span class='ocrx_word' id='word_1_205' title='bbox 979 2693 1051 2703; x_wconf 91' lang='lat'><strong>—-</strong></span> <span class='ocrx_word' id='word_1_206' title='bbox 1088 2667 1210 2716; x_wconf 86' lang='lat' dir='ltr'><strong>Par-</strong></span> 
     </span>
     <span class='ocr_line' id='line_1_37' title="bbox 273 2735 1211 2798; baseline 0.001 -14"><span class='ocrx_word' id='word_1_207' title='bbox 273 2736 530 2797; x_wconf 87' lang='lat' dir='ltr'><strong>menides,</strong></span> <span class='ocrx_word' id='word_1_208' title='bbox 563 2735 902 2798; x_wconf 83' lang='lat' dir='ltr'><strong>Xenophanes</strong></span> <span class='ocrx_word' id='word_1_209' title='bbox 935 2737 1101 2784; x_wconf 87' lang='lat' dir='ltr'><strong>minus</strong></span> <span class='ocrx_word' id='word_1_210' title='bbox 1120 2737 1211 2785; x_wconf 91' lang='lat' dir='ltr'><strong>bo-</strong></span> 
     </span>
     <span class='ocr_line' id='line_1_38' title="bbox 275 2804 1210 2869; baseline 0.003 -17"><span class='ocrx_word' id='word_1_211' title='bbox 275 2818 368 2852; x_wconf 89' lang='lat' dir='ltr'><strong>nos</strong></span> <span class='ocrx_word' id='word_1_212' title='bbox 397 2817 572 2853; x_wconf 85' lang='lat' dir='ltr'><strong>versus</strong></span> <span class='ocrx_word' id='word_1_213' title='bbox 599 2804 826 2853; x_wconf 82' lang='lat' dir='ltr'><strong>fecerunt</strong></span> <span class='ocrx_word' id='word_1_214' title='bbox 855 2819 1008 2866; x_wconf 86' lang='lat' dir='ltr'><strong>quam</strong></span> <span class='ocrx_word' id='word_1_215' title='bbox 1027 2804 1210 2869; x_wconf 86' lang='lat' dir='ltr'><strong>Empe-</strong></span> 
     </span>
     <span class='ocr_line' id='line_1_39' title="bbox 278 2870 1208 2932; baseline 0.002 -11"><span class='ocrx_word' id='word_1_216' title='bbox 278 2870 481 2932; x_wconf 75' lang='lat' dir='ltr'><strong>docleS,</strong></span> <span class='ocrx_word' id='word_1_217' title='bbox 520 2873 612 2922; x_wconf 90' lang='lat' dir='ltr'><strong>sed</strong></span> <span class='ocrx_word' id='word_1_218' title='bbox 633 2880 800 2920; x_wconf 88' lang='lat' dir='ltr'><strong>tamen</strong></span> <span class='ocrx_word' id='word_1_219' title='bbox 837 2872 939 2922; x_wconf 91' lang='lat' dir='ltr'><strong>illis</strong></span> <span class='ocrx_word' id='word_1_220' title='bbox 975 2873 1208 2923; x_wconf 88' lang='lat' dir='ltr'><strong>versibus</strong></span> 
     </span>
     <span class='ocr_line' id='line_1_40' title="bbox 276 2942 1208 3008; baseline 0 -18"><span class='ocrx_word' id='word_1_221' title='bbox 276 2942 538 3004; x_wconf 85' lang='lat' dir='ltr'><strong>increpant</strong></span> <span class='ocrx_word' id='word_1_222' title='bbox 606 2956 780 2990; x_wconf 85' lang='lat' dir='ltr'><strong>eorum</strong></span> <span class='ocrx_word' id='word_1_223' title='bbox 856 2942 1208 3008; x_wconf 83' lang='lat' dir='ltr'><strong>adrogantiam</strong></span> 
     </span>
     <span class='ocr_line' id='line_1_41' title="bbox 280 3009 1202 3073; baseline -0.001 -13"><span class='ocrx_word' id='word_1_224' title='bbox 280 3011 425 3072; x_wconf 86' lang='lat' dir='ltr'><strong>quasi</strong></span> <span class='ocrx_word' id='word_1_225' title='bbox 446 3011 577 3069; x_wconf 80' lang='lat' dir='ltr'><strong>irati,</strong></span> <span class='ocrx_word' id='word_1_226' title='bbox 613 3009 718 3072; x_wconf 91' lang='lat' dir='ltr'><strong>qui,</strong></span> <span class='ocrx_word' id='word_1_227' title='bbox 746 3025 901 3073; x_wconf 88' lang='lat' dir='ltr'><strong>quum</strong></span> <span class='ocrx_word' id='word_1_228' title='bbox 927 3012 1050 3061; x_wconf 88' lang='lat' dir='ltr'><strong>sciri</strong></span> <span class='ocrx_word' id='word_1_229' title='bbox 1077 3010 1202 3060; x_wconf 87' lang='lat' dir='ltr'><strong>nihil</strong></span> 
     </span>
     <span class='ocr_line' id='line_1_42' title="bbox 277 3080 1205 3144; baseline 0 -16"><span class='ocrx_word' id='word_1_230' title='bbox 277 3081 466 3144; x_wconf 85' lang='lat' dir='ltr'><strong>possit,</strong></span> <span class='ocrx_word' id='word_1_231' title='bbox 502 3080 722 3130; x_wconf 86' lang='lat' dir='ltr'><strong>audeant</strong></span> <span class='ocrx_word' id='word_1_232' title='bbox 757 3094 811 3128; x_wconf 88' lang='lat' dir='ltr'><strong>se</strong></span> <span class='ocrx_word' id='word_1_233' title='bbox 851 3081 984 3130; x_wconf 85' lang='lat' dir='ltr'><strong>scire</strong></span> <span class='ocrx_word' id='word_1_234' title='bbox 1019 3080 1205 3140; x_wconf 80' lang='lat' dir='ltr'><strong>dicere,</strong></span> 
     </span>
     <span class='ocr_line' id='line_1_43' title="bbox 275 3148 1208 3214; baseline -0.002 -16"><span class='ocrx_word' id='word_1_235' title='bbox 275 3150 432 3198; x_wconf 85' lang='lat' dir='ltr'><strong>Acad.</strong></span> <span class='ocrx_word' id='word_1_236' title='bbox 465 3165 542 3214; x_wconf 90' lang='lat' dir='ltr'><strong>pr.</strong></span> <span class='ocrx_word' id='word_1_237' title='bbox 563 3151 616 3210; x_wconf 83' lang='grc'><strong>2,</strong></span> <span class='ocrx_word' id='word_1_238' title='bbox 635 3148 720 3214; x_wconf 93' lang='grc'><strong>23,</strong></span> <span class='ocrx_word' id='word_1_239' title='bbox 740 3151 825 3199; x_wconf 89' lang='grc'><strong>74.</strong></span> <span class='ocrx_word' id='word_1_240' title='bbox 855 3175 926 3186; x_wconf 88' lang='grc'>-</span> <span class='ocrx_word' id='word_1_241' title='bbox 949 3149 1208 3199; x_wconf 89' lang='lat' dir='ltr'><strong>Parmeni-</strong></span> 
     </span>
     <span class='ocr_line' id='line_1_44' title="bbox 277 3217 1210 3284; baseline -0.002 -17"><span class='ocrx_word' id='word_1_242' title='bbox 277 3218 555 3284; x_wconf 83' lang='lat' dir='ltr'><strong>designem</strong></span> <span class='ocrx_word' id='word_1_243' title='bbox 575 3217 705 3268; x_wconf 84' lang='lat' dir='ltr'><strong>dixit</strong></span> <span class='ocrx_word' id='word_1_244' title='bbox 725 3233 855 3282; x_wconf 88' lang='lat' dir='ltr'><strong>esse,</strong></span> <span class='ocrx_word' id='word_1_245' title='bbox 871 3233 899 3266; x_wconf 86' lang='lat' dir='ltr'><strong>a</strong></span> <span class='ocrx_word' id='word_1_246' title='bbox 921 3234 1018 3280; x_wconf 87' lang='lat' dir='ltr'><strong>quo</strong></span> <span class='ocrx_word' id='word_1_247' title='bbox 1039 3219 1210 3268; x_wconf 89' lang='lat' dir='ltr'><strong>omnia</strong></span> 
     </span>
     <span class='ocr_line' id='line_1_45' title="bbox 275 3287 1204 3351; baseline 0.003 -18"><span class='ocrx_word' id='word_1_248' title='bbox 275 3289 622 3351; x_wconf 76' lang='lat' dir='ltr'><strong>gignerentur,</strong></span> <span class='ocrx_word' id='word_1_249' title='bbox 662 3287 750 3348; x_wconf 91' lang='lat' dir='ltr'><strong>qui</strong></span> <span class='ocrx_word' id='word_1_250' title='bbox 785 3296 984 3337; x_wconf 80' lang='lat' dir='ltr'><strong>moveat</strong></span> <span class='ocrx_word' id='word_1_251' title='bbox 1003 3294 1204 3347; x_wconf 85' lang='lat' dir='ltr'><strong>terram,</strong></span> 
     </span>
     <span class='ocr_line' id='line_1_46' title="bbox 277 3355 1205 3418; baseline 0.003 -18"><span class='ocrx_word' id='word_1_252' title='bbox 277 3369 404 3412; x_wconf 86' lang='lat' dir='ltr'><strong>quae</strong></span> <span class='ocrx_word' id='word_1_253' title='bbox 425 3356 487 3403; x_wconf 91' lang='lat' dir='ltr'><strong>ab</strong></span> <span class='ocrx_word' id='word_1_254' title='bbox 505 3369 562 3403; x_wconf 89' lang='lat' dir='ltr'><strong>eo</strong></span> <span class='ocrx_word' id='word_1_255' title='bbox 585 3355 846 3412; x_wconf 79' lang='lat' dir='ltr'><strong>formetur,</strong></span> <span class='ocrx_word' id='word_1_256' title='bbox 870 3355 1026 3404; x_wconf 83' lang='lat' dir='ltr'><strong>Acad.</strong></span> <span class='ocrx_word' id='word_1_257' title='bbox 1051 3370 1130 3418; x_wconf 89' lang='lat' dir='ltr'><strong>pr.</strong></span> <span class='ocrx_word' id='word_1_258' title='bbox 1154 3357 1205 3415; x_wconf 88' lang='grc'><strong>2,</strong></span> 
     </span>
     <span class='ocr_line' id='line_1_47' title="bbox 275 3419 1210 3476; baseline 0 -7"><span class='ocrx_word' id='word_1_259' title='bbox 275 3419 359 3476; x_wconf 88' lang='grc'><strong>37,</strong></span> <span class='ocrx_word' id='word_1_260' title='bbox 383 3421 500 3470; x_wconf 92' lang='grc'><strong>118.</strong></span> <span class='ocrx_word' id='word_1_261' title='bbox 517 3447 588 3457; x_wconf 83' lang='grc'>-</span> <span class='ocrx_word' id='word_1_262' title='bbox 623 3421 934 3470; x_wconf 85' lang='lat' dir='ltr'><strong>Parmenidis</strong></span> <span class='ocrx_word' id='word_1_263' title='bbox 954 3423 1210 3471; x_wconf 86' lang='lat' dir='ltr'><strong>conventi-</strong></span> 
     </span>
    </p>
   </div>
   <div class='ocr_carea' id='block_1_3' title="bbox 856 178 1661 225">
    <p class='ocr_par' dir='ltr' id='par_1_10' title="bbox 856 178 1661 225">
     <span class='ocr_line' id='line_1_48' title="bbox 856 178 1661 225; baseline -0.001 -1"><span class='ocrx_word' id='word_1_264' title='bbox 856 179 1170 225; x_wconf 72' lang='lat' dir='ltr'><strong>PARALUS</strong></span> <span class='ocrx_word' id='word_1_265' title='bbox 1193 200 1279 209; x_wconf 91' lang='lat'><strong>—·</strong></span> <span class='ocrx_word' id='word_1_266' title='bbox 1300 178 1661 225; x_wconf 78' lang='lat' dir='ltr'><strong>PASIPHAE.</strong></span> 
     </span>
    </p>
   </div>
   <div class='ocr_carea' id='block_1_4' title="bbox 1276 333 2327 3480">
    <p class='ocr_par' dir='ltr' id='par_1_11' title="bbox 1350 333 2303 468">
     <span class='ocr_line' id='line_1_49' title="bbox 1352 333 2303 395; baseline 0.002 -12"><span class='ocrx_word' id='word_1_267' title='bbox 1352 335 1489 383; x_wconf 86' lang='lat' dir='ltr'><strong>cium</strong></span> <span class='ocrx_word' id='word_1_268' title='bbox 1508 333 1755 395; x_wconf 82' lang='lat' dir='ltr'><strong>quiddam</strong></span> <span class='ocrx_word' id='word_1_269' title='bbox 1770 347 1985 381; x_wconf 86' lang='lat' dir='ltr'><strong>coronae</strong></span> <span class='ocrx_word' id='word_1_270' title='bbox 2004 334 2181 384; x_wconf 89' lang='lat' dir='ltr'><strong>simile</strong></span> <span class='ocrx_word' id='word_1_271' title='bbox 2204 347 2303 389; x_wconf 75' lang='lat' dir='ltr'><strong>etc.</strong></span> 
     </span>
     <span class='ocr_line' id='line_1_50' title="bbox 1350 400 2303 468; baseline 0.003 -17"><span class='ocrx_word' id='word_1_272' title='bbox 1350 404 1415 451; x_wconf 88' lang='lat' dir='ltr'><strong>de</strong></span> <span class='ocrx_word' id='word_1_273' title='bbox 1434 418 1483 453; x_wconf 91' lang='lat' dir='ltr'><strong>n.</strong></span> <span class='ocrx_word' id='word_1_274' title='bbox 1504 402 1557 451; x_wconf 87' lang='lat' dir='ltr'><strong>d.</strong></span> <span class='ocrx_word' id='word_1_275' title='bbox 1578 401 1627 460; x_wconf 94' lang='grc'><strong>1,</strong></span> <span class='ocrx_word' id='word_1_276' title='bbox 1650 403 1734 463; x_wconf 90' lang='grc'><strong>11,</strong></span> <span class='ocrx_word' id='word_1_277' title='bbox 1754 400 1839 451; x_wconf 87' lang='grc'><strong>28.</strong></span> <span class='ocrx_word' id='word_1_278' title='bbox 1878 401 1943 450; x_wconf 79' lang='lat' dir='ltr'><strong>cf.</strong></span> <span class='ocrx_word' id='word_1_279' title='bbox 1962 402 2122 453; x_wconf 86' lang='lat' dir='ltr'><strong>Acad.</strong></span> <span class='ocrx_word' id='word_1_280' title='bbox 2142 419 2223 468; x_wconf 87' lang='lat' dir='ltr'><strong>pr.</strong></span> <span class='ocrx_word' id='word_1_281' title='bbox 2244 406 2303 467; x_wconf 85' lang='lat'><strong>2,</strong></span> 
     </span>
    </p>

    <p class='ocr_par' dir='ltr' id='par_1_12' title="bbox 1284 538 2295 604">
     <span class='ocr_line' id='line_1_51' title="bbox 1284 538 2295 604; baseline 0 -17"><span class='ocrx_word' id='word_1_282' title='bbox 1284 538 1583 599; x_wconf 80' lang='lat' dir='ltr'><strong>Parmeno,</strong></span> <span class='ocrx_word' id='word_1_283' title='bbox 1612 552 1707 601; x_wconf 84' lang='lat' dir='ltr'><strong>pro</strong></span> <span class='ocrx_word' id='word_1_284' title='bbox 1738 538 1966 591; x_wconf 84' lang='lat' dir='ltr'><strong>Fundan.</strong></span> <span class='ocrx_word' id='word_1_285' title='bbox 2016 538 2211 604; x_wconf 81' lang='lat' dir='ltr'><strong>fragm.</strong></span> <span class='ocrx_word' id='word_1_286' title='bbox 2240 540 2295 589; x_wconf 89' lang='lat'><strong>8.</strong></span> 
     </span>
    </p>

    <p class='ocr_par' dir='ltr' id='par_1_13' title="bbox 1286 673 2298 803">
     <span class='ocr_line' id='line_1_52' title="bbox 1286 673 2298 739; baseline 0.001 -15"><span class='ocrx_word' id='word_1_287' title='bbox 1286 673 1653 737; x_wconf 68' lang='lat' dir='ltr'><strong>Parrhasius,</strong></span> <span class='ocrx_word' id='word_1_288' title='bbox 1690 674 1969 739; x_wconf 84' lang='lat' dir='ltr'><strong>Ephesius,</strong></span> <span class='ocrx_word' id='word_1_289' title='bbox 2004 677 2173 739; x_wconf 90' lang='lat' dir='ltr'><strong>pictor</strong></span> <span class='ocrx_word' id='word_1_290' title='bbox 2207 690 2298 725; x_wconf 84' lang='lat' dir='ltr'><strong>no-</strong></span> 
     </span>
     <span class='ocr_line' id='line_1_53' title="bbox 1356 744 2119 803; baseline -0.003 -10"><span class='ocrx_word' id='word_1_291' title='bbox 1356 744 1633 793; x_wconf 87' lang='lat' dir='ltr'><strong>bilissimus</strong></span> <span class='ocrx_word' id='word_1_292' title='bbox 1648 780 1663 801; x_wconf 93' lang='lat'><strong>,</strong></span> <span class='ocrx_word' id='word_1_293' title='bbox 1698 744 1902 795; x_wconf 89' lang='lat' dir='ltr'><strong>Tuscul.</strong></span> <span class='ocrx_word' id='word_1_294' title='bbox 1927 746 1973 803; x_wconf 89' lang='lat'><strong>1,</strong></span> <span class='ocrx_word' id='word_1_295' title='bbox 1996 745 2047 803; x_wconf 88' lang='lat'><strong>2,</strong></span> <span class='ocrx_word' id='word_1_296' title='bbox 2066 746 2119 793; x_wconf 76' lang='lat'><strong>4.</strong></span> 
     </span>
    </p>

    <p class='ocr_par' dir='ltr' id='par_1_14' title="bbox 1286 809 2296 877">
     <span class='ocr_line' id='line_1_54' title="bbox 1286 809 2296 877; baseline 0 -15"><span class='ocrx_word' id='word_1_297' title='bbox 1286 809 1627 862; x_wconf 78' lang='lat' dir='ltr'><strong>Parrhasius</strong></span> <span class='ocrx_word' id='word_1_298' title='bbox 1656 812 1955 873; x_wconf 82' lang='lat' dir='ltr'><strong>Trallianus,</strong></span> <span class='ocrx_word' id='word_1_299' title='bbox 1990 827 2087 877; x_wconf 89' lang='lat' dir='ltr'><strong>pro</strong></span> <span class='ocrx_word' id='word_1_300' title='bbox 2108 812 2296 862; x_wconf 85' lang='lat' dir='ltr'><strong>Flacco</strong></span> 
     </span>
    </p>

    <p class='ocr_par' dir='ltr' id='par_1_15' title="bbox 1283 948 2293 1286">
     <span class='ocr_line' id='line_1_55' title="bbox 1283 948 2293 1012; baseline 0 -13"><span class='ocrx_word' id='word_1_301' title='bbox 1283 948 1610 1000; x_wconf 81' lang='lat' dir='ltr'><strong>Parthenon</strong></span> <span class='ocrx_word' id='word_1_302' title='bbox 1628 951 1785 998; x_wconf 83' lang='lat' dir='ltr'><strong>Attici</strong></span> <span class='ocrx_word' id='word_1_303' title='bbox 1803 950 2017 1012; x_wconf 89' lang='lat' dir='ltr'><strong>aliquis,</strong></span> <span class='ocrx_word' id='word_1_304' title='bbox 2056 951 2126 999; x_wconf 87' lang='lat' dir='ltr'><strong>ad</strong></span> <span class='ocrx_word' id='word_1_305' title='bbox 2148 952 2293 1000; x_wconf 88' lang='lat' dir='ltr'><strong>simi-</strong></span> 
     </span>
     <span class='ocr_line' id='line_1_56' title="bbox 1354 1018 2291 1081; baseline 0 -14"><span class='ocrx_word' id='word_1_306' title='bbox 1354 1020 1621 1067; x_wconf 82' lang='lat' dir='ltr'><strong>litudinem</strong></span> <span class='ocrx_word' id='word_1_307' title='bbox 1638 1020 1775 1078; x_wconf 86' lang='lat' dir='ltr'><strong>eins,</strong></span> <span class='ocrx_word' id='word_1_308' title='bbox 1807 1020 1896 1081; x_wconf 84' lang='lat' dir='ltr'><strong>qui</strong></span> <span class='ocrx_word' id='word_1_309' title='bbox 1917 1018 2137 1068; x_wconf 87' lang='lat' dir='ltr'><strong>Athenis</strong></span> <span class='ocrx_word' id='word_1_310' title='bbox 2168 1028 2291 1080; x_wconf 83' lang='lat' dir='ltr'><strong>erat,</strong></span> 
     </span>
     <span class='ocr_line' id='line_1_57' title="bbox 1352 1088 2293 1150; baseline -0.001 -13"><span class='ocrx_word' id='word_1_311' title='bbox 1352 1089 1515 1138; x_wconf 81' lang='lat' dir='ltr'><strong>factus</strong></span> <span class='ocrx_word' id='word_1_312' title='bbox 1533 1124 1550 1150; x_wconf 93' lang='lat'>‚</span> <span class='ocrx_word' id='word_1_313' title='bbox 1611 1088 1663 1136; x_wconf 92' lang='lat' dir='ltr'><strong>in</strong></span> <span class='ocrx_word' id='word_1_314' title='bbox 1702 1102 1801 1149; x_wconf 93' lang='lat' dir='ltr'><strong>quo</strong></span> <span class='ocrx_word' id='word_1_315' title='bbox 1835 1088 2054 1137; x_wconf 87' lang='lat' dir='ltr'><strong>habebat</strong></span> <span class='ocrx_word' id='word_1_316' title='bbox 2097 1096 2293 1137; x_wconf 83' lang='lat' dir='ltr'><strong>statuas</strong></span> 
     </span>
     <span class='ocr_line' id='line_1_58' title="bbox 1350 1155 2291 1216; baseline 0.002 -11"><span class='ocrx_word' id='word_1_317' title='bbox 1350 1156 1547 1205; x_wconf 84' lang='lat' dir='ltr'><strong>Ahalae</strong></span> <span class='ocrx_word' id='word_1_318' title='bbox 1578 1165 1626 1204; x_wconf 90' lang='lat' dir='ltr'><strong>et</strong></span> <span class='ocrx_word' id='word_1_319' title='bbox 1642 1155 1700 1204; x_wconf 89' lang='lat' dir='ltr'><strong>L.</strong></span> <span class='ocrx_word' id='word_1_320' title='bbox 1738 1157 1870 1205; x_wconf 90' lang='lat' dir='ltr'><strong>Iunii</strong></span> <span class='ocrx_word' id='word_1_321' title='bbox 1888 1156 2058 1216; x_wconf 85' lang='lat' dir='ltr'><strong>Bruti,</strong></span> <span class='ocrx_word' id='word_1_322' title='bbox 2098 1158 2169 1206; x_wconf 87' lang='lat' dir='ltr'><strong>ad</strong></span> <span class='ocrx_word' id='word_1_323' title='bbox 2186 1158 2291 1209; x_wconf 82' lang='lat' dir='ltr'><strong>Att.</strong></span> 
     </span>
     <span class='ocr_line' id='line_1_59' title="bbox 1354 1224 1618 1286; baseline 0 -11"><span class='ocrx_word' id='word_1_324' title='bbox 1354 1224 1436 1283; x_wconf 87' lang='lat'><strong>13,</strong></span> <span class='ocrx_word' id='word_1_325' title='bbox 1458 1224 1546 1286; x_wconf 88' lang='grc'><strong>40,</strong></span> <span class='ocrx_word' id='word_1_326' title='bbox 1570 1225 1618 1275; x_wconf 88' lang='grc'><strong>1.</strong></span> 
     </span>
    </p>

    <p class='ocr_par' dir='ltr' id='par_1_16' title="bbox 1281 1289 2327 2728">
     <span class='ocr_line' id='line_1_60' title="bbox 1281 1289 2294 1357; baseline 0.001 -14"><span class='ocrx_word' id='word_1_327' title='bbox 1281 1289 1503 1344; x_wconf 75' lang='lat' dir='ltr'><strong>Parthi.</strong></span> <span class='ocrx_word' id='word_1_328' title='bbox 1576 1294 1652 1343; x_wconf 92' lang='lat' dir='ltr'><strong>De</strong></span> <span class='ocrx_word' id='word_1_329' title='bbox 1672 1308 1849 1343; x_wconf 89' lang='lat' dir='ltr'><strong>eorum</strong></span> <span class='ocrx_word' id='word_1_330' title='bbox 1880 1302 2051 1357; x_wconf 87' lang='lat' dir='ltr'><strong>motu,</strong></span> <span class='ocrx_word' id='word_1_331' title='bbox 2089 1292 2294 1344; x_wconf 87' lang='lat' dir='ltr'><strong>Caelius</strong></span> 
     </span>
     <span class='ocr_line' id='line_1_61' title="bbox 1352 1361 2288 1427; baseline -0.001 -16"><span class='ocrx_word' id='word_1_332' title='bbox 1352 1363 1417 1411; x_wconf 89' lang='lat' dir='ltr'><strong>ad</strong></span> <span class='ocrx_word' id='word_1_333' title='bbox 1436 1362 1557 1411; x_wconf 86' lang='lat' dir='ltr'><strong>fam.</strong></span> <span class='ocrx_word' id='word_1_334' title='bbox 1578 1361 1628 1421; x_wconf 88' lang='grc'><strong>3,</strong></span> <span class='ocrx_word' id='word_1_335' title='bbox 1648 1361 1700 1421; x_wconf 89' lang='grc'><strong>5,</strong></span> <span class='ocrx_word' id='word_1_336' title='bbox 1723 1361 1769 1412; x_wconf 92' lang='grc'><strong>1.</strong></span> <span class='ocrx_word' id='word_1_337' title='bbox 1800 1362 1866 1411; x_wconf 83' lang='lat' dir='ltr'><strong>cf.</strong></span> <span class='ocrx_word' id='word_1_338' title='bbox 1890 1364 1941 1411; x_wconf 93' lang='lat' dir='ltr'><strong>in</strong></span> <span class='ocrx_word' id='word_1_339' title='bbox 1960 1364 2145 1427; x_wconf 88' lang='lat' dir='ltr'><strong>primis</strong></span> <span class='ocrx_word' id='word_1_340' title='bbox 2163 1364 2288 1411; x_wconf 86' lang='lat' dir='ltr'><strong>ibid.</strong></span> 
     </span>
     <span class='ocr_line' id='line_1_62' title="bbox 1351 1431 2291 1494; baseline -0.002 -13"><span class='ocrx_word' id='word_1_341' title='bbox 1351 1431 1401 1492; x_wconf 91' lang='lat'><strong>8,</strong></span> <span class='ocrx_word' id='word_1_342' title='bbox 1427 1431 1510 1490; x_wconf 86' lang='lat'><strong>10,</strong></span> <span class='ocrx_word' id='word_1_343' title='bbox 1535 1431 1559 1479; x_wconf 93' lang='grc'><strong>1</strong></span> <span class='ocrx_word' id='word_1_344' title='bbox 1584 1438 1633 1480; x_wconf 88' lang='lat' dir='ltr'><strong>et</strong></span> <span class='ocrx_word' id='word_1_345' title='bbox 1650 1432 1703 1480; x_wconf 90' lang='grc'><strong>2.</strong></span> <span class='ocrx_word' id='word_1_346' title='bbox 1760 1432 1835 1480; x_wconf 93' lang='lat' dir='ltr'><strong>Ib.</strong></span> <span class='ocrx_word' id='word_1_347' title='bbox 1857 1432 1910 1494; x_wconf 96' lang='lat'><strong>8,</strong></span> <span class='ocrx_word' id='word_1_348' title='bbox 1928 1432 1981 1493; x_wconf 87' lang='lat'><strong>6,</strong></span> <span class='ocrx_word' id='word_1_349' title='bbox 2004 1434 2056 1484; x_wconf 90' lang='lat'><strong>4.</strong></span> <span class='ocrx_word' id='word_1_350' title='bbox 2077 1456 2153 1469; x_wconf 90' lang='lat'><strong>—-·</strong></span> <span class='ocrx_word' id='word_1_351' title='bbox 2169 1433 2291 1481; x_wconf 82' lang='lat' dir='ltr'><strong>Par-</strong></span> 
     </span>
     <span class='ocr_line' id='line_1_63' title="bbox 1350 1498 2293 1565; baseline 0.001 -17"><span class='ocrx_word' id='word_1_352' title='bbox 1350 1499 1495 1548; x_wconf 88' lang='lat' dir='ltr'><strong>thia.</strong></span> <span class='ocrx_word' id='word_1_353' title='bbox 1508 1516 1560 1548; x_wconf 92' lang='lat' dir='ltr'><strong>u.</strong></span> <span class='ocrx_word' id='word_1_354' title='bbox 1574 1515 1615 1547; x_wconf 89' lang='lat' dir='ltr'><strong>c.</strong></span> <span class='ocrx_word' id='word_1_355' title='bbox 1636 1498 1757 1551; x_wconf 86' lang='grc'><strong>703.</strong></span> <span class='ocrx_word' id='word_1_356' title='bbox 1796 1500 2111 1565; x_wconf 86' lang='lat' dir='ltr'><strong>Euphratem</strong></span> <span class='ocrx_word' id='word_1_357' title='bbox 2130 1508 2293 1550; x_wconf 87' lang='lat' dir='ltr'><strong>trans-</strong></span> 
     </span>
     <span class='ocr_line' id='line_1_64' title="bbox 1352 1568 2293 1629; baseline 0.001 -12"><span class='ocrx_word' id='word_1_358' title='bbox 1352 1571 1519 1617; x_wconf 84' lang='lat' dir='ltr'><strong>ierunt</strong></span> <span class='ocrx_word' id='word_1_359' title='bbox 1559 1569 1685 1618; x_wconf 90' lang='lat' dir='ltr'><strong>duce</strong></span> <span class='ocrx_word' id='word_1_360' title='bbox 1728 1570 1916 1617; x_wconf 88' lang='lat' dir='ltr'><strong>Pacoro</strong></span> <span class='ocrx_word' id='word_1_361' title='bbox 1933 1605 1948 1629; x_wconf 92' lang='lat'><strong>,</strong></span> <span class='ocrx_word' id='word_1_362' title='bbox 1994 1568 2155 1618; x_wconf 86' lang='lat' dir='ltr'><strong>Orodi</strong></span> <span class='ocrx_word' id='word_1_363' title='bbox 2212 1585 2293 1618; x_wconf 88' lang='lat' dir='ltr'><strong>re-</strong></span> 
     </span>
     <span class='ocr_line' id='line_1_65' title="bbox 1353 1636 2290 1703; baseline 0.003 -18"><span class='ocrx_word' id='word_1_364' title='bbox 1353 1638 1434 1703; x_wconf 87' lang='lat' dir='ltr'><strong>gis</strong></span> <span class='ocrx_word' id='word_1_365' title='bbox 1452 1637 1749 1685; x_wconf 85' lang='lat' dir='ltr'><strong>Parthorum</strong></span> <span class='ocrx_word' id='word_1_366' title='bbox 1766 1636 1888 1696; x_wconf 83' lang='lat' dir='ltr'><strong>filio,</strong></span> <span class='ocrx_word' id='word_1_367' title='bbox 1911 1638 1978 1687; x_wconf 85' lang='lat' dir='ltr'><strong>ad</strong></span> <span class='ocrx_word' id='word_1_368' title='bbox 1994 1640 2098 1686; x_wconf 88' lang='lat' dir='ltr'><strong>Att.</strong></span> <span class='ocrx_word' id='word_1_369' title='bbox 2122 1637 2176 1697; x_wconf 84' lang='lat'><strong>5,</strong></span> <span class='ocrx_word' id='word_1_370' title='bbox 2202 1636 2290 1698; x_wconf 88' lang='lat'><strong>18,</strong></span> 
     </span>
     <span class='ocr_line' id='line_1_66' title="bbox 1354 1704 2294 1767; baseline -0.001 -12"><span class='ocrx_word' id='word_1_371' title='bbox 1354 1708 1405 1757; x_wconf 91' lang='lat'><strong>1.</strong></span> <span class='ocrx_word' id='word_1_372' title='bbox 1445 1706 1510 1755; x_wconf 83' lang='lat' dir='ltr'><strong>ci&#39;.</strong></span> <span class='ocrx_word' id='word_1_373' title='bbox 1532 1706 1604 1756; x_wconf 86' lang='lat' dir='ltr'><strong>ib.</strong></span> <span class='ocrx_word' id='word_1_374' title='bbox 1626 1706 1679 1766; x_wconf 82' lang='lat'><strong>5,</strong></span> <span class='ocrx_word' id='word_1_375' title='bbox 1698 1704 1785 1767; x_wconf 88' lang='grc'><strong>21,</strong></span> <span class='ocrx_word' id='word_1_376' title='bbox 1806 1707 1858 1753; x_wconf 90' lang='grc'><strong>2.</strong></span> <span class='ocrx_word' id='word_1_377' title='bbox 1896 1707 1969 1755; x_wconf 95' lang='lat' dir='ltr'><strong>Ib.</strong></span> <span class='ocrx_word' id='word_1_378' title='bbox 1986 1704 2038 1765; x_wconf 91' lang='lat'><strong>6,</strong></span> <span class='ocrx_word' id='word_1_379' title='bbox 2058 1706 2103 1766; x_wconf 90' lang='lat'><strong>1,</strong></span> <span class='ocrx_word' id='word_1_380' title='bbox 2120 1706 2203 1756; x_wconf 88' lang='lat'><strong>14.</strong></span> <span class='ocrx_word' id='word_1_381' title='bbox 2220 1731 2294 1739; x_wconf 93' lang='lat'>—</span> 
     </span>
     <span class='ocr_line' id='line_1_67' title="bbox 1352 1772 2327 1827; baseline -0.001 -4"><span class='ocrx_word' id='word_1_382' title='bbox 1352 1774 1643 1823; x_wconf 83' lang='lat' dir='ltr'><strong>Parthicum</strong></span> <span class='ocrx_word' id='word_1_383' title='bbox 1675 1772 1866 1822; x_wconf 88' lang='lat' dir='ltr'><strong>bellum</strong></span> <span class='ocrx_word' id='word_1_384' title='bbox 1902 1790 1950 1823; x_wconf 87' lang='lat' dir='ltr'><strong>a.</strong></span> <span class='ocrx_word' id='word_1_385' title='bbox 1983 1790 2040 1824; x_wconf 89' lang='lat' dir='ltr'><strong>u.</strong></span> <span class='ocrx_word' id='word_1_386' title='bbox 2072 1791 2117 1827; x_wconf 84' lang='lat' dir='ltr'><strong>e.</strong></span> <span class='ocrx_word' id='word_1_387' title='bbox 2166 1774 2291 1825; x_wconf 85' lang='lat'><strong>703.</strong></span> <span class='ocrx_word' id='word_1_388' title='bbox 2320 1818 2327 1822; x_wconf 77' lang='grc'><strong>.</strong></span> 
     </span>
     <span class='ocr_line' id='line_1_68' title="bbox 1351 1842 2292 1904; baseline 0.002 -13"><span class='ocrx_word' id='word_1_389' title='bbox 1351 1843 1639 1901; x_wconf 81' lang='lat' dir='ltr'><strong>timebatur,</strong></span> <span class='ocrx_word' id='word_1_390' title='bbox 1654 1844 1719 1891; x_wconf 88' lang='lat' dir='ltr'><strong>ad</strong></span> <span class='ocrx_word' id='word_1_391' title='bbox 1742 1842 1860 1891; x_wconf 82' lang='lat' dir='ltr'><strong>fam.</strong></span> <span class='ocrx_word' id='word_1_392' title='bbox 1879 1842 1964 1902; x_wconf 85' lang='lat'><strong>15,</strong></span> <span class='ocrx_word' id='word_1_393' title='bbox 1981 1844 2030 1904; x_wconf 92' lang='lat'><strong>1,</strong></span> <span class='ocrx_word' id='word_1_394' title='bbox 2048 1844 2094 1893; x_wconf 84' lang='lat'><strong>1.</strong></span> <span class='ocrx_word' id='word_1_395' title='bbox 2110 1844 2188 1892; x_wconf 92' lang='lat' dir='ltr'><strong>lb.</strong></span> <span class='ocrx_word' id='word_1_396' title='bbox 2205 1842 2292 1901; x_wconf 86' lang='lat'><strong>15,</strong></span> 
     </span>
     <span class='ocr_line' id='line_1_69' title="bbox 1352 1909 2297 1977; baseline 0.001 -16"><span class='ocrx_word' id='word_1_397' title='bbox 1352 1913 1403 1972; x_wconf 90' lang='grc'><strong>2,</strong></span> <span class='ocrx_word' id='word_1_398' title='bbox 1430 1912 1478 1964; x_wconf 95' lang='grc'><strong>1.</strong></span> <span class='ocrx_word' id='word_1_399' title='bbox 1519 1913 1591 1964; x_wconf 89' lang='lat' dir='ltr'><strong>Ib.</strong></span> <span class='ocrx_word' id='word_1_400' title='bbox 1608 1912 1691 1972; x_wconf 87' lang='grc'><strong>15,</strong></span> <span class='ocrx_word' id='word_1_401' title='bbox 1718 1909 1769 1972; x_wconf 86' lang='grc'><strong>3,</strong></span> <span class='ocrx_word' id='word_1_402' title='bbox 1792 1912 1841 1961; x_wconf 92' lang='grc'><strong>1.</strong></span> <span class='ocrx_word' id='word_1_403' title='bbox 1877 1912 1950 1962; x_wconf 88' lang='lat' dir='ltr'><strong>Ib.</strong></span> <span class='ocrx_word' id='word_1_404' title='bbox 1974 1912 2057 1972; x_wconf 90' lang='grc'><strong>15,</strong></span> <span class='ocrx_word' id='word_1_405' title='bbox 2081 1915 2133 1977; x_wconf 84' lang='grc'><strong>4,</strong></span> <span class='ocrx_word' id='word_1_406' title='bbox 2156 1910 2207 1962; x_wconf 92' lang='grc'><strong>3.</strong></span> <span class='ocrx_word' id='word_1_407' title='bbox 2225 1939 2297 1948; x_wconf 88' lang='lat'><strong>--</strong></span> 
     </span>
     <span class='ocr_line' id='line_1_70' title="bbox 1351 1980 2292 2043; baseline -0.003 -12"><span class='ocrx_word' id='word_1_408' title='bbox 1351 1981 1640 2031; x_wconf 81' lang='lat' dir='ltr'><strong>Parthicum</strong></span> <span class='ocrx_word' id='word_1_409' title='bbox 1674 1981 1863 2030; x_wconf 89' lang='lat' dir='ltr'><strong>bellum</strong></span> <span class='ocrx_word' id='word_1_410' title='bbox 1900 1997 1947 2030; x_wconf 89' lang='lat' dir='ltr'><strong>a.</strong></span> <span class='ocrx_word' id='word_1_411' title='bbox 1983 1997 2035 2030; x_wconf 86' lang='grc' dir='ltr'><strong>ιι.</strong></span> <span class='ocrx_word' id='word_1_412' title='bbox 2068 1999 2113 2034; x_wconf 83' lang='lat' dir='ltr'><strong>c.</strong></span> <span class='ocrx_word' id='word_1_413' title='bbox 2148 1980 2292 2043; x_wconf 65' lang='lat'><strong>703„</strong></span> 
     </span>
     <span class='ocr_line' id='line_1_71' title="bbox 1354 2047 2293 2109; baseline 0.001 -10"><span class='ocrx_word' id='word_1_414' title='bbox 1354 2050 1420 2099; x_wconf 88' lang='lat' dir='ltr'><strong>ad</strong></span> <span class='ocrx_word' id='word_1_415' title='bbox 1438 2050 1560 2099; x_wconf 82' lang='lat' dir='ltr'><strong>fam.</strong></span> <span class='ocrx_word' id='word_1_416' title='bbox 1582 2052 1634 2109; x_wconf 92' lang='grc'><strong>2,</strong></span> <span class='ocrx_word' id='word_1_417' title='bbox 1658 2050 1741 2108; x_wconf 88' lang='grc'><strong>10,</strong></span> <span class='ocrx_word' id='word_1_418' title='bbox 1763 2051 1814 2098; x_wconf 92' lang='grc'><strong>2.</strong></span> <span class='ocrx_word' id='word_1_419' title='bbox 1855 2050 1993 2109; x_wconf 86' lang='lat' dir='ltr'><strong>Ib.2‚</strong></span> <span class='ocrx_word' id='word_1_420' title='bbox 2017 2049 2101 2109; x_wconf 90' lang='lat'><strong>17,</strong></span> <span class='ocrx_word' id='word_1_421' title='bbox 2122 2047 2175 2102; x_wconf 87' lang='grc'><strong>3.</strong></span> <span class='ocrx_word' id='word_1_422' title='bbox 2214 2049 2293 2100; x_wconf 91' lang='lat' dir='ltr'><strong>Ib.</strong></span> 
     </span>
     <span class='ocr_line' id='line_1_72' title="bbox 1352 2117 2296 2181; baseline -0.001 -13"><span class='ocrx_word' id='word_1_423' title='bbox 1352 2117 1405 2180; x_wconf 85' lang='lat'><strong>3,</strong></span> <span class='ocrx_word' id='word_1_424' title='bbox 1430 2118 1481 2180; x_wconf 88' lang='grc'><strong>8,</strong></span> <span class='ocrx_word' id='word_1_425' title='bbox 1497 2118 1577 2169; x_wconf 90' lang='grc'><strong>10.</strong></span> <span class='ocrx_word' id='word_1_426' title='bbox 1598 2145 1669 2156; x_wconf 90' lang='grc'><strong>--</strong></span> <span class='ocrx_word' id='word_1_427' title='bbox 1686 2117 1907 2167; x_wconf 80' lang='lat' dir='ltr'><strong>Parthici</strong></span> <span class='ocrx_word' id='word_1_428' title='bbox 1924 2117 2045 2167; x_wconf 89' lang='lat' dir='ltr'><strong>belli</strong></span> <span class='ocrx_word' id='word_1_429' title='bbox 2064 2118 2296 2181; x_wconf 87' lang='lat' dir='ltr'><strong>suspicio</strong></span> 
     </span>
     <span class='ocr_line' id='line_1_73' title="bbox 1350 2185 2291 2251; baseline -0.002 -15"><span class='ocrx_word' id='word_1_430' title='bbox 1350 2203 1398 2238; x_wconf 86' lang='lat' dir='ltr'><strong>a.</strong></span> <span class='ocrx_word' id='word_1_431' title='bbox 1422 2202 1476 2239; x_wconf 92' lang='lat' dir='ltr'><strong>u.</strong></span> <span class='ocrx_word' id='word_1_432' title='bbox 1500 2203 1546 2236; x_wconf 89' lang='lat' dir='ltr'><strong>c.</strong></span> <span class='ocrx_word' id='word_1_433' title='bbox 1568 2187 1689 2237; x_wconf 93' lang='grc'><strong>710.</strong></span> <span class='ocrx_word' id='word_1_434' title='bbox 1724 2186 1899 2251; x_wconf 89' lang='lat' dir='ltr'><strong>paullo</strong></span> <span class='ocrx_word' id='word_1_435' title='bbox 1919 2194 2034 2236; x_wconf 88' lang='lat' dir='ltr'><strong>ante</strong></span> <span class='ocrx_word' id='word_1_436' title='bbox 2055 2185 2291 2236; x_wconf 83' lang='lat' dir='ltr'><strong>Caesaris</strong></span> 
     </span>
     <span class='ocr_line' id='line_1_74' title="bbox 1348 2255 2297 2316; baseline -0.001 -12"><span class='ocrx_word' id='word_1_437' title='bbox 1348 2257 1634 2316; x_wconf 86' lang='lat' dir='ltr'><strong>interitum,</strong></span> <span class='ocrx_word' id='word_1_438' title='bbox 1672 2256 1740 2304; x_wconf 86' lang='lat' dir='ltr'><strong>ad</strong></span> <span class='ocrx_word' id='word_1_439' title='bbox 1758 2256 1876 2304; x_wconf 81' lang='lat' dir='ltr'><strong>fam.</strong></span> <span class='ocrx_word' id='word_1_440' title='bbox 1903 2255 1996 2313; x_wconf 91' lang='grc'><strong>12,</strong></span> <span class='ocrx_word' id='word_1_441' title='bbox 2020 2255 2113 2314; x_wconf 92' lang='grc'><strong>19,</strong></span> <span class='ocrx_word' id='word_1_442' title='bbox 2132 2257 2187 2304; x_wconf 89' lang='grc'><strong>2.</strong></span> <span class='ocrx_word' id='word_1_443' title='bbox 2223 2281 2297 2290; x_wconf 90' lang='lat'><strong>—-</strong></span> 
     </span>
     <span class='ocr_line' id='line_1_75' title="bbox 1348 2323 2291 2388; baseline -0.001 -14"><span class='ocrx_word' id='word_1_444' title='bbox 1348 2325 1520 2374; x_wconf 86' lang='lat' dir='ltr'><strong>Parthi</strong></span> <span class='ocrx_word' id='word_1_445' title='bbox 1552 2324 1657 2374; x_wconf 83' lang='lat' dir='ltr'><strong>fusi</strong></span> <span class='ocrx_word' id='word_1_446' title='bbox 1688 2339 1719 2374; x_wconf 88' lang='lat' dir='ltr'><strong>a</strong></span> <span class='ocrx_word' id='word_1_447' title='bbox 1751 2323 1805 2372; x_wconf 85' lang='lat' dir='ltr'><strong>G.</strong></span> <span class='ocrx_word' id='word_1_448' title='bbox 1831 2323 2023 2387; x_wconf 82' lang='lat' dir='ltr'><strong>Cassio,</strong></span> <span class='ocrx_word' id='word_1_449' title='bbox 2059 2323 2291 2388; x_wconf 82' lang='lat' dir='ltr'><strong>Philipp.</strong></span> 
     </span>
     <span class='ocr_line' id='line_1_76' title="bbox 1352 2392 2293 2456; baseline -0.005 -13"><span class='ocrx_word' id='word_1_450' title='bbox 1352 2394 1415 2443; x_wconf 88' lang='lat'><strong>11</strong></span> <span class='ocrx_word' id='word_1_451' title='bbox 1431 2427 1447 2456; x_wconf 93' lang='lat'><strong>,</strong></span> <span class='ocrx_word' id='word_1_452' title='bbox 1490 2393 1573 2452; x_wconf 86' lang='lat'><strong>14,</strong></span> <span class='ocrx_word' id='word_1_453' title='bbox 1610 2393 1696 2446; x_wconf 86' lang='lat'><strong>35.</strong></span> <span class='ocrx_word' id='word_1_454' title='bbox 1743 2418 1809 2429; x_wconf 88' lang='lat'>—</span> <span class='ocrx_word' id='word_1_455' title='bbox 1845 2392 2029 2442; x_wconf 85' lang='lat' dir='ltr'><strong>Contra</strong></span> <span class='ocrx_word' id='word_1_456' title='bbox 2065 2394 2293 2455; x_wconf 86' lang='lat' dir='ltr'><strong>equitem</strong></span> 
     </span>
     <span class='ocr_line' id='line_1_77' title="bbox 1350 2461 2293 2526; baseline -0.002 -16"><span class='ocrx_word' id='word_1_457' title='bbox 1350 2461 1588 2510; x_wconf 83' lang='lat' dir='ltr'><strong>Parthum</strong></span> <span class='ocrx_word' id='word_1_458' title='bbox 1606 2467 1793 2526; x_wconf 82' lang='lat' dir='ltr'><strong>negant</strong></span> <span class='ocrx_word' id='word_1_459' title='bbox 1812 2461 1965 2510; x_wconf 86' lang='lat' dir='ltr'><strong>ullam</strong></span> <span class='ocrx_word' id='word_1_460' title='bbox 1979 2469 2293 2510; x_wconf 86' lang='lat' dir='ltr'><strong>armaturam</strong></span> 
     </span>
     <span class='ocr_line' id='line_1_78' title="bbox 1353 2531 2294 2594; baseline 0 -16"><span class='ocrx_word' id='word_1_461' title='bbox 1353 2531 1611 2581; x_wconf 89' lang='lat' dir='ltr'><strong>meliorem</strong></span> <span class='ocrx_word' id='word_1_462' title='bbox 1667 2531 1884 2580; x_wconf 88' lang='lat' dir='ltr'><strong>inveniri</strong></span> <span class='ocrx_word' id='word_1_463' title='bbox 1921 2545 2074 2594; x_wconf 85' lang='lat' dir='ltr'><strong>posse</strong></span> <span class='ocrx_word' id='word_1_464' title='bbox 2136 2545 2294 2592; x_wconf 87' lang='lat' dir='ltr'><strong>quam</strong></span> 
     </span>
     <span class='ocr_line' id='line_1_79' title="bbox 1350 2597 2293 2659; baseline -0.002 -11"><span class='ocrx_word' id='word_1_465' title='bbox 1350 2599 1701 2648; x_wconf 78' lang='lat' dir='ltr'><strong>navicularum</strong></span> <span class='ocrx_word' id='word_1_466' title='bbox 1748 2597 1938 2648; x_wconf 86' lang='lat' dir='ltr'><strong>habere</strong></span> <span class='ocrx_word' id='word_1_467' title='bbox 1991 2599 2188 2659; x_wconf 89' lang='lat' dir='ltr'><strong>aliquid</strong></span> <span class='ocrx_word' id='word_1_468' title='bbox 2238 2598 2293 2647; x_wconf 92' lang='lat' dir='ltr'><strong>in</strong></span> 
     </span>
     <span class='ocr_line' id='line_1_80' title="bbox 1352 2666 2217 2728; baseline -0.003 -11"><span class='ocrx_word' id='word_1_469' title='bbox 1352 2682 1443 2717; x_wconf 87' lang='lat' dir='ltr'><strong>ora</strong></span> <span class='ocrx_word' id='word_1_470' title='bbox 1457 2669 1730 2728; x_wconf 84' lang='lat' dir='ltr'><strong>maritima,</strong></span> <span class='ocrx_word' id='word_1_471' title='bbox 1752 2669 1819 2717; x_wconf 82' lang='lat' dir='ltr'><strong>ad</strong></span> <span class='ocrx_word' id='word_1_472' title='bbox 1838 2667 1957 2720; x_wconf 80' lang='lat' dir='ltr'><strong>fam.</strong></span> <span class='ocrx_word' id='word_1_473' title='bbox 1980 2667 2031 2727; x_wconf 85' lang='lat'><strong>9,</strong></span> <span class='ocrx_word' id='word_1_474' title='bbox 2051 2667 2137 2727; x_wconf 86' lang='grc'><strong>25,</strong></span> <span class='ocrx_word' id='word_1_475' title='bbox 2167 2666 2217 2715; x_wconf 92' lang='grc'><strong>1.</strong></span> 
     </span>
    </p>

    <p class='ocr_par' dir='ltr' id='par_1_17' title="bbox 1279 2734 2292 2933">
     <span class='ocr_line' id='line_1_81' title="bbox 1279 2734 2292 2799; baseline -0.003 -13"><span class='ocrx_word' id='word_1_476' title='bbox 1279 2734 1547 2788; x_wconf 81' lang='lat' dir='ltr'><strong>Parthini</strong></span> <span class='ocrx_word' id='word_1_477' title='bbox 1566 2739 1672 2786; x_wconf 88' lang='lat' dir='ltr'><strong>sive</strong></span> <span class='ocrx_word' id='word_1_478' title='bbox 1698 2735 1970 2786; x_wconf 78' lang='lat' dir='ltr'><strong>Partheni</strong></span> <span class='ocrx_word' id='word_1_479' title='bbox 1985 2772 2000 2797; x_wconf 89' lang='lat'><strong>,</strong></span> <span class='ocrx_word' id='word_1_480' title='bbox 2032 2735 2177 2799; x_wconf 81' lang='lat' dir='ltr'><strong>Epiri</strong></span> <span class='ocrx_word' id='word_1_481' title='bbox 2195 2749 2292 2798; x_wconf 92' lang='lat' dir='ltr'><strong>po-</strong></span> 
     </span>
     <span class='ocr_line' id='line_1_82' title="bbox 1348 2803 2289 2870; baseline -0.003 -15"><span class='ocrx_word' id='word_1_482' title='bbox 1348 2807 1503 2870; x_wconf 88' lang='lat' dir='ltr'><strong>pulus</strong></span> <span class='ocrx_word' id='word_1_483' title='bbox 1522 2820 1683 2870; x_wconf 91' lang='lat' dir='ltr'><strong>prope</strong></span> <span class='ocrx_word' id='word_1_484' title='bbox 1710 2804 2081 2868; x_wconf 77' lang='lat' dir='ltr'><strong>Dyrrhachium</strong></span> <span class='ocrx_word' id='word_1_485' title='bbox 2097 2842 2110 2864; x_wconf 95' lang='lat'><strong>,</strong></span> <span class='ocrx_word' id='word_1_486' title='bbox 2146 2803 2289 2852; x_wconf 88' lang='lat' dir='ltr'><strong>illusi</strong></span> 
     </span>
     <span class='ocr_line' id='line_1_83' title="bbox 1347 2871 2147 2933; baseline -0.003 -10"><span class='ocrx_word' id='word_1_487' title='bbox 1347 2890 1379 2923; x_wconf 89' lang='lat' dir='ltr'><strong>a</strong></span> <span class='ocrx_word' id='word_1_488' title='bbox 1394 2875 1453 2926; x_wconf 87' lang='lat' dir='ltr'><strong>L.</strong></span> <span class='ocrx_word' id='word_1_489' title='bbox 1476 2873 1681 2933; x_wconf 85' lang='lat' dir='ltr'><strong>Pisone,</strong></span> <span class='ocrx_word' id='word_1_490' title='bbox 1702 2875 1756 2922; x_wconf 89' lang='lat' dir='ltr'><strong>in</strong></span> <span class='ocrx_word' id='word_1_491' title='bbox 1768 2875 1937 2922; x_wconf 89' lang='lat' dir='ltr'><strong>Pison.</strong></span> <span class='ocrx_word' id='word_1_492' title='bbox 1958 2875 2043 2931; x_wconf 80' lang='lat'><strong>40,</strong></span> <span class='ocrx_word' id='word_1_493' title='bbox 2060 2871 2147 2923; x_wconf 88' lang='grc'><strong>96.</strong></span> 
     </span>
    </p>

    <p class='ocr_par' dir='ltr' id='par_1_18' title="bbox 1278 2940 2283 3077">
     <span class='ocr_line' id='line_1_84' title="bbox 1278 2940 2283 3006; baseline -0.004 -12"><span class='ocrx_word' id='word_1_494' title='bbox 1278 2940 1605 3006; x_wconf 79' lang='lat' dir='ltr'><strong>Pasidorus,</strong></span> <span class='ocrx_word' id='word_1_495' title='bbox 1641 2942 2011 3005; x_wconf 79' lang='lat' dir='ltr'><strong>ThermitanuS,</strong></span> <span class='ocrx_word' id='word_1_496' title='bbox 2030 2943 2175 2992; x_wconf 84' lang='lat' dir='ltr'><strong>Verr.</strong></span> <span class='ocrx_word' id='word_1_497' title='bbox 2200 2957 2283 2990; x_wconf 87' lang='lat' dir='ltr'><strong>ac-</strong></span> 
     </span>
     <span class='ocr_line' id='line_1_85' title="bbox 1347 3009 1781 3077; baseline -0.007 -16"><span class='ocrx_word' id='word_1_498' title='bbox 1347 3018 1503 3062; x_wconf 83' lang='lat' dir='ltr'><strong>cusat.</strong></span> <span class='ocrx_word' id='word_1_499' title='bbox 1520 3011 1571 3077; x_wconf 86' lang='lat'><strong>3,</strong></span> <span class='ocrx_word' id='word_1_500' title='bbox 1594 3013 1679 3071; x_wconf 84' lang='lat'><strong>42,</strong></span> <span class='ocrx_word' id='word_1_501' title='bbox 1694 3009 1781 3063; x_wconf 90' lang='grc'><strong>99.</strong></span> 
     </span>
    </p>

    <p class='ocr_par' dir='ltr' id='par_1_19' title="bbox 1276 3077 2289 3480">
     <span class='ocr_line' id='line_1_86' title="bbox 1276 3077 2289 3146; baseline -0.003 -16"><span class='ocrx_word' id='word_1_502' title='bbox 1276 3077 1581 3146; x_wconf 83' lang='lat' dir='ltr'><strong>Pasiphae,</strong></span> <span class='ocrx_word' id='word_1_503' title='bbox 1618 3096 1645 3129; x_wconf 91' lang='lat' dir='ltr'><strong>e</strong></span> <span class='ocrx_word' id='word_1_504' title='bbox 1662 3080 1921 3143; x_wconf 83' lang='lat' dir='ltr'><strong>Perseide,</strong></span> <span class='ocrx_word' id='word_1_505' title='bbox 1960 3078 2146 3128; x_wconf 84' lang='lat' dir='ltr'><strong>Oceani</strong></span> <span class='ocrx_word' id='word_1_506' title='bbox 2164 3078 2289 3140; x_wconf 82' lang='lat' dir='ltr'><strong>filia,</strong></span> 
     </span>
     <span class='ocr_line' id='line_1_87' title="bbox 1345 3147 2283 3214; baseline -0.004 -15"><span class='ocrx_word' id='word_1_507' title='bbox 1345 3158 1483 3210; x_wconf 82' lang='lat' dir='ltr'><strong>nata,</strong></span> <span class='ocrx_word' id='word_1_508' title='bbox 1521 3158 1669 3214; x_wconf 85' lang='lat' dir='ltr'><strong>patre</strong></span> <span class='ocrx_word' id='word_1_509' title='bbox 1688 3147 1824 3209; x_wconf 91' lang='lat' dir='ltr'><strong>Sole,</strong></span> <span class='ocrx_word' id='word_1_510' title='bbox 1860 3163 1979 3198; x_wconf 88' lang='lat' dir='ltr'><strong>num</strong></span> <span class='ocrx_word' id='word_1_511' title='bbox 2002 3148 2114 3206; x_wconf 85' lang='lat' dir='ltr'><strong>dea,</strong></span> <span class='ocrx_word' id='word_1_512' title='bbox 2150 3147 2213 3196; x_wconf 92' lang='lat' dir='ltr'><strong>de</strong></span> <span class='ocrx_word' id='word_1_513' title='bbox 2234 3163 2283 3196; x_wconf 88' lang='lat' dir='ltr'><strong>n.</strong></span> 
     </span>
     <span class='ocr_line' id='line_1_88' title="bbox 1350 3215 2283 3283; baseline -0.004 -16"><span class='ocrx_word' id='word_1_514' title='bbox 1350 3219 1401 3270; x_wconf 89' lang='lat' dir='ltr'><strong>d.</strong></span> <span class='ocrx_word' id='word_1_515' title='bbox 1432 3217 1493 3282; x_wconf 88' lang='grc'><strong>3,</strong></span> <span class='ocrx_word' id='word_1_516' title='bbox 1519 3219 1613 3283; x_wconf 91' lang='grc'><strong>19,</strong></span> <span class='ocrx_word' id='word_1_517' title='bbox 1644 3217 1735 3268; x_wconf 90' lang='grc'><strong>48.</strong></span> <span class='ocrx_word' id='word_1_518' title='bbox 1777 3243 1845 3254; x_wconf 88' lang='grc'><strong>-</strong></span> <span class='ocrx_word' id='word_1_519' title='bbox 1882 3217 2005 3266; x_wconf 89' lang='lat' dir='ltr'><strong>Eius</strong></span> <span class='ocrx_word' id='word_1_520' title='bbox 2032 3215 2209 3266; x_wconf 75' lang='lat' dir='ltr'><strong>fanum</strong></span> <span class='ocrx_word' id='word_1_521' title='bbox 2236 3217 2283 3264; x_wconf 89' lang='lat' dir='ltr'><strong>in</strong></span> 
     </span>
     <span class='ocr_line' id='line_1_89' title="bbox 1348 3283 2287 3352; baseline -0.005 -16"><span class='ocrx_word' id='word_1_522' title='bbox 1348 3301 1472 3351; x_wconf 85' lang='lat' dir='ltr'><strong>agro</strong></span> <span class='ocrx_word' id='word_1_523' title='bbox 1492 3295 1699 3352; x_wconf 88' lang='lat' dir='ltr'><strong>propter</strong></span> <span class='ocrx_word' id='word_1_524' title='bbox 1720 3286 1899 3334; x_wconf 89' lang='lat' dir='ltr'><strong>urbem</strong></span> <span class='ocrx_word' id='word_1_525' title='bbox 1920 3283 2172 3349; x_wconf 83' lang='lat' dir='ltr'><strong>Spartam,</strong></span> <span class='ocrx_word' id='word_1_526' title='bbox 2199 3285 2287 3332; x_wconf 89' lang='lat' dir='ltr'><strong>ubi</strong></span> 
     </span>
     <span class='ocr_line' id='line_1_90' title="bbox 1348 3353 2265 3418; baseline -0.004 -14"><span class='ocrx_word' id='word_1_527' title='bbox 1348 3354 1540 3418; x_wconf 89' lang='lat' dir='ltr'><strong>Ephori</strong></span> <span class='ocrx_word' id='word_1_528' title='bbox 1573 3355 1862 3406; x_wconf 86' lang='lat' dir='ltr'><strong>somniandi</strong></span> <span class='ocrx_word' id='word_1_529' title='bbox 1891 3368 2044 3403; x_wconf 86' lang='lat' dir='ltr'><strong>causa</strong></span> <span class='ocrx_word' id='word_1_530' title='bbox 2079 3353 2265 3402; x_wconf 80' lang='lat' dir='ltr'><strong>incubo.</strong></span> 
     </span>
     <span class='ocr_line' id='line_1_91' title="bbox 1352 3420 2075 3480; baseline 0.001 -9"><span class='ocrx_word' id='word_1_531' title='bbox 1352 3424 1499 3477; x_wconf 86' lang='lat' dir='ltr'><strong>bant,</strong></span> <span class='ocrx_word' id='word_1_532' title='bbox 1534 3424 1597 3472; x_wconf 87' lang='lat' dir='ltr'><strong>de</strong></span> <span class='ocrx_word' id='word_1_533' title='bbox 1618 3424 1779 3474; x_wconf 84' lang='lat' dir='ltr'><strong>divin.</strong></span> <span class='ocrx_word' id='word_1_534' title='bbox 1816 3423 1859 3479; x_wconf 91' lang='lat'><strong>1,</strong></span> <span class='ocrx_word' id='word_1_535' title='bbox 1886 3421 1969 3480; x_wconf 82' lang='lat'><strong>43,</strong></span> <span class='ocrx_word' id='word_1_536' title='bbox 1989 3420 2075 3472; x_wconf 83' lang='lat'><strong>96.</strong></span> 
     </span>
    </p>
   </div>
  </div>
 </body>
</html>
