2500 3850
864 179 974 227 CN.
1002 177 1348 227 Pomrmns
1382 177 1685 227 MAGNUS.
2202 168 2323 229 309

309 338 364 387 iit
420 352 532 387 cum
585 338 721 401 App.
767 336 1006 399 Claudi0,
1057 334 1244 401 fragm.

309 424 362 473 p.
393 407 512 459 249.
555 432 624 441 —
660 406 748 457 Cn.
787 405 1060 468 Pompeius
1101 412 1148 453 et
1184 405 1242 463 Q.

307 476 605 525 Hortensius
625 474 920 525 Ciceronem
953 488 1193 539 augurem
1216 489 1248 521 a

305 552 408 594 toto
443 544 658 608 collegio
698 544 980 609 expetitum
1017 541 1248 591 nomina-

304 619 501 669 verunt,
539 612 762 679 Philipp.
788 614 834 667 2,
859 614 910 672 2,
937 614 987 664 4.
1011 638 1078 647 -
1097 612 1246 660 Pom-

304 683 454 747 peia,
499 697 654 744 quum
694 682 916 747 graviter
959 687 1245 745 aegrotaret

305 750 536 815 Neapoli,
556 750 739 800 melius
761 758 835 798 est
857 750 1060 797 factum.
1091 748 1244 798 Coro-

305 821 411 870 nati
433 819 749 884 Neapolitani
771 818 991 879 fuerunt,
1011 819 1244 867 nimirum

271 889 276 893 '
309 890 457 939 etiam
487 887 773 948 Puteolani,
814 887 969 951 vulgo
1006 902 1070 936 ex
1100 888 1245 951 oppi-

307 960 386 1007 dis
405 958 611 1023 publice
631 956 1018 1023 gratulabantur
1033 992 1046 1014 ,
1091 955 1241 1003 Tusc.

311 1029 356 1084 1,
377 1026 460 1086 36,
483 1026 566 1079 86.
602 1053 667 1061 —
697 1025 785 1075 Cn.
811 1025 1041 1089 Pompeii
1070 1026 1246 1073 tertius

308 1095 599 1145 consulatus
647 1096 867 1145 constitit
928 1096 978 1142 in
1027 1093 1245 1159 legibus,

307 1166 530 1229 Philipp.
563 1165 611 1223 1,
649 1164 804 1228 7,18.
840 1190 906 1199 —-
946 1164 1070 1214 Eius
1091 1164 1248 1213 actio-

307 1250 398 1284 nes
437 1236 489 1283 in
527 1248 680 1282 causa
716 1234 1002 1289 Miloniana,
1045 1247 1134 1296 pro
1155 1231 1248 1279 Mi-

308 1304 423 1353 lone
447 1304 492 1363 1,
517 1304 566 1351 2.
593 1331 653 1338 —-
677 1303 815 1350 Tulit
835 1301 900 1349 de
922 1300 1095 1362 caede,
1119 1315 1247 1362 qnae

309 1373 362 1419 in
402 1373 572 1436 Appia
600 1372 684 1419 via
715 1370 848 1419 facta
873 1376 1034 1427 esset,
1073 1370 1123 1417 in
1149 1384 1248 1430 qua

308 1441 365 1489 P.
389 1439 594 1489 Clodius
629 1440 829 1487 occisus
874 1446 1036 1495 esset,
1074 1439 1148 1487 Ib.
1194 1436 1246 1495 6,

312 1509 395 1560 15.
414 1536 479 1543 —
504 1508 611 1566 Qua
633 1505 718 1557 ille
739 1505 1002 1565 facilitate,
1028 1521 1128 1567 qua
1154 1505 1248 1553 hu-

307 1578 550 1627 manitate
581 1576 749 1626 tulerit
769 1576 1136 1625 contentionem
1166 1574 1248 1622 Ci-

311 1647 508 1697 ceronis
540 1659 634 1709 pro
672 1644 859 1693 Milone
895 1644 1248 1693 adversantem

321 1715 574 1765 interdum
611 1714 894 1763 actionibus
946 1715 1053 1761 suis
1078 1748 1092 1773 ,
1141 1727 1248 1761 am-

317 1786 578 1849 plissimae
615 1785 727 1832 eius
763 1782 969 1841 laudeS‚
1019 1782 1085 1831 ad
1122 1783 1244 1833 farn.

309 1853 360 1914 3,
397 1852 478 1919 10,
511 1852 594 1903 10.
619 1880 684 1888 -
713 1850 898 1901 Omnes
919 1852 1052 1900 vires
1075 1851 1249 1901 civita-

309 1923 375 1974 tis
407 1939 461 1972 se
493 1922 558 1972 ad
583 1922 813 1986 Pompeii
841 1921 1043 1971 ductum
1080 1919 1246 1986 appli-

311 2000 577 2052 caverunt,
618 1993 688 2041 lb.
731 1989 792 2050 3,
833 1991 915 2053 11,
955 1992 1004 2042 4.
1043 2015 1113 2028 --
1153 1989 1242 2039 Cn.

310 2063 583 2126 PompeIus
637 2062 765 2109 iuris
809 2059 1037 2124 publici,
1090 2060 1246 2110 moris

311 2133 581 2191 maiorum,
621 2131 693 2178 rei
728 2129 962 2193 publicae
994 2129 1248 2194 peritissi-

311 2215 442 2253 mus,
521 2198 713 2248 PostP.
743 2197 908 2247 Clodii
929 2199 1134 2248 caedem
1157 2197 1248 2246 Se-

314 2277 462 2317 natus
483 2269 531 2316 ei
559 2267 828 2328 commisit,
849 2274 904 2314 ut
925 2268 1148 2325 videret,
1182 2281 1247 2316 us

315 2353 431 2395 Qum
505 2351 598 2385 aas
661 2349 871 2384 rustica
933 2350 1246 2386 nnrmnnnri

279 2415 284 2418 '
316 2420 559 2463 capuan-r,
582 2419 629 2457 a.
651 2420 702 2453 u.
727 2419 773 2453 c.
794 2403 938 2465 702„
964 2419 1050 2467 pro
1065 2404 1250 2454 Milone

313 2476 408 2539 26,
441 2472 524 2524 70.
550 2499 621 2508 -
649 2471 737 2525 Cn.
763 2474 1035 2538 Pompeius
1054 2473 1177 2538 quid
1199 2488 1246 2522 a.

315 2546 364 2595 d.
403 2543 494 2594 XI.
534 2541 647 2594 Kal.
681 2541 863 2592 Sextii.
885 2555 932 2594 a.
969 2557 1020 2590 ιι.
1053 2558 1095 2594 c.
1126 2539 1246 2592 703.

313 2615 362 2663 in
392 2621 572 2662 senatu
596 2611 919 2675 responderit
952 2611 1015 2660 de
1049 2626 1251 2660 succes-

314 2685 456 2732 sione
477 2681 531 2732 C.
549 2679 801 2740 Caesarie,
819 2678 1020 2731 Caelius
1039 2681 1106 2731 ad
1124 2681 1246 2730 fam.

313 2753 364 2812 8,
385 2755 438 2816 4,
467 2753 516 2800 4.
545 2778 610 2786 —
650 2750 938 2799 Ariminum
971 2749 1037 2799 ad
1057 2750 1248 2800 exerci-

313 2832 420 2871 tum
443 2829 549 2868 erat
568 2821 748 2880 iturus,
778 2819 854 2868 lb.
888 2819 950 2872 cl.
967 2820 1036 2868 ib.
1057 2818 1108 2884 8,
1128 2817 1178 2880 8,
1199 2820 1250 2872 4.

311 2919 380 2929 —
400 2888 522 2938 Eius
555 2888 823 2948 consilium
863 2887 926 2938 de
952 2903 1076 2954 agro
1107 2887 1252 2938 Cam-

312 2973 475 3026 panc,
511 2958 585 3008 lb.
608 2955 658 3018 8,
697 2957 778 3023 10,
818 2959 870 3010 4.
891 2986 957 2996 —-
991 2958 1251 3008 Ciceronis

314 3043 429 3078 cum
462 3043 522 3076 eo
561 3020 820 3090 διάλογοι
866 3027 930 3076 de
966 3043 1020 3077 re
1045 3027 1253 3091 publica

312 3097 518 3146 Tarenti
546 3096 708 3146 habiti
739 3111 786 3146 a.
823 3112 872 3146 ιι.
912 3113 954 3146 c.
992 3095 1144 3160 703„
1184 3097 1253 3146 ad

315 3168 419 3215 Att.
441 3166 492 3227 5,
515 3167 565 3224 5,
590 3168 641 3217 2.
677 3167 749 3217 lb.
775 3164 824 3227 5,
847 3163 898 3228 6,
920 3165 972 3216 1.
989 3193 1056 3202 --
1078 3165 1252 3214 Civem

314 3235 457 3283 illum
503 3236 763 3300 egregium
808 3233 1128 3298 relinquebat
1170 3234 1252 3285 Ci-

316 3317 429 3352 cero
461 3311 510 3352 et
537 3304 603 3353 ad
635 3305 790 3362 haec,
831 3318 960 3365 quae
981 3304 1252 3361 timentur,

315 3372 662 3436 propulsanda
696 3373 1079 3436 paratissimum
1099 3409 1112 3432 ,
1175 3374 1250 3424 lb.

311 3441 363 3501 5,
387 3443 434 3490 7.
468 3466 538 3476 -
561 3441 841 3491 Videbatur
870 3442 924 3489 in
954 3441 1253 3506 Hispaniam

1392 336 1553 383 iturus
1575 348 1621 385 a.
1654 347 1702 380 u.
1738 348 1781 384 c.
1806 332 1921 391 703,
1980 335 2051 383 lb.
2076 335 2125 392 5,
2164 337 2246 396 11,
2275 336 2324 388 3.

1389 403 1461 452 Ib.
1484 403 1536 462 5,
1560 401 1640 465 18,
1670 400 1715 449 1.
1754 428 1823 437 -
1860 403 2031 452 Civem
2063 406 2329 469 egregium

1390 486 1501 519 esse
1521 471 1817 534 Pompeium
1836 478 1883 519 et
1900 473 1966 520 ad.
1989 476 2174 533 omnia,
2198 490 2328 537 quae

1386 540 1705 604 providenda
1724 549 1839 588 sunt
1866 541 1915 589 in
1938 557 1990 589 re
2010 543 2242 606 publica,
2280 551 2329 592 et

1388 610 1557 658 animo
1588 616 1635 659 et
1659 609 1868 660 consilio
1901 620 2160 674 paratum,
2200 627 2245 661 a.
2272 628 2322 660 u.

1388 693 1431 727 c.
1455 676 1596 742 703„
1629 678 1692 727 ad
1712 678 1836 730 fa'm.
1857 679 1906 740 2,
1928 679 1981 741 8,
2007 680 2055 729 2.
2093 680 2157 729 Se
2182 681 2327 730 Pom-

1388 749 1493 811 peii
1522 754 1681 796 totum
1712 762 1825 797 esse
1856 761 1903 797 a.
1927 763 1974 796 ιι.
2000 765 2043 796 c.
2068 750 2189 799 704.
2210 786 2223 809 ,
2250 749 2326 799 lb.

1389 819 1440 876 2,
1476 814 1558 882 13,
1591 818 1643 869 2.
1685 843 1751 853 —-
1780 816 2051 867 Stomacho
2084 820 2329 867 est-Pom-

1387 887 1534 949 peius
1553 885 1767 951 Magnus
1793 900 1941 947 nunc,
1965 902 2011 934 a.
2042 904 2093 939 u.
2120 904 2162 936 c.
2185 887 2326 946 704.,

1389 957 1461 1002 ita
1500 954 1794 1019 languenti,
1846 961 1901 1005 ut
1943 956 2033 1004 vix
2068 958 2147 1018 id,
2190 957 2329 1019 quod

1390 1024 1486 1073 sibi
1504 1024 1721 1089 placeat,
1755 1024 1995 1085 inveniat,
2038 1025 2240 1075 Caelius
2261 1025 2329 1074 ad

1388 1092 1507 1142 fam.
1530 1092 1582 1153 8,
1608 1091 1691 1153 13,
1712 1094 1764 1146 2.
1781 1118 1850 1130 -—
1879 1094 1953 1143 De
1972 1095 2327 1158 postulationi-

1388 1164 1483 1210 bus
1518 1161 1607 1211 Cn.
1641 1162 1873 1227 Pompeii
1908 1170 1956 1211 et
1992 1161 2047 1211 C.
2093 1164 2328 1223 Caesaris

1388 1232 1800 1291 condicionibuS,
1841 1246 1946 1280 rem
1988 1241 2221 1297 spectare
2262 1232 2329 1281 ad

1390 1299 1573 1348 bellum
1594 1315 1640 1352 a.
1665 1315 1715 1347 u.
1735 1316 1777 1353 c.
1805 1300 1922 1351 704.
1941 1335 1955 1361 ,
1989 1302 2062 1349 lb.
2087 1301 2138 1362 8,
2165 1303 2245 1359 14,
2275 1305 2325 1351 2.

1390 1396 1455 1403 -
1480 1368 1580 1416 Res
1617 1368 1827 1433 publica
1861 1368 2151 1420 Ciceronem
2180 1369 2328 1419 valde

1392 1436 1644 1485 sollicitat.
1722 1437 1877 1486 Favet
1914 1436 2150 1499 Curioni,
2205 1438 2327 1489 Cae-

1391 1520 1554 1554 sarem
1591 1505 1861 1556 honestum
1893 1520 2005 1557 esse
2026 1508 2193 1571 cupit:
2234 1522 2327 1572 pro

1390 1574 1631 1638 Pompeio
1674 1576 1829 1623 emori
1870 1582 2063 1640 potest,
2098 1592 2143 1626 a.
2186 1592 2237 1625 u.
2278 1594 2324 1628 c.

1392 1642 1509 1692 704.
1533 1680 1547 1706 ,
1585 1643 1649 1691 ad
1672 1643 1796 1709 farn.
1828 1647 1889 1711 2,
1935 1644 2027 1705 15,
2062 1645 2113 1697 3.
2144 1670 2211 1681 —-
2236 1645 2324 1695 Cn.

1393 1713 1685 1775 Pompeium
1707 1714 1957 1777 omnibus»,
1981 1715 2068 1775 qui
2088 1729 2329 1779 umquam

1391 1781 1617 1843 fuerunt,
1657 1783 1915 1848 anteponit·
1938 1780 2111 1833 Cicero
2134 1798 2179 1833 a.
2205 1800 2255 1833 u.
2281 1801 2327 1833 c.

1391 1851 1545 1910 704.,
1584 1850 1790 1905 adfam.
1814 1851 1876 1912 3,
1900 1852 1963 1910 7,
1991 1852 2041 1902 5.
2087 1878 2153 1889 --
2190 1852 2253 1902 Se
2282 1861 2331 1902 et

1392 1920 1571 1979 initio,
1612 1936 1675 1971 ne
1719 1923 2047 1986 coniungeret
2101 1937 2157 1974 se
2212 1939 2330 1973 cum

1390 1990 1619 2053 Caesare,
1652 1991 1912 2040 monuisse
1935 1992 2248 2057 Pompeium,
2282 1999 2332 2041 et

1389 2068 1595 2125 postea,
1646 2075 1710 2109 ne
1751 2061 2078 2124 emungeret,
2118 2064 2329 2110 coniun-

1390 2130 1554 2178 ctione
1590 2127 1762 2194 frangi
1804 2137 2008 2178 senatus
2052 2145 2212 2196 opeS,
2251 2132 2331 2180 di-

1390 2199 1645 2248 iunctione
1688 2198 1838 2246 civile
1888 2197 2073 2248 bellum
2122 2201 2329 2249 excitari

1390 2267 1689 2326 sevidisse,
1731 2267 1797 2316 ad
1818 2266 1937 2316 fam.
1967 2268 2027 2328 6,
2064 2267 2124 2326 6,
2162 2271 2212 2321 4.
2259 2296 2329 2305 -

1392 2336 1481 2388 Cn.
1518 2336 1791 2400 Pompeius
1826 2335 1942 2400 plus
1992 2343 2160 2400 potest
2196 2352 2330 2388 unus

1392 2419 1544 2468 quam
1565 2405 1752 2454 caeteri
1772 2418 1946 2453 omnes
1966 2419 2014 2454 a.
2036 2420 2085 2452 u.
2112 2422 2153 2454 c.
2182 2405 2325 2469 704.,

1392 2475 1457 2524 ad
1486 2476 1591 2526 Att.
1614 2474 1665 2536 6,
1699 2474 1743 2532 1,
1770 2473 1820 2524 3.
1842 2501 1907 2509 -
1930 2470 2156 2522 Creditor
2181 2473 2330 2524 Ario-

1389 2543 1637 2601 hamanis,
1668 2542 1739 2590 lb.
1768 2566 1823 2577 -·-
1849 2543 1906 2590 In
1925 2539 2165 2607 Pompeio
2185 2558 2331 2608 spem

1393 2625 1594 2660 omnem
1616 2612 1706 2660 otii
1722 2611 1943 2675 positam
1966 2611 2147 2674 videri,
2170 2614 2241 2662 lb.
2270 2613 2322 2675 6,

1398 2680 1443 2744 1,
1482 2680 1559 2730 11.
1618 2707 1684 2715 —
1726 2681 1783 2728 In
1816 2679 2104 2732 Parthicum
2139 2681 2330 2732 belium

1390 2749 1707 2814 profecturus
1743 2750 2029 2814 putabatur,
2071 2753 2143 2801 lb.
2182 2751 2233 2810 6,
2277 2752 2328 2816 l,

1398 2818 1481 2872 14.
1558 2819 1626 2869 cf.
1666 2819 1737 2869 ib.
1777 2820 1827 2881 5.
1864 2820 1951 2870 25.
1993 2845 2059 2855 —-
2106 2820 2331 2870 Favebat

1393 2889 1563 2954 Appio
1580 2888 1809 2946 Claudio,
1827 2889 1892 2938 ad
1907 2887 2009 2937 Att.
2027 2887 2079 2947 6,
2093 2890 2142 2948 2,
2162 2889 2243 2940 10.
2258 2914 2355 2944 --,

1392 2956 1598 3008 Nullum
1648 2955 1933 3021 periculum
1976 2957 2115 3006 videt
2154 2956 2328 3006 Cicero

1392 3034 1554 3077 stante
1596 3025 1874 3090 Pompeio,
1912 3024 1994 3073 vel
2048 3026 2197 3073 etiam
2249 3041 2330 3075 se-

1394 3098 1542 3147 dente
1560 3133 1573 3156 ,
1612 3095 1778 3144 valeat
1810 3093 1961 3142 modo
1991 3106 2037 3140 a.
2061 3108 2112 3146 u.
2136 3110 2180 3147 c.
2204 3096 2325 3150 704.

1392 3167 1469 3219 lb,
1502 3165 1553 3229 6,
1587 3164 1647 3226 3,
1678 3165 1729 3216 4.
1755 3188 1824 3197 —-
1846 3162 1966 3212 Eius
1989 3162 2207 3213 rationes
2236 3181 2329 3230 pe-

1395 3234 1653 3284 cuniariae
1694 3246 1808 3281 cum
1841 3231 2214 3302 Ariobarzane,
2252 3235 2327 3283 lb.

1395 3303 1445 3362 6,
1479 3302 1527 3364 1,
1558 3301 1606 3352 3.
1646 3301 1720 3349 Ib.
1743 3299 1794 3359 6,
1813 3297 1865 3360 3,
1887 3301 1937 3350 5.
1960 3325 2028 3337 -—
2056 3300 2331 3366 Pompeius

1398 3371 1454 3428 Q.
1476 3371 1705 3421 Cassium
1726 3370 1835 3418 sine
1855 3377 1991 3418 sorte
2012 3381 2331 3430 quaestorem

1399 3441 1582 3506 delegit
1609 3455 1657 3488 a.
1677 3455 1729 3488 u.
1751 3454 1797 3492 c.
1820 3437 1939 3488 704.
1957 3475 1973 3504 ,
2014 3439 2086 3490 Ib.
2110 3439 2169 3498 6,
2187 3441 2251 3504 6,
2272 3441 2315 3491 3.
