2500 3850
180 179 298 241 408

243 350 270 399 1
285 384 302 410 ,
328 350 360 399 4
377 382 392 407 ‚
422 348 472 401 2.
495 374 558 385 -
583 346 776 397 Eodem
794 362 925 397 anno
947 346 1000 401 C.
1025 347 1185 397 Mani-

241 416 342 466 lius
383 416 612 466 tribunus
652 416 816 480 plebis
862 417 1029 483 legem
1067 432 1182 481 pro-

239 485 519 549 mulgavit,
557 493 612 534 ut
648 487 917 550 Pompei0‚
957 487 1045 548 qui
1077 495 1180 536 tum

237 557 291 603 iu
319 554 496 605 Cilicia
525 555 640 605 belli
671 556 912 605 maritimi
938 556 1180 617 reliquias

237 626 662 689 persequebatur,
693 625 878 675 bellum
913 624 1180 675 Mithrida-

237 695 394 743 ticum
423 694 830 745 committeretur.
869 692 996 745 Ea'm
1014 695 1178 759 legem

241 762 415 814 Cicero
465 770 668 829 praetor
720 765 884 812 suasit
938 765 1180 825 oratione,

239 847 368 895 quae
397 840 473 882 est
506 834 571 883 de
593 834 798 894 imperio
823 833 913 884 Gn.
941 834 1178 896 Pompeii.

235 929 302 938 —
321 902 515 951 Eodem
533 916 662 951 anno
682 902 751 953 Α.
775 902 1044 959 Cluentium
1061 901 1182 952 Avi-

237 978 336 1021 tum
381 970 608 1021 defendit
655 972 794 1035 apud
837 971 1084 1037 collegam
1131 973 1181 1019 in

235 1047 474 1104 praetura
506 1040 568 1099 Q.
605 1041 888 1089 Voconium
927 1040 1178 1089 Nasonem

237 1110 486 1165 oratione,
509 1123 636 1170 quae
659 1117 841 1158 exstat.

303 1177 367 1229 A.
401 1191 450 1227 ιι.
475 1192 519 1226 c.
542 1176 664 1229 689.
688 1185 784 1227 aet.
807 1176 962 1227 XLII.
1004 1177 1175 1227 Cicero

233 1245 290 1295 C.
345 1245 632 1297 Cornelium
687 1247 970 1300 maiestatis
1033 1262 1178 1297 reum

231 1316 432 1367 duabus
455 1316 764 1366 orationibus
788 1316 1030 1381 defendit,
1051 1324 1174 1367 orat.

231 1384 319 1447 67,
340 1386 459 1438 225.
496 1385 578 1446 70,
601 1379 722 1439 232.
743 1387 930 1435 —Hoc
948 1401 1077 1437 anno
1099 1385 1177 1437 Ci-

236 1468 349 1505 cero
390 1471 445 1505 se
488 1456 703 1519 parabat
749 1457 817 1505 ad
857 1455 1176 1507 consulatum

233 1537 364 1574 anno
385 1524 620 1587 proximo
653 1525 956 1589 petendum,
983 1527 1048 1575 ad
1068 1527 1174 1610 Att.

236 1594 354 1656 1,1,
382 1595 510 1655 lsq.

302 1630 364 1711 A.
388 1677 439 1709 u.
467 1677 510 1711 c.
533 1660 654 1714 690.
677 1668 774 1711 aet.
796 1661 976 1716 XLIII.
1003 1663 1062 1715 L.
1092 1664 1174 1711 Iu-

228 1730 296 1781 lio
320 1730 534 1780 Caesare
555 1729 609 1780 G.
645 1730 832 1781 Marcio
851 1732 1034 1797 Figulo
1054 1747 1174 1781 con-

232 1800 428 1849 sulibus
449 1792 602 1849 filiolo
625 1808 800 1850 auctus
821 1810 896 1850 est
919 1801 1060 1851 salva
1076 1802 1146 1850 Te

231 1870 416 1930 remia,
459 1868 525 1918 ad
555 1869 656 1919 Att.
693 1870 755 1930 1,
798 1871 856 1931 2,
905 1872 947 1922 1.
985 1870 1173 1920 -Hoc

227 1946 457 2004 tempore
491 1938 756 1989 Catilinam
793 1942 1172 2005 competitorem

230 2022 378 2059 suum
407 2009 678 2059 defendere
704 2011 988 2075 cogitabat,
1021 2011 1094 2061 Ib.
1123 2012 1169 2070 1,
1211 2044 1226 2056 x

227 2079 280 2139 2,
306 2079 355 2131 l.
383 2106 449 2115 —-
467 2078 737 2128 Tulliolam
758 2081 812 2130 G.
832 2080 1006 2130 Pisoni
1026 2079 1082 2131 L.
1111 2081 1168 2130 F.

227 2147 378 2210 Frugi
408 2146 705 2212 despondit,
741 2149 814 2196 Ib.
842 2149 867 2198 1
887 2186 901 2208 ,
932 2148 993 2210 3,
1027 2149 1078 2198 3.
1103 2175 1172 2186 —-

228 2215 336 2264 Hoc
366 2229 497 2263 anno
521 2215 691 2265 Cicero
725 2216 1044 2266 consulatum
1078 2232 1168 2282 pe-

228 2285 333 2347 tiit,
364 2298 464 2347 qua
485 2285 534 2333 in
555 2285 795 2348 petitione
815 2285 1168 2351 competitores

225 2353 403 2403 habuit
428 2353 482 2402 P.
523 2353 805 2418 Sulpicium
839 2353 1078 2418 Galbam,
1107 2355 1164 2409 L.

227 2422 463 2488 Sergium
485 2423 750 2474 Catilinam
765 2462 778 2483 ,
801 2425 854 2476 C.
875 2425 1164 2488 Antonium,

223 2491 250 2542 1
275 2539 286 2548 ,
306 2489 542 2552 Cassium
564 2495 881 2560 Longinum,
911 2495 971 2554 Q.
993 2494 1168 2545 Corni-

225 2560 427 2623 ficium,
463 2561 514 2612 G.
545 2564 794 2614 Licinium
821 2563 1166 2624 Sacerdotem,

227 2629 284 2688 Q.
321 2630 424 2683 Cic.
461 2632 522 2681 de
550 2634 696 2697 petit.
729 2648 868 2687 cons,
901 2636 963 2696 2,
999 2634 1030 2682 7
1052 2648 1164 2696 sqq.

225 2711 317 2760 pro
365 2697 494 2747 Mur.
542 2700 606 2760 8,
658 2701 740 2753 17.
777 2727 846 2738 -—
879 2700 1168 2765 Ciceronem

223 2774 404 2816 cuncta
423 2767 564 2816 ltalia
579 2805 592 2827 ‚
620 2782 795 2818 omnes
819 2771 1036 2829 ordines,
1059 2771 1168 2818 uni-

223 2849 372 2884 versa
418 2835 593 2884 civitas
643 2851 743 2885 non
789 2839 930 2901 prius
983 2837 1167 2887 tabella

223 2919 374 2966 quam
399 2920 519 2956 voce
550 2905 770 2969 priorem
791 2905 1050 2956 consulem
1079 2907 1165 2956 de-

222 2973 562 3030 claraverunt.
587 2975 636 3024 in
660 2975 824 3024 Pison.
849 2976 873 3025 l
891 3011 905 3034 ‚
929 2974 980 3027 3.
1015 2976 1076 3024 cl.
1103 2976 1166 3026 de

209 3039 333 3108 ,lege
353 3059 462 3108 agr.
487 3046 535 3104 2,
561 3047 606 3108 l,
630 3044 661 3096 3
681 3061 791 3107 sqq.
818 3073 883 3080 --
908 3045 1014 3094 Hoc
1031 3059 1162 3094 anno

219 3109 393 3163 Cicero
429 3113 485 3172 Q.
521 3113 738 3164 Gallium
768 3115 988 3166 ambitus
1023 3129 1166 3168 reum

221 3181 474 3242 defendit,
495 3182 679 3249 fragm.
700 3200 750 3249 p.
776 3185 898 3237 ⁶217.

288 3253 347 3300 A.
371 3267 421 3301 ιι.
448 3268 494 3305 c.
516 3252 635 3303 691.
661 3261 758 3303 aet.
782 3253 870 3303 XI.
876 3256 963 3304 lv.
989 3253 1163 3304 Cicero

217 3319 537 3390 consulatum
571 3323 734 3387 gessit
757 3338 872 3372 cum
905 3323 969 3371 M.
1009 3323 1164 3372 Anto-

221 3386 336 3448 nio,
386 3397 518 3440 statu
561 3393 778 3441 civitatis
813 3406 912 3442 non
951 3392 1160 3454 optimc,

219 3454 374 3536 immo
393 3458 648 3522 pessimo,
672 3460 736 3509 de
757 3458 874 3524 lege
893 3474 1003 3524 agr.
1027 3459 1088 3520 2,
1109 3459 1159 3522 3,

663 191 736 239 M.
770 191 1066 239 TULLIUS
1102 192 1173 239 M.
1206 192 1269 241 1¹¹.
1304 193 1376 239 M.
1403 192 1469 238 N.
1506 192 1777 239 CICERO.

1323 348 1377 399 8.
1405 374 1473 385 —
1508 346 1679 399 Cicero
1711 350 1777 400 M.
1810 350 2085 401 Antonium
2118 350 2289 401 colle-

1323 432 1445 481 gam
1480 418 1647 482 ipsum
1697 433 1895 482 quoque
1934 433 2037 468 nou
2082 420 2291 484 optime

1324 486 1630 551 cogitantem
1680 488 1997 553 indulgentia
2048 488 2281 550 quadam

1321 568 1446 603 usus
1486 556 1555 605 ita
1600 557 1841 606 sustinuit
1880 572 1939 607 ac
1976 558 2291 609 moderatus

1320 631 1415 687 est,
1444 638 1505 675 ne
1526 626 1649 686 quid
1670 627 1877 675 auderet
1899 628 1949 675 in
1968 642 2075 675 rem
2099 627 2283 691 publi-

1313 706 1431 743 -cam
1460 694 1569 760 ipse
1598 695 1795 758 moliri,
1831 710 1923 760 pro
1957 694 2090 747 Sest.
2123 694 2155 745 3
2175 733 2190 758 ,
2222 696 2277 747 8.

1323 788 1389 799 —
1413 762 1585 813 Cicero
1610 764 1850 829 perfecit,
1873 774 1928 813 ut
1953 764 2039 814 lex
2067 766 2287 829 agraria

1323 846 1354 880 a
1382 833 1439 882 P.
1476 830 1691 883 Servilio
1720 833 1867 883 Rullo
1896 834 2100 884 tribuno
2130 833 2273 899 pleb.

1322 900 1661 967 promulgata,
1684 917 1812 965 quae
1832 904 2123 966 perniciosa
2143 904 2275 952 civi-

1320 971 1410 1019 tati
1448 969 1557 1022 fore
1593 972 1887 1028 videbatur,
1914 972 2133 1037 perferri
2169 986 2274 1021 non

1320 1047 1523 1102 posset,
1564 1044 1751 1106 quippe
1789 1056 1942 1104 quum
1989 1040 2162 1091 Cicero
2210 1041 2271 1089 L.

1323 1106 1556 1167 Caecilio,
1578 1120 1631 1159 ut
1653 1110 1773 1160 huic
1796 1111 1897 1175 legi
1916 1110 2281 1168 intercederet,

1318 1180 1689 1245 persuasisset,
1712 1195 1805 1245 pro
1826 1178 1969 1229 Sulla
1985 1178 2069 1237 23,
2092 1178 2177 1231 65.
2201 1205 2273 1215 —-

1319 1245 1496 1296 Paullo
1523 1256 1636 1312 post
1656 1264 1809 1311 quum
1829 1248 1887 1297 L.
1906 1248 2123 1297 Roscius
2136 1246 2279 1299 Otho·

1316 1316 1435 1369 trib.
1457 1316 1527 1382 pl.
1549 1332 1595 1367 a.
1622 1334 1674 1367 u.
1699 1334 1741 1367 c.
1772 1318 1893 1369 687.
1918 1318 2085 1383 legem
2122 1317 2270 1367 tulis-

1317 1392 1421 1444 set,
1456 1402 1553 1447 qua
1584 1390 1830 1439 sancitum
1857 1394 1965 1449 est,
1993 1402 2057 1437 ne
2076 1388 2193 1449 quis
2217 1388 2274 1435 in.

1318 1456 1717 1517 quattuordecim
1782 1455 2028 1521 gradibus
2088 1454 2273 1505 orche-

1318 1530 1481 1587 strae,
1515 1525 1567 1573 in
1594 1540 1692 1587 qua
1712 1533 1971 1575 senatores
1996 1524 2262 1587 sedebant,

1313 1594 1559 1656 proximis
1590 1595 1820 1655 sederet,
1856 1595 1958 1643 nisi
1992 1594 2079 1656 qui
2108 1606 2269 1655 eques

1315 1670 1364 1711 et
1392 1664 1613 1725 equestri
1646 1678 1801 1715 censu
1832 1669 1998 1723 esset,
2039 1670 2088 1713 et
2120 1661 2267 1712 Cice-

1314 1746 1439 1780 rone
1479 1732 1684 1781 consule
1730 1733 1877 1798 plebs
1922 1732 2163 1783 Roscium
2212 1732 2265 1779 in

1313 1799 1511 1851 theatro
1532 1801 1697 1851 sibilis
1719 1803 1963 1851 insectata
1984 1809 2147 1863 esset,
2184 1800 2271 1849 ci-

1314 1885 1429 1922 cero
1452 1886 1562 1921 eam
1585 1872 1636 1919 in
1665 1872 1843 1921 aedem
1871 1866 2115 1921 Bellonae
2142 1884 2264 1919 evo-

1314 1947 1477 1990 catam
1537 1941 1791 2006 mitigavit
1849 1939 2143 2003 effecitque,
2209 1946 2265 1988 ut

1312 2007 1461 2073 plebs
1487 2017 1707 2060 notatam
1728 2026 1785 2060 se
1806 2010 2101 2060 discrimine
2122 2009 2269 2057 sedis

1313 2092 1474 2140 aequo
1494 2079 1663 2128 animo
1684 2079 1853 2128 ferret.
1875 2078 2069 2130 Deinde
2082 2078 2262 2128 habuit

1312 2147 1479 2209 illam,
1501 2163 1631 2211 quae
1652 2155 1847 2210 exstat,
1881 2149 1972 2200 sed
2010 2147 2263 2206 mutilata,

1312 2217 1585 2266 orationem
1609 2231 1699 2282 pro
1724 2216 1779 2267 C.
1795 2217 2005 2270 Rabirio
2024 2215 2259 2282 perduel-

1310 2284 1459 2334 lionis
1483 2301 1591 2350 reo,
1615 2287 1787 2338 Pison.
1809 2287 1860 2346 2,
1882 2287 1935 2336 4.
1970 2287 2032 2337 V.
2060 2283 2123 2334 C.
2147 2283 2264 2334 Ra·-

1307 2351 1509 2406 birius.
1538 2383 1603 2392 ——
1634 2356 1761 2414 Tum
1785 2371 1939 2418 quum
1978 2355 2099 2405 olim
2122 2352 2260 2403 Sulla

1312 2423 1525 2475 dictator
1546 2425 1947 2490 proscriptorum
1980 2424 2112 2475 filios
2145 2421 2261 2488 lege

1314 2492 1415 2542 lata
1468 2495 1803 2558 petendorum
1854 2493 2105 2546 honorum
2150 2492 2262 2540 iure

1308 2563 1559 2627 privasset
1577 2601 1590 2622 ‚
1612 2564 1750 2626 iique
1768 2564 2016 2629 petissent
2030 2599 2043 2621 ,
2068 2569 2125 2610 ut
2146 2560 2261 2624 lege

1310 2629 1399 2680 illa
1434 2633 1667 2683 Cornelia
1704 2633 1951 2696 abrogata
1985 2644 2255 2696 capessen-

1312 2699 1489 2750 dorum
1512 2701 1759 2752 honorum
1787 2702 1887 2752 sibi
1909 2708 2139 2767 potestas
2169 2697 2255 2747 fie-

1308 2777 1416 2828 ret,
1448 2769 1625 2824 Cicero
1652 2771 1875 2820 oratione
1904 2770 2105 2827 habita,
2135 2767 2255 2816 adc-

1308 2837 1554 2892 lescentes
1572 2842 1733 2892 bonos
1752 2852 1801 2890 et
1820 2839 1995 2904 fortes,
2022 2838 2115 2888 sed
2138 2850 2257 2886 usos

1309 2923 1369 2959 ea
1388 2909 1684 2960 condicione
1704 2910 1938 2960 fortunae
1958 2947 1971 2968 ‚
1991 2915 2076 2969 ut,
2111 2905 2154 2954 si
2177 2919 2255 2954 es—

1307 2985 1419 3026 sent
1437 2980 1763 3042 magistratus
1783 2978 1983 3042 adepti,
2010 2977 2087 3025 rei
2113 2973 2250 3038 publ.

1306 3052 1491 3095 statum
1512 3047 1803 3098 convulsuri
1825 3047 2130 3106 viderentur,
2146 3042 2255 3091 suis

1308 3113 1619 3175 inimicitiis,
1668 3116 1805 3166 nulla
1860 3123 2067 3166 senatus
2123 3111 2253 3160 mala

1307 3183 1472 3249 gratia
1504 3186 1819 3236 comitiorum
1852 3187 2047 3234 ratione
2084 3181 2256 3246 priva-

1306 3253 1409 3316 vit,
1434 3254 1507 3302 Ib.
1534 3281 1600 3293 -—-
1620 3256 1751 3304 Tum
1781 3268 1935 3318 quum
1954 3254 2015 3302 L.
2044 3251 2253 3316 Sergius

1308 3321 1550 3382 Catilina,
1581 3333 1635 3372 ut
1664 3325 1710 3372 in
1738 3323 2031 3388 proximum
2068 3335 2253 3370 annum

1306 3391 1483 3442 consul
1516 3393 1897 3456 designaretur,
1923 3391 2083 3440 multa
2112 3389 2251 3438 moli·-

1304 3466 1442 3508 retur
1472 3460 1697 3524 nihilque
1726 3461 2079 3527 intemptatum
2102 3457 2236 3507 reliu-
