2500 3850
681 211 1091 259 TULLIANUM
1119 231 1203 241 -—
1235 209 1523 258 SERVIUS
1558 209 1875 259 TULLIUS.

286 364 486 424 labella,
508 365 574 416 ad
596 365 714 416 fam.
734 369 785 430 2,
802 366 883 428 15,
901 367 951 420 2.
983 366 1058 417 11).
1079 368 1128 428 2,
1148 366 1229 430 16,

287 437 336 484 5.
367 459 440 470 ——
463 433 627 484 Gener
655 441 732 484 est
767 437 942 485 suavis
981 436 1230 496 Ciceroni,

285 501 516 565 Tulliae,
561 503 860 565 Terentiae3
909 505 1232 567 quantumvis

282 571 362 620 vel
380 572 575 637 ingenii
596 573 673 622 vel
691 573 1036 634 humanitatis,
1053 589 1099 626 a.
1118 589 1169 623 u.
1186 590 1228 622 c.

283 639 404 693 704.
420 642 524 703 ,Ὂά
549 641 650 690 Att.
673 644 704 691 7
721 679 735 706 ,
758 643 817 706 3,
842 643 925 696 12,
961 643 1032 692 ib.
1058 644 1090 692 7
1107 678 1122 701 ,
1143 643 1228 703 12,

281 709 332 760 6.
365 735 436 746 --
456 709 533 758 De
566 709 733 758 Tullia
764 721 814 759 et
843 710 1084 762 Terentia
1112 725 1229 776 pro-

279 786 394 842 pter
428 777 844 828 caesarianorum
875 780 1148 830 adventum
1167 781 1230 829 ti-

277 855 381 896 met
418 845 622 914 Cicero,
662 841 831 914 sperat
873 855 1043 899 tamen
1076 847 1230 898 Dola-

279 915 443 966 bellae
481 917 768 966 interventu
806 917 1017 968 meliora
1059 919 1231 968 omnia

279 985 406 1048 fore,
430 1000 478 1034 a.
501 1000 553 1038 u.
576 1001 622 1039 c.
645 985 763 1036 705.
781 1023 795 1050 ,
825 987 898 1036 11).
930 989 990 1048 7,
1016 985 1081 1038 13
1106 1001 1150 1038 a.
1174 985 1224 1037 3.

277 1055 350 1107 11).
375 1057 433 1112 7,
466 1054 559 1118 14,
583 1053 632 1105 3.
673 1056 746 1104 Ib.
770 1055 827 1116 7,
855 1054 950 1114 16,
973 1057 1024 1107 2.
1065 1057 1138 1105 lb.
1174 1059 1226 1115 7,

281 1125 374 1181 17,
407 1122 458 1173 3.
483 1149 548 1159 --·
567 1124 683 1173 ΙΙΙΙ.
704 1122 832 1174 Non.
856 1124 997 1174 Febr.
1024 1139 1071 1174 a.
1105 1141 1158 1180 u.
1183 1141 1226 1175 c.

280 1191 401 1242 705.
442 1189 612 1242 Tullia
649 1199 698 1244 et
735 1192 970 1244 Terentia
1000 1194 1226 1246 Formias

281 1270 551 1326 venerunt,
577 1263 652 1313 11).
674 1263 736 1327 7,
759 1262 843 1324 18,
867 1263 916 1315 1.
955 1264 1031 1312 Ib.
1055 1265 1108 1326 7,
1137 1263 1223 1329 23,

278 1333 330 1378 2.
353 1357 418 1366 --
451 1331 534 1380 Ad
565 1328 854 1380 Ciceronem
885 1347 1042 1396 saepe
1061 1332 1228 1382 Tullia

280 1398 458 1448 scribit
477 1413 626 1450 orans
643 1436 656 1458 ,
678 1406 732 1448 ut
757 1400 882 1462 quid
905 1401 957 1448 in
978 1400 1228 1467 Hispania.

279 1474 484 1533 geratur
517 1475 804 1532 exspectet,
837 1469 911 1518 11).
948 1467 1045 1530 10,
1079 1470 1140 1531 8,
1175 1472 1222 1521 1.

279 1564 343 1571 —
381 1536 574 1586 Tulliae
612 1537 768 1587 virtus
808 1535 1040 1588 mirifica.
1115 1538 1224 1597 Quo

279 1606 432 1655 modo
457 1606 546 1655 illa
581 1605 676 1656 fert
706 1605 966 1670 publicam
998 1607 1222 1657 cladem!

281 1690 380 1738 quo
443 1677 593 1725 modo
663 1675 970 1725 domesticas
1040 1677 1221 1726 tricas!

280 1751 498 1806 quantus
517 1751 683 1793 autem
701 1746 902 1795 animus
921 1745 973 1794 in
991 1745 1224 1795 discessu

279 1811 540 1865 Ciceronis
562 1813 750 1879 patris!
784 1815 857 1864 Ib.
887 1812 970 1874 10,
993 1815 1051 1876 8,
1080 1815 1131 1866 8.
1152 1842 1224 1854 —·

277 1880 441 1931 Tullia
468 1884 670 1949 peperit
701 1881 858 1933 XIIII.
892 1883 1006 1933 Kal.
1039 1887 1147 1935 Iun.
1177 1900 1224 1935 a.

275 1967 326 2000 u.
351 1968 396 2005 c.
417 1951 536 2005 705.
559 1968 771 2018 puerum
791 1941 1225 2018 ἑπταμηνιαῖον,

277 2022 344 2069 ad
362 2021 465 2070 Att.
491 2020 572 2085 10,
598 2020 680 2082 18,
705 2022 753 2072 1.
777 2050 843 2057 -
871 2021 1068 2074 Tulliae
1091 2039 1224 2073 mor·

276 2089 372 2139 bus
410 2098 456 2139 et
493 2090 814 2140 imbecillitas
865 2094 1093 2157 corporis
1127 2108 1222 2157 pa-

276 2166 400 2207 trem
432 2159 718 2220 exanimat,
739 2174 786 2209 a.
809 2176 862 2210 u.
889 2176 932 2209 c.
955 2161 1075 2213 706.
1099 2198 1112 2224 ,
1141 2162 1218 2212 11).

280 2226 361 2288 11,
381 2226 430 2288 6,
454 2229 504 2276 4.
532 2227 598 2276 cl.
620 2229 689 2277 ib.
714 2228 794 2285 11,
814 2227 866 2289 9,
889 2228 939 2282 3.
963 2228 1218 2281 —Cicero

280 2309 345 2343 ex
379 2294 577 2344 Tulliae
624 2296 836 2357 virtute,
890 2296 1221 2365 humanitate,

273 2364 464 2428 pietate
483 2378 589 2413 non
605 2364 757 2415 modo
780 2380 892 2415 eam
912 2366 1223 2432 voluptatem

278 2446 380 2481 non
400 2434 560 2498 cepit,
587 2448 739 2497 quam
760 2449 940 2499 capere
961 2451 1024 2485 ex
1045 2438 1222 2503 siugu-

278 2502 371 2549 lari
401 2500 510 2551 filia
539 2502 742 2567 debuit,
771 2504 864 2553 sed
887 2505 1034 2554 etiam
1061 2505 1222 2555 incre-

279 2570 426 2620 dibili
446 2578 522 2621 est
539 2571 715 2623 dolore
733 2571 964 2622 adfectus
981 2609 995 2634 ,
1019 2573 1118 2623 tale
1146 2576 1222 2624 in-

277 2640 485 2705 genium
500 2641 552 2689 in
567 2648 670 2689 tam
688 2642 874 2691 misera
892 2640 1094 2694 fortuna
1115 2659 1222 2693 ver-

279 2711 385 2759 sari
421 2710 574 2772 idque
609 2711 843 2760 accidere
877 2711 1017 2760 nullo
1057 2713 1223 2776 ipsius

277 2779 494 2840 delicto,
535 2794 732 2828 summa
765 2780 912 2846 culpa
943 2779 1218 2835 Ciceronis.

274 2847 424 2897 Matri
447 2862 559 2897 eam
579 2857 686 2897 erat
705 2849 1010 2901 remissurus
1032 2865 1077 2902 a.
1099 2867 1150 2899 ιι.
1175 2868 1220 2901 c.

279 2917 398 2967 707.
416 2954 430 2977 ,
453 2917 524 2965 11).
553 2917 635 2976 11,
662 2916 743 2980 17,
768 2918 815 2967 1.
837 2945 906 2955 —
925 2918 1048 2969 Eius
1069 2920 1223 2969 disci-

279 2986 418 3035 dium
440 3001 551 3034 cum
570 2986 852 3037 Dolabella.
892 2987 1058 3037 Placet
1080 2990 1224 3039 Cice-

278 3056 389 3106 roni
407 3057 646 3105 nuncium
665 3057 853 3106 remitti
871 3072 914 3105 a.
940 3073 991 3109 u.
1014 3073 1060 3106 c.
1081 3058 1222 3117 707.,

273 3124 350 3175 11).
385 3124 475 3187 11,
507 3125 602 3187 23,
637 3126 687 3178 3.
723 3153 788 3163 --
819 3125 1016 3177 Tulliae
1045 3135 1222 3192 partus

277 3194 419 3257 alte-r,
444 3210 506 3243 ex
527 3211 626 3256 quo
648 3196 868 3247 decessit
889 3212 933 3245 a.
953 3212 1003 3246 u.
1022 3212 1066 3251 c.
1080 3196 1222 3257 709.,

278 3263 345 3311 ad
373 3262 495 3311 fam.
529 3264 590 3326 6,
635 3264 726 3324 18,
765 3266 814 3318 5.
849 3294 915 3301 -
944 3265 1062 3316 Post
1079 3268 1222 3330 prius

277 3330 404 3381 illud
417 3333 685 3381 discidium
698 3333 958 3383 Dolabella
974 3350 1088 3383 cum
1101 3334 1222 3383 Tul-

279 3398 348 3447 lia
367 3400 417 3446 in
441 3402 652 3465 gratiam
673 3403 869 3451 redisse
886 3440 900 3463 ,
925 3404 1042 3467 sed,
1067 3418 1224 3465 quum

284 3468 495 3534 gravida
527 3480 682 3531 esset,
722 3471 990 3524 divortium
1023 3487 1136 3521 cum
1165 3487 1226 3523 ea

2193 201 2317 263 403

1375 366 1561 415 fecisse
1585 365 1813 425 videtur,
1834 366 1901 415 ad.
1926 365 2045 416 fam.
2070 365 2121 428 9,
2147 367 2225 418 11.
2250 392 2320 406 --

1370 434 1444 483 De
1464 449 1522 483 ea
1542 433 1881 484 consecranda
1900 437 2104 502 cogitat,
2125 439 2192 487 ad
2208 439 2314 488 Aa.

1377 507 1458 563 12,
1493 503 1575 568 12,
1602 503 1648 553 1.
1672 529 1739 538 --
1759 503 1947 552 Fanum
1970 506 2017 554 ei
2037 514 2318 557 exstructu-

1374 587 1460 622 rus
1488 581 1624 634 erat,
1656 572 1733 626 11).
1770 571 1863 632 12,
1905 573 1995 632 18,
2028 576 2075 627 1.
2110 575 2173 626 de
2204 577 2315 626 loco

1374 657 1575 706 semper
1598 642 1895 706 ambigens,
1921 643 1992 692 lb.
2018 644 2109 707 12,
2136 644 2200 695 19
2217 683 2230 705 ,
2267 645 2313 694 1.

1374 711 1449 760 Ib.
1474 711 1564 770 12,
1591 709 1684 773 36,
1710 711 1759 760 1.
1782 737 1849 746 -
1866 710 1941 762 De
1962 713 2100 762 obitu
2120 715 2317 764 Tulliae

1371 793 1421 830 a.
1446 795 1498 829 u.
1524 795 1570 833 c.
1602 778 1721 835 709.
1757 778 1826 831 Μ.
1861 781 2317 845 patrem'consola-

1370 857 1453 896 tur
1481 847 1595 898 Ser.
1620 847 1905 914 Sulpicius,
1936 852 2001 899 ad
2023 850 2143 902 fam.
2176 857 2238 916 4,
2260 852 2311 902 5.

1372 917 1438 970 cf.
1462 919 1525 967 de
1544 917 1713 967 Tullia
1732 919 1880 968 etiam
1902 920 1971 970 ib.
1993 921 2041 980 7,
2065 920 2148 985 23,
2175 926 2225 974 4.
2248 921 2317 970 ad

1370 986 1476 1035 Att.
1497 987 1549 1048 4,
1577 985 1659 1046 16,
1682 989 1732 1040 4.
1769 988 1843 1037 Ib.
1863 989 1913 1042 6.
1944 990 1987 1048 l,
2011 990 2095 1040 10.

1300 1052 1632 1106 Tullianum
1664 1060 1848 1122 caput.
1884 1059 1947 1106 V.
1980 1057 2056 1106 Μ.
2084 1057 2309 1109 Tullius

1366 1123 1690 1175 Montanus.

1298 1192 1362 1244 P.
1391 1192 1585 1244 Tullio
1605 1229 1619 1257 ,
1652 1191 1841 1258 Syme,
1875 1197 2070 1246 amicus
2100 1197 2156 1245 P.
2200 1195 2312 1248 Clo-

1368 1263 1471 1325 dii,
1498 1264 1560 1314 de
1580 1263 1791 1327 hai-usp.
1816 1279 1951 1329 resp.
1983 1266 2030 1329 1,
2054 1266 2101 1317 1.

1300 1329 1551 1395 Tullius,
1586 1345 1770 1381 nomen
1792 1334 1903 1382 ioco
1933 1335 2098 1383 fictum
2136 1336 2188 1382 in
2212 1335 2313 1385 for-

1366 1399 1531 1459 mula,
1559 1401 1625 1450 ad.
1645 1400 1764 1449 Her.
1790 1401 1837 1464 1,
1864 1402 1943 1464 11,
1968 1401 2050 1455 18.

1297 1466 1557 1532 Tullius,
1606 1468 1873 1518 familiaris
1922 1470 2106 1534 aliquis
2154 1473 2311 1537 Appii

1368 1537 1565 1586 Claudii
1584 1536 1776 1599 Pulcri,
1798 1539 1864 1588 ad
1886 1539 2003 1590 sam.
2027 1539 2077 1602 3,
2104 1539 2187 1603 11,
2210 1543 2261 1593 5.

1296 1605 1357 1656 L.
1384 1603 1641 1670 Tullius,
1674 1623 1829 1671 eques
1857 1608 2001 1658 Rom.
2018 1647 2034 1672 ,
2074 1611 2311 1676 magister

1365 1676 1644 1740 scripturae
1663 1673 1946 1728 Siciliensis
1968 1693 2012 1730 a.
2030 1693 2080 1728 u.
2100 1695 2145 1731 c.
2165 1678 2286 1734 684.

1362 1744 1508 1794 Verr.
1532 1753 1753 1796 accusat.
1776 1745 1825 1811 3,
1850 1748 1932 1807 71,
1956 1747 2071 1798 167.
2284 1761 2293 1771 ·

1292 1811 1357 1864 Ia.
1403 1810 1663 1878 Tullius,
1718 1815 1913 1880 legatus
1952 1817 2209 1868 Ciceronis
2257 1818 2311 1867 in

1369 1884 1633 1948 provincia
1672 1883 1873 1951 Cilicia,
1908 1886 1974 1937 ad
2004 1887 2108 1937 Att.
2144 1886 2210 1952 5,
2254 1890 2307 1953 4,

1366 1953 1415 2005 2.
1452 1953 1523 2003 11).
1548 1954 1609 2013 5,
1644 1954 1701 2005 11
1720 1992 1734 2017 ,
1757 1957 1807 2008 4.
1832 1982 1897 1991 --
1918 1958 2076 2007 Attici
2094 1957 2307 2021 amicus,

1364 2022 1439 2071 11).
1462 2023 1512 2084 5,
1540 2023 1619 2083 14,
1640 2025 1689 2073 2.
1712 2052 1773 2061 -
1802 2024 1924 2073 Eius
1942 2026 2135 2084 sordes,
2158 2026 2231 2075 lb.
2256 2028 2307 2087 5,

1365 2091 1430 2141 21
1448 2128 1461 2149 ,
1482 2092 1541 2149 5.
1581 2092 1645 2141 cf.
1681 2094 1747 2145 ad
1766 2094 1887 2147 fam.
1914 2094 2009 2158 15,
2031 2096 2094 2155 4,
2116 2094 2199 2155 8.,
2220 2096 2310 2145 ubi

1364 2168 1439 2209 est
1461 2159 1523 2211 L.
1555 2158 1834 2213 Tulleius.

1292 2226 1354 2279 Ia.
1391 2226 1615 2284 Tullius
1648 2230 1951 2283 Montanus
1978 2248 2090 2283 cum
2122 2233 2185 2283 M.
2226 2233 2285 2283 Ci

1367 2313 1545 2348 cetone
1576 2300 1630 2352 F.
1664 2301 1919 2366 profectus
1947 2318 1994 2355 a.
2016 2318 2065 2352 u.
2090 2320 2133 2355 c.
2166 2302 2308 2369 709.,

1364 2368 1430 2417 ad
1449 2369 1552 2420 Att.
1578 2370 1658 2428 12,
1680 2372 1774 2434 52,
1805 2371 1853 2419 1.
1896 2371 1970 2423 11).
2008 2371 2099 2431 12,
2122 2370 2207 2422 53.
2242 2372 2304 2422 cl.

1365 2437 1433 2486 ib.
1462 2437 1554 2497 14,
1579 2437 1849 2497 16,4.1b.
1873 2441 1969 2501 14,
2007 2440 2098 2499 17,
2134 2440 2184 2491 6.
2222 2440 2309 2491 Ad

1365 2506 1596 2555 eumdem
1631 2506 1848 2558 fortasse
1878 2509 2097 2573 pertinet
2114 2509 2306 2559 Tullia-

1362 2587 1483 2623 num
1504 2583 1681 2637 caput,
1716 2576 1787 2625 lb.
1820 2576 1898 2637 15,
1920 2577 2007 2636 26,
2031 2576 2080 2628 3.
2123 2578 2197 2631 11).
2222 2580 2305 2638 15,

1364 2643 1449 2703 29,
1476 2642 1521 2691 lo

1292 2709 1371 2761 Μ.
1402 2708 1657 2776 Tullius,
1692 2729 1781 2779 pro
1816 2730 1915 2778 quo
1947 2706 2020 2766 est
2050 2716 2307 2767 Ciceronis

1364 2780 1547 2838 oratio,
1569 2796 1661 2845 pro
1681 2782 1749 2831 M.
1773 2784 1942 2834 Tullio
1974 2786 2235 2853 inscripta,
2257 2804 2304 2837 a.

1363 2866 1413 2899 u.
1436 2864 1480 2902 c.
1521 2849 1639 2903 683.
1655 2886 1670 2913 ,
1715 2852 1867 2903 homo
1912 2871 2028 2904 cum
2065 2855 2305 2906 Cicerone

1364 2920 1657 2970 coniunctus
1732 2936 1831 2972 non
1902 2925 2067 2973 minus
2135 2927 2304 2973 animo

1364 3004 1516 3049 quam
1537 2991 1735 3039 nomine
1750 3028 1767 3051 ,
1790 3006 1881 3055 pro
1904 2992 2072 3042 Tullio
2089 2994 2141 3055 §.
2162 2996 2214 3045 4.

1296 3054 1525 3107 Servius
1561 3057 1806 3110 Tullius.
1855 3060 1975 3109 Eius
2012 3076 2092 3111 res
2129 3072 2304 3127 gestae

1362 3135 1512 3188 atque
1557 3128 1784 3177 instituta
1824 3131 2031 3195 copiose
2070 3146 2304 3181 enarran-

1361 3204 1465 3256 tur,
1498 3197 1561 3245 de
1579 3212 1620 3244 r.
1642 3211 1696 3261 p.
1722 3200 1781 3257 2,
1802 3199 1897 3261 21,
1925 3198 1991 3250 37
2009 3216 2121 3263 sqq.
2145 3228 2207 3235 —
2228 3202 2303 3250 Eo

1362 3272 1605 3328 regnante
1636 3266 1909 3331 viguerunt
1940 3267 2057 3319 Solo
2091 3275 2141 3317 et
2171 3269 2303 3318 Pisi-

1363 3339 1573 3399 stratuS‚
1606 3335 1744 3387 Brut.
1778 3337 1857 3401 10,
1881 3337 1966 3389 39.
1987 3365 2053 3373 -
2074 3336 2234 3401 Caput
2254 3341 2304 3388 ei

1349 3403 1550 3459 „arsisse
1596 3404 1892 3469 dormienti,
1940 3406 2003 3455 de
2040 3407 2197 3457 divin.
2253 3410 2301 3465 1,

1365 3470 1461 3534 53,
1506 3472 1621 3526 121.
1656 3501 1721 3511 -
1748 3474 1957 3523 Servius
1986 3475 2183 3525 Tullius
2208 3492 2299 3541 po-

1786 3544 1893 3595 26*
