2500 3850
291 208 420 269 448
857 218 1283 266 anoMEan
1313 241 1392 249 -
1416 217 1821 266 xENoPnoN.

357 379 524 427 visum
567 384 702 437 erat,
757 376 808 422 in
863 382 1042 422 natura
1081 374 1308 424 maxima

356 454 510 507 esset,
531 444 734 494 Tuscul.
763 444 810 505 1,
839 442 921 503 10,
943 441 1032 492 20.
1055 442 1116 492 cl.
1141 444 1301 497 Acad.

353 531 432 579 pr.
462 515 524 572 2,
557 512 652 571 39,
684 513 802 565 124.
828 540 894 551 --
918 510 1228 561 Xenocrates
1256 520 1305 561 et

356 584 645 648 superiores
667 583 818 632 etiam
835 582 1058 630 animum
1075 591 1303 631 naturam

351 660 612 717 expertem
645 652 878 715 eorporis
909 664 1022 699 esse
1049 650 1302 709 dixerunt,

349 722 511 771 Acad.
537 730 669 785 post.
687 721 734 780 1,
754 720 838 780 11,
860 717 945 769 39.
965 744 1029 755 —
1046 719 1166 767 Eius
1187 718 1303 768 libri

351 796 468 841 sunt
489 791 550 839 de
575 792 769 839 ratione
803 788 1044 851 loquendi
1077 787 1220 838 multi
1252 795 1303 837 et

349 860 568 909 multum
588 858 814 923 probati,
837 857 997 907 Acad.
1031 872 1110 920 pr.
1131 858 1163 905 2
1179 893 1192 916 ,
1211 856 1299 919 46,

350 927 472 979 143.
492 955 563 965 -—
581 927 896 980 Xenocrates
916 934 966 976 et
997 926 1302 975 Aristoteles

347 1012 599 1061 nusquam
653 998 930 1063 tetigerunt
979 987 1299 1058 παράδοξα,

347 1067 419 1117 lb.
445 1068 497 1125 2,
521 1068 606 1124 44,
632 1066 750 1116 136.
790 1066 851 1113 cl.
877 1066 946 1113 ib.
969 1067 1032 1122 2,
1059 1064 1154 1127 35,
1178 1062 1296 1115 113.

349 1136 412 1184 de
431 1136 515 1183 fin.
537 1137 587 1189 4,
609 1136 660 1192 2,
685 1134 734 1185 3.
773 1134 848 1181 lb.
869 1134 921 1194 4,
946 1132 995 1194 6,
1021 1132 1103 1182 15.
1144 1133 1220 1181 lb.
1243 1132 1297 1194 4,

349 1203 448 1264 18,
473 1203 560 1253 49.
597 1204 668 1251 ib.
701 1203 762 1265 5,
800 1203 855 1263 l,
888 1202 938 1250 2.
977 1202 1049 1251 Ib.
1075 1203 1134 1261 5,
1159 1202 1218 1261 3,
1242 1201 1295 1250 7.

343 1272 548 1323 Tuscul.
575 1272 636 1329 5,
661 1270 726 1321 10
743 1309 756 1334 ,
777 1271 863 1322 30.
902 1271 976 1322 lb.
1003 1272 1034 1320 5
1051 1306 1065 1329 ,
1087 1270 1152 1320 13
1169 1307 1183 1333 ,
1207 1268 1293 1321 39.

345 1342 420 1391 Ib.
457 1342 522 1404 5,
557 1341 620 1392 31
640 1376 654 1401 ,
684 1341 774 1391 87.
804 1366 870 1377 -
890 1340 1228 1399 XenocrateS,
1266 1354 1297 1389 a

343 1411 556 1459 Platone
575 1410 854 1474 profectus,
879 1411 1188 1459 Academiae
1207 1423 1296 1457 no-

347 1495 462 1529 men
485 1480 730 1538 obtinuit,
763 1479 826 1529 de
849 1488 972 1526 orat.
996 1478 1028 1527 3
1047 1514 1060 1534 ‚
1084 1477 1147 1527 17
1165 1514 1178 1536 ,
1205 1476 1291 1527 62.

347 1576 414 1585 --
448 1548 764 1598 Xenocrates
796 1549 847 1596 in
882 1547 1296 1611 peregrinatione

345 1623 561 1668 aetatem
595 1632 736 1665 suam
759 1616 1103 1679 consumpsit,
1139 1615 1293 1663 Tuse.

341 1687 408 1746 -5,
441 1684 536 1744 37,
571 1686 668 1736 107
699 1694 746 1734 et
779 1685 898 1735 109.
928 1710 994 1721 -
1027 1684 1156 1733 Eum
1194 1698 1296 1734 non

347 1756 516 1819 coegit
535 1755 585 1803 in
615 1756 722 1804 suis
741 1754 927 1804 studiis
949 1755 1296 1803 obmutescere

347 1833 582 1873 senectus
597 1861 613 1886 ,
633 1825 698 1873 de
717 1838 829 1875 sen.
852 1823 882 1871 7
899 1858 912 1881 ,
941 1821 1028 1872 23.
1050 1851 1119 1861 -·
1138 1821 1295 1871 Athe-

347 1896 428 1944 nis
449 1895 607 1958 aiunt,
622 1908 778 1957 quum
800 1892 1006 1955 quidam
1029 1892 1167 1957 apud
1185 1906 1294 1956 eOS,

339 1964 433 2027 qui
475 1972 645 2013 sancte
689 1965 1014 2028 graviterque
1058 1963 1293 2026 vixisset,

345 2034 688 2083 testimonium
740 2031 946 2097 publice
995 2032 1208 2081 dixisset
1246 2038 1295 2079 et

343 2103 546 2152 iurandi
578 2117 728 2150 causa
760 2102 826 2150 ad
859 2114 972 2150 aras
1009 2101 1293 2158 accederet,

344 2185 447 2219 una
470 2184 598 2220 voce
618 2183 794 2221 omnes
815 2169 1012 2218 iudices
1027 2205 1042 2229 ,
1062 2184 1125 2218 ne
1149 2171 1193 2217 is
1217 2170 1296 2217 iu-

346 2247 512 2298 raret,
549 2238 855 2288 reclamasse
875 2273 889 2296 ,
927 2251 1018 2300 pro
1051 2237 1208 2286 Balbo
1241 2239 1293 2301 5,

348 2309 427 2357 12.
467 2307 523 2356 ld
543 2308 758 2372 pertinet
778 2307 843 2356 ad
862 2305 1216 2369 Xenocratem,
1237 2321 1290 2354 v.

345 2377 411 2425 ad
441 2378 545 2425 Att.
586 2377 645 2434 1,
680 2377 773 2435 16,
805 2380 855 2427 4.
890 2402 956 2411 —-
982 2375 1291 2426 Xenocrates

345 2446 602 2508 quomodo
624 2445 904 2495 Alexandri
929 2443 1126 2510 legatos
1149 2459 1292 2494 acee-

344 2515 474 2577 perit
505 2516 718 2576 eiusque
751 2515 883 2563 dona
915 2515 1290 2578 contempserit,

340 2582 549 2636 'TuscuL
575 2585 625 2641 5,
646 2581 742 2642 32,
764 2582 852 2634 91.
873 2609 938 2618 -
960 2583 1117 2643 Eum,
1146 2583 1291 2632 nobi-

345 2651 443 2700 lem
478 2653 530 2701 in
566 2651 746 2716 primis
782 2651 1171 2716 philosophum,
1217 2651 1291 2700 fe-

339 2727 472 2778 runt,
487 2735 639 2780 quum
655 2728 981 2782 quaereretur
997 2735 1060 2769 ex
1074 2736 1154 2782 e0,
1167 2719 1291 2783 quid

345 2789 744 2848 adsequerentur
771 2789 882 2837 eius
917 2789 1181 2852 discipuli,
1213 2803 1290 2838 re-

339 2857 619 2922 spondisse
633 2866 654 2919 ,·
670 2863 725 2904 ut
750 2857 804 2905 id
833 2871 927 2906 sua
949 2866 1130 2920 sponte
1153 2856 1288 2906 face·

343 2933 484 2987 rent,
506 2926 640 2988 quod
662 2933 961 2988 cogerentur
985 2925 1202 2989 legibue,
1227 2927 1290 2976 de

341 3011 380 3044 r.
406 3010 459 3059 p.
485 2995 510 3045 1
529 3032 541 3052 ,
565 2996 597 3044 2
613 3032 627 3055 ,
653 2995 701 3046 3.
725 3019 795 3031 --
815 2994 1124 3044 Xenocrates
1143 3010 1289 3044 seve-

339 3065 572 3113 rissimus
614 3062 1041 3128 philosophorum
1081 3072 1130 3114 et
1167 3080 1287 3128 pro-

340 3139 514 3197 pterea
533 3133 694 3182 clarus
715 3142 763 3182 et
783 3147 1014 3198 magnus,
1039 3133 1103 3183 de
1124 3134 1210 3184 off.
1234 3135 1281 3195 l,

343 3201 429 3263 30,
463 3202 583 3251 109.
611 3229 674 3239 -
697 3201 1008 3252 Xenocrates
1037 3204 1285 3268 gravissi-

339 3285 454 3321 mus
478 3271 816 3336 philosophus
837 3287 1158 3337 exaggerans
1177 3287 1283 3322 ma-

341 3352 440 3403 gno
493 3355 642 3404 opere
691 3343 924 3389 virtutem
946 3377 961 3404 ,
1007 3349 1284 3391 extenuans

343 3417 540 3457 caetera
561 3417 610 3458 et
631 3410 1109 3468 abiiciens,Tuscul.
1125 3408 1174 3468 5,
1199 3409 1282 3472 18,

329 3473 426 3526 -51,
467 3475 530 3524 de
549 3476 647 3540 leg.
683 3477 736 3536 1,
768 3476 857 3541 13,
888 3475 974 3527 38.
1016 3479 1089 3526 lb.
1115 3477 1173 3538 1,
1195 3479 1283 3540 21,

1448 374 1534 453 55.
1574 374 1636 423 de
1658 382 1783 427 orat.
1807 374 1868 436 3,
1895 374 1975 440 18,
1999 375 2085 426 67.
2123 378 2188 425 V.
2212 375 2396 445 Spen-

1450 457 1661 508 sippus.

1375 512 1727 561 Xenomenes
1748 511 1977 577 Tliyreus
1994 549 2009 570 ,
2037 512 2227 578 hospes
2251 512 2396 563 Cice·

1444 582 1611 642 ronis,
1638 582 1706 631 ad
1727 580 1847 633 fam.
1878 580 1959 640 16,
1980 582 2031 644 5,
2060 582 2103 631 1.

1372 648 1745 714 Xenophanes
1783 647 2147 714 Colophonius.
2180 680 2247 689 —
2283 652 2393 702 Me-

1444 722 1729 784 garicorum
1782 719 1877 769 fuit
1932 720 2118 771 nobilis
2165 721 2396 787 discipli-

1444 803 1537 851 na,
1576 790 1719 839 euius
1754 789 1991 854 princeps
2027 788 2393 855 XenophaneS,
2499 844 2500 857 χ

1444 857 1606 907 Acad.
1622 872 1701 922 pr.
1720 858 1770 917 2,
1792 855 1878 917 37,
1904 856 2019 910 118.
2035 858 2393 925 —Xenopha-

1443 942 1535 974 nes
1564 927 1737 991 paullo
1766 928 2018 989 antiquior
2054 928 2391 993 Anaxagora,
2490 926 2500 971 ἲ

1441 1010 1598 1044 unum
1630 1010 1741 1044 esse
1762 996 1931 1045 omnia
1953 997 2105 1053 dixit,
2140 1013 2304 1060 neque
2337 998 2395 1048 id
2484 1000 2500 1047 ‘a

1444 1078 1557 1113 esse
1578 1064 1821 1114 mutabile
1840 1074 1889 1114 et
1914 1066 1969 1115 id
1988 1079 2100 1115 esse
2126 1066 2277 1117 deum
2302 1084 2393 1117 ne·
2485 1082 2491 1123 i

1439 1148 1536 1197 que
1576 1140 1746 1181 natum
1770 1150 2005 1197 umquam
2037 1142 2085 1184 et
2119 1127 2393 1201 sempiter-

1435 1217 1553 1251 num
1571 1238 1584 1261 ,
1634 1203 1937 1267 conglobata
1970 1204 2161 1269 figura,
2206 1206 2284 1259 Ib.
2332 1208 2386 1268 2,
2488 1244 2500 1256 ,η

1435 1270 1520 1328 37,
1543 1270 1737 1321 118.-
1760 1272 2103 1338 Xenophanes
2123 1288 2274 1338 unus,
2298 1276 2391 1338 qui
2490 1260 2500 1332 l

1438 1340 1561 1393 deos
1598 1355 1710 1391 esse
1756 1341 1975 1402 diceret,
2016 1342 2389 1392 divinationem

1436 1408 1668 1459 funditus
1705 1411 1934 1472 sustulit,
1966 1411 2030 1459 de
2062 1411 2218 1460 divin.
2248 1412 2307 1473 1,
2334 1411 2384 1471 3,

1435 1478 1486 1528 5.
1525 1479 1597 1527 Ib.
1624 1480 1679 1539 l,
1702 1480 1799 1539 39,
1825 1480 1910 1531 87.
1935 1505 2001 1515 -—
2022 1479 2385 1544 XenophaueS,

1436 1555 1604 1597 mente
1636 1549 1903 1608 adiuncta,
1938 1562 2087 1597 omne
2121 1558 2387 1613 praeterea

1437 1618 1573 1679 quod
1594 1626 1727 1667 esset
1748 1617 1997 1669 infinitum
2013 1655 2025 1673 ‚
2057 1618 2206 1667 deum
2228 1618 2387 1667 voluit
2486 1627 2494 1658 ἰ

1436 1701 1576 1748 esse,
1601 1687 1665 1737 de
1684 1700 1734 1737 n.
1759 1687 1807 1736 d.
1832 1687 1881 1750 1,
1908 1685 1988 1751 11,
2012 1686 2098 1739 28.
2123 1712 2189 1723 -·
2212 1687 2385 1737 Xeno·
2486 1701 2500 1743 ·,

1436 1754 1632 1819 phanes
1660 1754 1875 1805 habitari
1904 1757 1975 1805 ait
2009 1756 2060 1803 in
2098 1755 2218 1805 luna
2244 1772 2383 1807 eam-

1436 1839 1533 1887 que
1552 1838 1665 1875 esse
1683 1833 1868 1874 terram
1889 1824 2159 1875 multarum
2180 1827 2386 1876 urbium
2482 1772 2500 1922 i

1436 1901 1485 1943 et
1504 1896 1769 1955 montium,
1790 1895 1949 1944 Aead.
1974 1909 2051 1959 pr.
2076 1894 2125 1958 2,
2147 1893 2233 1953 39,
2264 1894 2383 1947 123.
2483 1934 2490 1947 .

1434 1989 1502 2000 -—-
1528 1963 1899 2028 Xenophanes,
1927 1965 2255 2014 Parmenides
2285 1967 2384 2015 mi-
2468 1927 2500 2092 'l

1397 2047 1404 2054 ·
1435 2047 1530 2081 nus
1559 2034 1720 2082 bonos
1748 2047 1927 2083 versus
1958 2032 2184 2082 fecerunt
2225 2049 2385 2096 quam

1433 2100 1788 2220 {ngpeldloeless
1810 2102 1884 2150 Ib.
1910 2103 1961 2165 2,
1988 2100 2071 2164 23,
2092 2101 2176 2152 74.
2214 2102 2282 2151 cf.
2308 2105 2381 2153 ib.
2468 2080 2497 2193 ll

1470 2207 1484 2234 ,
1541 2207 1555 2226 .
1651 2208 1663 2219 .
2492 2213 2494 2220 .

1362 2237 1673 2304 Xenophon
1700 2237 2007 2288 Socraticum
2024 2263 2094 2274 -—
2112 2240 2168 2288 ln
2200 2255 2261 2289 ea
2286 2243 2383 2289 mi-

1430 2308 1566 2366 litia,
1599 2321 1699 2371 qua
1729 2322 1839 2356 eum
1876 2307 2005 2371 Cyro
2035 2309 2231 2357 minore
2262 2323 2383 2374 per·
2484 2323 2493 2342 ·

1432 2377 1637 2427 functus
1672 2383 1773 2432 est,
1814 2391 1907 2426 sua
1950 2377 2125 2425 scribit
2160 2380 2381 2440 somnia,
2483 2343 2491 2430 l

1433 2461 1645 2509 quorum
1678 2452 1888 2502 eventus
1922 2445 2183 2494 mirabiles
2220 2450 2380 2496 exsti-

1430 2523 1615 2578 terunt,
1631 2515 1702 2563 'de
1722 2514 1879 2566 divin.
1908 2513 1956 2573 1,
1980 2516 2068 2573 25,
2088 2517 2174 2568 52.
2193 2540 2264 2552 —-
2287 2516 2380 2580 Cy-

1432 2599 1517 2633 rus
1543 2584 1628 2632 ille
1656 2597 1687 2632 a
1711 2582 2051 2646 Xenophonte
2081 2597 2179 2633 nou
2208 2586 2273 2633 ad
2297 2584 2378 2633 hi-

1430 2655 1614 2703 storiae
1632 2651 1782 2700 fidem
1802 2653 2021 2716 scriptus
2034 2687 2049 2712 ,
2069 2652 2163 2701 sed
2182 2655 2245 2703 ad
2267 2653 2378 2702 effi-

1433 2724 1568 2787 giem
1584 2722 1703 2770 iusti
1721 2721 1943 2784 imperii,
1958 2721 2009 2770 in
2026 2721 2263 2770 manibus
2280 2723 2377 2772 fuit

1431 2791 1673 2841 Africano
1698 2790 1903 2850 minori,
1926 2791 1990 2838 ad
2008 2789 2066 2847 Q.
2086 2789 2151 2838 fr.
2180 2791 2228 2854 1,
2256 2790 2301 2852 1,
2322 2791 2371 2840 8.
2460 2804 2465 2841 Ι

1428 2862 1477 2921 5.
1502 2859 1586 2911 23.
1626 2859 1691 2909 cl.
1712 2858 1914 2908 Tuscul.
1938 2860 1988 2913 2,
2008 2857 2096 2918 26,
2114 2858 2204 2916 62.
2228 2860 2369 2907 Brut.
2458 2878 2465 2935 ι

1428 2929 1514 2987 29,
1539 2929 1655 2979 112.
1692 2928 1757 2978 ad
1778 2927 1898 2977 fam.
1922 2926 1969 2977 9.
1988 2927 2076 2987 25,
2102 2928 2148 2979 1.
2168 2955 2233 2963 —
2256 2929 2373 2976 Per-

1427 3013 1595 3046 sarum
1616 3013 1645 3046 a
1664 2996 2000 3060 Xenophonte
2025 2997 2189 3046 victus
2212 3011 2373 3060 expo-

1427 3068 1586 3127 nitur,
1611 3081 1738 3128 quos
1758 3074 1911 3131 negat
1930 3066 1999 3116 ad
2016 3079 2197 3130 panem
2220 3064 2373 3113 adhi-

1426 3137 1542 3184 bere
1600 3135 1874 3196 quidquam
1926 3143 2125 3200 praeter
2168 3139 2371 3181 nastur-

1424 3205 1569 3261 tium,
1589 3203 1795 3252 Tuscul.
1818 3204 1868 3264 5,
1890 3204 1975 3267 34,
1993 3202 2078 3252 99.
2112 3201 2176 3254 cl.
2198 3202 2261 3251 de
2278 3202 2367 3256 fin.

1425 3275 1477 3330 2,
1502 3273 1587 3332 28,
1613 3271 1699 3326 92.
1721 3299 1789 3308 -—
1811 3272 1925 3338 Gyri
1952 3271 2211 3322 morientis
2232 3273 2371 3336 apud

1428 3357 1541 3392 eum
1560 3357 1755 3401 sermo,
1783 3342 1846 3391 de
1866 3356 1972 3392 een.
1998 3341 2061 3405 9,
2094 3340 2179 3394 30.
2214 3340 2277 3391 cl.
2298 3343 2369 3392 ib.

1426 3412 1511 3470 22,
1535 3410 1618 3460 79.
1642 3435 1712 3447 -—
1744 3411 2166 3472 Antiquissimum
2194 3410 2373 3475 sepul-

1424 3487 1569 3528 turae
1599 3494 1759 3546 genus
1797 3479 1926 3528 illud
1960 3479 2119 3529 fuisse
2148 3480 2370 3540 videtur,
