2500 3850
450 2 473 4 ·-
524 0 697 31 “w-

588 195 646 241 O.
683 192 1026 241 VALERIUS
1055 192 1380 241 TRIARIUS
1411 213 1497 225 —-
1524 193 1587 242 P.
1620 192 1893 240 VARIUS.

266 351 408 416 cola,
447 358 561 401 ante
589 350 755 418 legem
779 348 887 400 xil.
917 347 1204 399 tabularum

265 421 462 471 virtutis
509 434 663 471 causa
702 421 756 469 in
789 419 913 469 urbe
952 417 1202 483 sepultus,

264 491 402 553 quod
433 491 543 538 eius
575 488 767 554 posteri
786 487 897 537 iure
915 493 1202 545 tenuerunt,

264 560 327 608 de
348 558 450 625 leg.
479 561 532 621 2,
561 557 648 619 23,
679 558 766 609 58.
792 583 861 593 —
887 554 944 613 P„
967 555 1203 605 Valerius

261 626 520 677 Publicola
540 626 653 693 lege
668 626 756 676 illa
769 626 832 677 de
845 624 1204 690 provocatione

267 695 352 763 [ne
370 698 485 760 quis
501 697 826 762 magistratus
841 694 1003 745 civem
1015 692 1203 743 Roma-

261 780 382 815 num
409 766 652 815 adversus
681 764 1096 830 provocationem
1113 776 1204 813 ne-

263 840 400 885 caret
410 848 537 883 neve
551 834 668 883 verb
675 829 858 896 araret}
870 832 1084 897 perlata,
1099 838 1203 881 sta-

261 904 354 953 tim
384 917 586 953 secures
611 903 674 952 de
693 901 921 953 fascibus
940 900 1076 951 demi
1095 902 1202 950 ius-

264 974 331 1023 sit
350 972 696 1036 postridieque
716 972 816 1021 sibi
837 969 1088 1037 collegam
1107 968 1201 1035 Sp.

259 1042 550 1091 Lucretium
581 1040 878 1106 subrogavit
897 1053 1118 1103 suosque
1135 1039 1201 1087 ad

263 1124 395 1173 eum,
427 1110 563 1173 quod
581 1119 687 1160 erat
705 1110 868 1159 maior
886 1115 1025 1168 natu,
1054 1108 1202 1157 licto-

261 1193 345 1228 res
395 1180 611 1228 transire
657 1179 832 1235 iussit,
887 1178 1201 1239 instituitque

259 1248 478 1313 primus,
505 1254 562 1297 ut
579 1248 795 1313 siugulis
813 1246 1108 1297 consulibus
1125 1245 1200 1295 al·

259 1318 417 1366 ternis
436 1318 696 1367 mensibus
708 1316 912 1365 lictores
927 1316 1200 1380 praeirent,

262 1386 327 1435 de
351 1400 392 1439 r.
412 1399 466 1449 P.
498 1385 551 1444 2,
586 1384 673 1447 31,
709 1385 794 1437 55.
817 1411 882 1421 —
916 1384 973 1434 P.
997 1382 1201 1432 Valerio

261 1450 606 1519 (Poplicolae)
638 1468 731 1518 pro
765 1451 1003 1503 maximis
1025 1454 1074 1500 in
1096 1466 1202 1501 rem

261 1522 517 1588 publicam
566 1521 828 1572 beneficiis
866 1522 984 1571 data
1021 1520 1201 1571 domus

261 1599 340 1641 est
371 1593 422 1640 in
452 1590 599 1640 Velia
636 1590 860 1656 publice,
897 1591 962 1639 de
988 1588 1200 1652 harusp.

261 1676 398 1725 resp.
421 1658 473 1723 8,
504 1659 584 1713 16.
606 1686 674 1695 -
694 1659 750 1709 Ρ.
775 1659 1010 1711 Valerius
1028 1657 1204 1707 Publi-

262 1730 376 1781 cola
402 1730 596 1779 exactis
624 1728 848 1794 regibus,
886 1728 1050 1793 primo
1070 1740 1201 1776 anno

262 1813 313 1852 a.
346 1813 396 1847 ιι.
427 1815 472 1847 c.
505 1796 620 1848 246.
653 1798 828 1848 consul
859 1796 970 1860 fuit,
1008 1796 1202 1861 primus

261 1866 415 1917 homo
449 1865 714 1933 popularis
749 1866 892 1933 apud
926 1866 1200 1927 RomanoS,

262 1937 422 1989 Acad.
446 1950 525 2000 pr.
547 1937 598 1997 2,
619 1936 670 1992 5,
694 1935 775 1987 13.

197 2003 259 2058 G.
301 2003 553 2056 Valerius
594 2002 856 2057 Triarius
875 2041 891 2065 ,
944 2004 1202 2056 Ciceronis

263 2089 495 2192 wia
518 2088 692 2192 titt?
705 2072 1204 2206 ‹12‘11‘32‘1'1‘31‘22502‘31‘233

264 2211 539 2268 inducitur,
569 2211 632 2261 de
651 2212 738 2260 flu.
761 2213 810 2274 1,
839 2213 890 2275 5,
914 2212 978 2278 13
999 2227 1112 2276 sqq.
1133 2238 1198 2248 -

264 2280 342 2329 De
379 2280 490 2330 eius
526 2279 767 2329 facultate
805 2280 1027 2339 dicendi,
1064 2281 1203 2333 Brut.

266 2347 352 2407 76,
384 2346 486 2399 265
507 2362 620 2410 sqq.
637 2374 708 2385 —
728 2349 847 2398 Eius
867 2364 1012 2399 soror
1030 2348 1208 2399 Paulla

264 2416 488 2480 Valeria,
525 2415 728 2468 Caelius
759 2418 826 2467 ad
847 2417 966 2467 fam.
989 2418 1041 2476 8,
1073 2419 1124 2476 7,
1153 2417 1205 2466 2.

266 2512 334 2522 --
362 2485 520 2534 Tutor
549 2494 658 2534 erat
677 2485 850 2536 Cicero
876 2489 986 2537 eius
1014 2485 1207 2546 liberis,

267 2554 332 2604 ad
355 2556 457 2602 Att.
485 2554 566 2614 12,
588 2554 675 2618 28,
695 2554 748 2607 3.

197 2621 260 2673 L.
277 2619 532 2673 Valerius
547 2620 826 2682 Triarius,
839 2630 984 2687 pater
993 2621 1048 2675 G.
1067 2623 1208 2672 Tria-

267 2691 351 2754 rii,
363 2707 456 2758 pro
470 2693 659 2742 Scauro
672 2693 725 2753 2,
737 2692 818 2744 30.
837 2692 976 2743 Brut.
991 2691 1074 2745 76.
1086 2691 1208 2744 265.

266 2787 336 2798 ··-·
353 2761 413 2815 L.
443 2761 683 2821 Triarius,
722 2770 960 2824 quaestor
985 2761 1209 2811 urbanus

267 2847 316 2884 a.
339 2845 392 2883 u.
414 2845 460 2882 c.
481 2829 622 2895 673„
647 2832 788 2880 Verr.
813 2836 1033 2882 accusat.
1051 2830 1100 2888 1,
1128 2830 1206 2889 14,

267 2899 444 2950 37.—
463 2899 643 2948 Postea
675 2898 872 2964 legatus
901 2898 960 2948 L.
993 2896 1207 2950 Lucullo

269 2967 368 3017 fuit
404 2969 454 3017 in
486 2968 621 3017 bello
656 2967 995 3018 Mithridatico
1023 2969 1208 3017 vitam-

269 3052 367 3100 que
404 3038 590 3098 amisit,
631 3038 694 3087 de
731 3039 857 3102 imp.
900 3035 991 3089 Cn.
1025 3037 1202 3102 Pomp.

267 3105 319 3167 9,
357 3107 442 3156 25.

197 3171 263 3224 P.
287 3171 542 3226 Valerius
560 3172 703 3226 L.F.
719 3171 998 3227 Triarius.
1038 3174 1201 3223 Accu-

269 3254 484 3361 saturus1
522 3245 790 3362 putabatur
836 3245 904 3294 M.
961 3242 1207 3362 ἓῧῧυιιιιὲ

269 3322 419 3361 attam
486 3329 512 3360 e
541 3326 620 3361 am
659 3327 730 3361 ιιι
753 3329 800 3364 a.
821 3328 872 3366 u.
895 3329 938 3363 c.
1071 3348 1105 3372 .,
1139 3326 1172 3361 a

267 3384 369 3430 Att.
403 3382 455 3439 4,
495 3379 577 3443 16,
611 3381 662 3430 8.
701 3408 767 3418 -
795 3381 1043 3432 Scaurum
1062 3377 1208 3430 T'ria-

267 3449 372 3499 rius
399 3463 542 3498 reum
572 3448 708 3511 fecit,
743 3451 817 3501 Ib.
846 3453 900 3515 4,
935 3451 1020 3511 17,
1060 3451 1109 3500 2.
1140 3475 1206 3488 --

2153 182 2277 247 435

1342 348 1569 397 Triarius
1601 362 1651 401 a.
1687 365 1740 398 u.
1778 366 1825 405 c,
1856 350 1977 403 700.
2017 347 2279 409 Scaurum,

1343 416 1669 467 candidatum
1706 419 2038 480 consularem,
2076 421 2140 470 de
2174 434 2283 469 am-

1342 486 1455 535 bitu
1474 486 1769 550 postulavit,
1805 489 1871 537 ad
1891 490 1951 549 Q.
1980 489 2042 539 fr.
2064 488 2116 548 3,
2145 490 2198 549 2,
2225 489 2277 543 3.

1342 578 1411 589 ·-
1429 555 1676 619 Triarius,
1704 568 1967 609 accusator
1989 556 2054 607 M.
2076 557 2283 607 Aemilii

1344 624 1541 686 Scauri,
1563 639 1655 689 pro
1676 624 1866 675 Scauro
1888 626 1937 686 1,
1955 628 1992 677 4
2009 640 2123 689 sqq.

1272 690 1527 811 Valgia?
1550 693 1761 744 P.Rulli
1780 710 1941 755 socer,
1964 694 2025 745 de
2045 695 2158 760 lege
2170 708 2279 760 agr.

1341 762 1393 820 3,
1418 762 1465 821 1,
1526 798 1539 811 .
2138 799 2143 805 .

1274 830 1335 883 C.
1366 827 1602 897 Valgius
1638 828 1978 899 Hippianus,
2016 832 2076 891 Q.
2106 833 2282 900 Hippii

1340 898 1478 949 filius
1507 900 1769 963 naturalis,
1803 916 1834 951 a
1860 902 1918 955 (J.
1939 902 2121 967 Valgio
2155 917 2281 965 quo-

1343 970 1460 1019 dam
1524 969 1825 1035 adoptatus,
1900 972 2285 1022 commendatur

1342 1044 1579 1101 quattuor
1641 1039 1769 1089 viris
1822 1047 1872 1090 et
1922 1039 2282 1091 decurionibus

1339 1106 1670 1173 Fregellanis,
1702 1108 1769 1157 ad
1790 1108 1913 1158 fam.
1940 1109 2021 1174 13,
2055 1108 2139 1170 76,
2161 1111 2210 1159 2.

1271 1173 1542 1236 Vardaei,
1593 1177 1816 1242 populus
1858 1177 2169 1242 Dalmatiae,
2216 1180 2282 1229 ad

1342 1246 1466 1295 fam.
1487 1245 1543 1306 5,
1560 1244 1612 1305 9,
1637 1246 1689 1299 2.

1271 1313 1335 1365 L.
1352 1314 1604 1364 Varenus
1625 1315 1884 1365 reusinter
1896 1315 2125 1373 sicarios,
2146 1316 2284 1378 quod

1340 1382 1430 1433 Cn.
1451 1383 1707 1432 Varenum
1736 1382 2073 1444 vulnerasset,
2104 1382 2161 1437 G.
2179 1385 2283 1434 Va-

1341 1464 1521 1501 renum
1568 1451 1837 1501 cccidisset
1882 1466 1932 1503 a.
1982 1467 2035 1505 u.
2076 1467 2121 1505 c.
2154 1450 2278 1504 683.

1341 1519 1597 1569 Defensus
1618 1527 1693 1569 est
1707 1518 2010 1580 aCicerone‚
2032 1520 2125 1570 sed
2141 1520 2281 1569 dam-

1341 1596 1508 1649 natum,
1533 1586 1716 1654 fragm.
1741 1604 1796 1654 p.
1819 1588 2113 1643 243-245,

1276 1655 1537 1725 Vargula,
1570 1657 1723 1708 homo
1745 1658 1913 1722 dicax,
1944 1657 1996 1709 G.
2020 1657 2134 1707 lulii
2158 1655 2284 1706 Gae-

1343 1726 1475 1777 saris
1512 1724 1776 1778 Strabonis
1812 1726 2025 1788 amicuS,
2063 1726 2128 1777 de
2156 1734 2283 1777 orat.

1342 1796 1393 1857 2,
1436 1792 1523 1857 60,
1564 1797 1683 1847 244.
1713 1822 1777 1833 --
1812 1796 1933 1845 Eius
1964 1795 2173 1857 dictum,
2210 1794 2283 1845 Ib.

1272 1933 1337 1984 1..
1380 1931 1786 2000 Vargunteius,
1834 1942 2067 1996 senator,
2109 1933 2286 1984 Catili-

1343 2003 1533 2053 narius.
1578 2002 1709 2052 Olim
1736 2021 1766 2053 a
1796 2003 1856 2063 Q.
1880 2003 2148 2054 Hortensio
2168 2017 2285 2052 reus

1344 2074 1411 2123 de
1441 2072 1634 2121 ambitu
1665 2072 1925 2133 defensus,
1955 2087 2047 2138 pro
2066 2069 2208 2120 Sulla
2231 2071 2283 2130 2,

1344 2141 1398 2192 6.
1418 2167 1489 2179 -
1508 2139 1630 2191 Eius
1654 2140 1897 2200 facinora,
1922 2155 2075 2205 quum
2100 2155 2217 2190 reus
2238 2150 2288 2188 et

1346 2209 1614 2260 damnatus
1636 2219 1786 2274 esset,
1808 2211 1879 2264 lb.
1902 2210 2062 2271 5,,15.
2082 2236 2149 2246 -
2170 2209 2287 2260 Col·

1346 2276 1756 2396 legaSCiceronis
1794 2281 1845 2330 in
1883 2286 2175 2342 quaestura,
2210 2278 2286 2328 lb.

1277 2414 1447 2467 Varia
1466 2415 1569 2467 lex.
1600 2415 1750 2466 Circa
1767 2429 1957 2464 annum
1970 2429 2020 2469 a.
2039 2429 2092 2470 u.
2110 2429 2156 2468 c.
2166 2413 2289 2467 663.

1347 2484 1677 2534 exercebatur
1724 2498 1827 2532 una
1874 2483 1989 2550 lege
2041 2483 2291 2534 iudicium

1352 2553 1509 2605 Varia
1537 2552 1601 2601 de
1619 2552 1903 2613 maiestate,
1935 2553 2149 2603 caeteris
2167 2567 2292 2617 pro-

1348 2627 1461 2687 pter
1477 2619 1667 2670 bellum
1686 2622 2011 2683 intermissis,
2037 2621 2177 2674 Brut.
2200 2621 2287 2682 56,

1350 2689 1470 2742 205.
1494 2691 1567 2738 lb.
1581 2688 1667 2748 89,
1690 2688 1895 2741 304—
1915 2689 2114 2741 cornel.
2138 2691 2285 2754 prim.

1349 2759 1534 2823 fragm.
1556 2759 1640 2808 27.
1664 2773 1717 2823 p.
1734 2758 1854 2813 213.
1892 2759 1959 2810 V.
1983 2757 2051 2824 Q.
2072 2756 2289 2810 Varius.

1277 2826 1344 2883 P.
1369 2824 1625 2878 Vatinius
1648 2825 1881 2881 Glaber.
1934 2829 1998 2880 A.
2023 2844 2073 2882 ιι.
2098 2844 2142 2880 c.
2164 2827 2287 2880 682.

1347 2913 1440 2964 pro
1481 2905 1716 2963 praetore
1757 2899 1933 2946 Asiam
1976 2898 2290 2962 provinciam

1348 2967 1582 3028 obtinuit,
1604 2981 1696 3030 pro
1721 2966 1899 3015 Flacco
1921 2965 2004 3024 19,
2029 2965 2117 3014 45.

1276 3034 1354 3085 Μ.
1413 3031 1753 3093 Varisidius,
1810 3048 1967 3095 eques
2011 3033 2289 3094 Romanus,

1347 3104 1622 3155 familiaris
1670 3103 1737 3153 M.
1773 3102 1985 3152 Munatii
2024 3101 2199 3152 Planci
2242 3113 2292 3150 et·

1349 3173 1628 3232 Ciceronis,
1658 3171 1873 3222 Plancus
1893 3170 1959 3220 ad
1981 3170 2099 3220 fam.
2126 3171 2210 3231 10,
2238 3171 2288 3233 7,

1351 3241 1399 3290 1.
1442 3240 1513 3290 lb.
1541 3239 1621 3302 10,
1656 3242 1738 3300 12,
1760 3241 1811 3293 2.

1278 3308 1343 3362 Α.
1369 3305 1589 3370 Varius,
1621 3309 1779 3360 iudex
1805 3309 1999 3370 durior,
2035 3309 2100 3358 de
2126 3307 2212 3360 fin.
2234 3309 2288 3368 2,

1278 3446 1345 3499 Ρ.
1369 3443 1566 3498 Varius
1598 3464 1780 3515 magna
1798 3448 2014 3514 pecnnia
2033 3445 2291 3498 &nudavit

1763 3516 1832 3569 28
1852 3517 1883 3554 ια
