2500 3850
223 168 348 229 234

298 339 413 392 114.
455 353 543 402 pro
572 335 677 402 inl.
710 338 806 400 27,
841 339 923 390 72.
966 340 1029 388 ae
1058 303 1157 389 affl.
1179 340 1229 399 8,

293 409 390 524 gQi
420 407 490 454 1¹0.
522 407 603 465 11,
626 405 710 456 36.
752 407 814 455 de
835 407 985 456 domo
1019 419 1112 457 sua
1142 397 1225 470 38,

222 543 450 594 Maenia
494 545 755 610 columna,
808 545 1019 598 divinat.
1063 546 1116 594 in
1165 545 1223 604 Q.

293 613 475 662 Caecil.
504 613 583 672 16,
606 613 687 664 50.
726 629 818 680 pro
839 613 970 663 Sest.
992 613 1077 674 58,
1107 614 1224 664 124.

218 680 448 732 Maenia
470 684 577 746 lex,
613 684 717 732 lata
745 698 775 731 a
804 683 999 732 Maenio
1024 685 1226 733 tribuno

297 753 365 816 pl.
388 745 507 802 a.'u.
532 769 576 803 c.
599 752 721 804 468.
740 789 754 816 ,
778 752 917 802 Brut.
946 753 1026 812 14,
1050 753 1133 802 55.
1214 813 1221 818 ·

220 819 539 871 Maeniana.
597 821 977 870 Maenianorum
1028 822 1224 881 umbra,

294 891 454 942 Acad.
476 905 552 954 pr.
575 890 625 950 2,
647 891 730 950 22,
763 891 847 942 70.

220 957 510 1021 Maeonia,
531 958 714 1024 fragm.
740 973 790 1023 p.
815 957 935 1008 290.

222 1041 464 1092 Maeotis
501 1041 648 1106 palus
670 1041 907 1107 Scythica
937 1043 1079 1090 iuxta
1101 1039 1229 1089 Pha-

294 1113 420 1160 sidis
442 1107 623 1161 ostium
641 1147 653 1169 ‚
686 1112 749 1160 de
776 1111 886 1176 lege
915 1125 1023 1174 agr.
1046 1111 1108 1176 2,
1147 1111 1226 1169 19,

291 1181 376 1229 52.
416 1179 620 1230 Tuscul.
646 1179 697 1239 5,
723 1180 803 1239 17,
828 1179 912 1229 49.

222 1245 511 1312 Maevius,
550 1247 602 1298 C.
638 1249 814 1299 Verris
844 1248 1040 1313 scriba,
1076 1249 1223 1298 Verr.

295 1325 512 1368 accusat.
535 1317 585 1377 3,
606 1317 690 1376 75,
714 1319 830 1368 175.

223 1384 383 1454 Magi
404 1389 685 1437 Persarum.
708 1389 776 1436 Iis
794 1386 1085 1436 auctoribus
1100 1385 1229 1434 Xer-

292 1473 383 1508 xes
413 1459 755 1508 inssammassc
774 1456 966 1520 templa
988 1455 1229 1505 Graeciae

294 1528 508 1589 dieitur,
540 1529 602 1576 de
624 1525 725 1590 leg.
750 1528 783 1576 2
801 1564 816 1591 ,
852 1526 943 1586 10,
976 1523 1061 1574 26.
1082 1550 1148 1562 --
1172 1527 1228 1574 In

292 1597 460 1645 Persis
518 1603 827 1660 augurantur
876 1601 937 1642 'et
1006 1595 1229 1644 divinant

293 1665 454 1729 Magi,
497 1665 560 1714 de
600 1664 759 1724 divin.
804 1663 830 1712 1
848 1698 863 1725 ‚
901 1663 963 1712 41
984 1699 996 1720 ,
1033 1661 1120 1715 90.
1160 1689 1229 1698 ·—

292 1733 455 1796 Magi,
478 1734 785 1782 somniorum
805 1734 1101 1795 interpretes
1114 1769 1129 1795 ‚
1152 1732 1225 1780 Ib.

296 1803 342 1865 1,
361 1801 443 1861 23,
461 1801 527 1852 46
548 1808 596 1850 et
614 1802 697 1851 47.
712 1827 778 1835 -
794 1800 978 1848 Eorum
997 1807 1229 1864 portenta

294 1871 359 1918 de
390 1870 469 1920 dis
498 1869 865 1918 immortalibus
884 1905 897 1929 ,
928 1869 991 1917 de
1015 1885 1066 1921 n.
1103 1870 1152 1918 d.
1176 1870 1225 1931 1,

296 1940 387 2004 16,
411 1939 495 1991 43.
514 1966 583 1975 —-
602 1940 863 2004 Magorum
887 1953 995 1987 mos
1026 1947 1102 1987 est
1128 1953 1228 1990 non

294 2009 502 2059 humare
544 2024 756 2073 corpora
788 2022 1017 2071 suorum,
1061 2008 1157 2056 nisi
1198 2024 1229 2057 a

295 2078 417 2127 feris
436 2079 536 2127 sint
556 2088 670 2127 ante
690 2078 877 2127 laniata
894 2114 907 2137 ,
934 2076 1141 2129 Tuscul.
1181 2078 1227 2136 1,

292 2148 378 2209 45,
402 2146 518 2199 108.

223 2212 445 2282 Magia,
467 2212 685 2265 Dinaeae
708 2214 825 2276 filia,
846 2214 1077 2273 LarinaS,
1098 2228 1229 2262 uxor

295 2284 588 2349 Oppianici,
620 2300 710 2349 pro
735 2283 928 2336 Cluent.
952 2284 1002 2343 7,
1024 2284 1109 2333 21.

222 2368 470 2437 Magius,
492 2370 679 2421 nobilis
697 2369 982 2434 Campanus
1002 2377 1230 2433 tempore

294 2440 415 2489 belli
432 2440 611 2489 Punici
630 2440 869 2498 secundi,
902 2439 965 2487 de
984 2438 1101 2502 lege
1120 2453 1225 2504 agr.

294 2511 344 2568 2,
367 2508 450 2567 34,
470 2508 554 2559 93.
594 2506 654 2558 cl.
681 2510 732 2557 in
750 2510 919 2559 Pison.
946 2506 1028 2567 11,
1048 2509 1133 2557 24.

223 2590 451 2660 Magius
466 2628 479 2654 ,
514 2593 801 2657 praefectus
820 2592 1020 2641 Pisonis
1040 2593 1093 2639 in
1113 2591 1232 2642 Gal-

296 2664 387 2720 lia,
411 2662 473 2710 de
495 2670 621 2710 orat.
640 2663 691 2721 2,
712 2660 795 2720 66,
818 2659 937 2710 265.

225 2748 289 2798 L.
322 2742 547 2813 Magius
584 2754 631 2795 et
665 2745 737 2797 Ia:
770 2742 1047 2809 Fannius,
1092 2746 1230 2795 cives

294 2816 509 2865 Romani
528 2815 862 2864 Marianarum
885 2817 1122 2879 partium,
1144 2817 1231 2877 qui

294 2885 593 2948 superstites
620 2886 671 2931 in
706 2884 828 2933 Asia
859 2900 923 2932 ex
941 2885 1229 2933 Fimbriano

296 2954 521 3003 exercitu
544 2967 657 3001 cum
684 2952 908 3003 Sartorio
938 2953 1230 3003 societatem

293 3036 601 3087 componere
624 3022 936 3072 studuerunt.
956 3048 1029 3057 —-—
1044 3023 1229 3071 Verres

292 3106 651 3158 myoparonem
714 3092 1109 3156 pulcherrimum
1162 3091 1227 3139 de

292 3163 471 3211 decem
505 3160 817 3210 Milesiorum
863 3160 1077 3209 navibus
1124 3160 1227 3209 ele-

292 3240 426 3280 etum
452 3230 507 3283 L.
534 3230 701 3294 Magio
734 3237 782 3278 et
810 3227 866 3277 L.
889 3228 1075 3277 Fannio
1094 3266 1107 3288 ,
1139 3229 1227 3290 qui

293 3298 497 3363 Myndi,
528 3298 705 3347 Cariae
732 3299 883 3358 urbe,
912 3298 1225 3357 habitabant,

293 3367 540 3416 vend³dit.
615 3366 717 3415 Hoc
770 3366 845 3414 illi
900 3366 1105 3429 navigio
1160 3367 1228 3415 ad

295 3448 469 3483 omnes
497 3434 675 3498 populi
698 3436 843 3484 Rom.
866 3433 1037 3483 hostes
1064 3448 1225 3495 usque

888 183 1158 230 MAENIA
1176 205 1261 223 -τ-
1289 183 1635 231 MALCHUS.

1371 355 1401 388 a
1437 339 1618 387 Dianio
1648 337 1713 386 ad
1745 337 1988 402 Sinopam
2023 339 2302 403 navigave-

1370 416 1513 464 runt,
1537 409 1680 457 Verr.
1704 415 1925 455 accusat.
1954 407 2000 468 l,
2023 405 2109 466 34,
2131 407 2216 457 87.

1300 475 1462 528 Num.
1477 474 1724 540 Magius,
1746 475 1969 524 Dinaeae
1985 474 2138 537 fitius,
2164 476 2304 526 Lari-

1370 559 1477 607 naS,
1499 560 1591 609 pro
1615 543 1806 593 Cluent.
1827 545 1876 601 7,
1897 544 1980 596 21.
2010 543 2084 592 lb.
2110 545 2192 606 12,
2218 544 2303 598 33.

1299 612 1362 666 Ν.
1396 608 1642 680 Magius.
1682 612 1808 661 Eum
1842 613 2111 677 Pompeius
2144 614 2304 662 Brun-

1369 684 1498 732 disio
1519 683 1586 732 ad
1605 680 1870 731 Caesarem
1905 683 1968 731 de
1995 691 2122 746 pace
2153 684 2304 742 misit,

1369 753 1434 800 ad
1452 753 1556 799 Aa.
1574 749 1624 812 9,
1640 749 1722 810 13,
1738 748 1886 803 8.1b.
1901 749 1952 814 9,
1977 749 2060 802 13.
2079 750 2144 802 A.
2172 753 2218 800 1.
2237 777 2304 788 --·

1367 819 1429 869 N.
1457 820 1681 884 MagiuS‚
1711 819 1942 884 Pompeii
1962 820 2247 883 praefectus
2275 836 2302 870 a

1371 888 1584 938 Caesare
1636 888 1983 953 deprehensus
2039 895 2091 938 et
2136 892 2301 938 statim

1370 959 1557 1006 missus
1594 957 1784 1016 factuS,
1821 956 2008 1006 Caesar
2035 959 2089 1006 in
2121 973 2204 1022 ep.
2241 959 2302 1008 ad

1371 1028 1477 1079 Att.
1499 1025 1552 1086 9,
1575 1028 1626 1077 7.
1651 1024 1704 1074 C.
1727 1026 1776 1074 2.

1300 1094 1368 1145 Ρ.
1406 1091 1634 1162 Magius
1672 1095 1791 1147 trib.
1820 1094 1892 1160 pl.
1933 1109 1982 1146 a.
2013 1109 2066 1142 u.
2103 1110 2148 1147 e.
2183 1093 2299 1144 667.

1369 1179 1479 1214 cum
1497 1165 1560 1214 M.
1577 1163 1808 1229 Vergilio
1828 1166 1881 1212 in
1902 1163 2117 1213 dicendo
2132 1163 2301 1228 paullo

1369 1234 1649 1298 eopiosior,
1672 1233 1814 1281 Brut.
1837 1231 1922 1290 48,
1953 1231 2070 1284 179.

1297 1300 1364 1352 Ρ.
1391 1299 1618 1368 Magius
1648 1299 1814 1350 Chilo
1845 1300 1926 1350 vel
1949 1297 2107 1364 Cilo,
2137 1315 2302 1350 comcs

1369 1381 1418 1422 et
1436 1371 1730 1420 interfector
1747 1369 1814 1420 M.
1839 1369 2064 1418 Marcelli
2095 1385 2144 1421 a.
2173 1387 2223 1419 u.
2257 1385 2299 1421 c.

1370 1441 1487 1492 709.
1504 1476 1518 1502 ,
1541 1439 1608 1488 ad
1629 1441 1734 1491 Att.
1761 1438 1854 1498 13,
1891 1436 1984 1501 10,
2005 1437 2055 1487 3.
2095 1439 2162 1488 ad
2180 1439 2300 1488 fam.

1368 1512 1420 1569 4,
1446 1509 1527 1567 12,
1547 1510 1599 1559 2.

1302 1579 1369 1644 Q.
1391 1575 1617 1644 Magius
1643 1577 1808 1627 Chilo
1825 1615 1840 1642 ,
1868 1577 2212 1628 Catilinarius.
2239 1577 2299 1624 V.

1371 1646 1439 1711 Q.
1463 1644 1712 1696 Manlius
1735 1644 1922 1696 Chilo.

1297 1715 1512 1782 Magna
1591 1714 1850 1766 Graecia.

1369 1798 1593 1850 magna.

1299 1849 1622 1920 Magnesia,
1671 1853 1870 1904 colonia
1909 1853 2214 1902 Graecorum
2253 1853 2303 1899 in

1372 1923 1522 1984 Asia,
1548 1922 1610 1972 de
1629 1938 1670 1974 r.
1693 1938 1746 1989 p.
1767 1926 1820 1983 2,
1841 1925 1894 1988 4,
1914 1921 1964 1973 9.

1298 1991 1596 2057 Magnetes
1619 2007 1650 2040 a
1669 1991 1840 2058 Sipylo
1871 1991 2177 2041 mentionem
2211 1989 2304 2037 ho-

1367 2060 1625 2109 norificam
1645 2060 1870 2111 fecerunt
1894 2062 1958 2110 de
1979 2059 2038 2118 Q.
2063 2059 2306 2109 Cicerone

1369 2145 1541 2181 a.u.c.
1562 2129 1703 2191 700„
1727 2130 1792 2179 ad
1815 2129 1872 2188 Q.
1887 2130 1948 2178 fr.
1967 2130 2020 2189 2,
2041 2126 2076 2177 9
2096 2124 2234 2191 (11),
2255 2129 2304 2176 2.

1297 2198 1470 2263 Mago
1507 2198 1959 2264 Karthaginiensis.
2025 2196 2148 2245 Eius
2188 2196 2306 2244 libri

1367 2266 1598 2316 XXVIII.
1639 2269 1702 2317 de
1741 2269 1852 2333 agri
1891 2262 2088 2317 cultura
2121 2265 2307 2313 Punice

1367 2336 1578 2399 scripti,
1609 2345 1759 2401 capta
1789 2336 2096 2401 Karthagine
2135 2348 2198 2382 ex
2225 2346 2307 2381 se-

1369 2412 1517 2454 natus
1566 2407 1791 2456 consulto
1834 2407 1886 2453 in
1931 2404 2162 2453 Latinam
2209 2401 2308 2449 lin-

1371 2488 1438 2591 Ξῗ
1445 2488 1782 2593 {witi}
1809 2472 2306 2607 {22313531335‘311

1369 2612 1600 2676 Magonis
1672 2612 2111 2676 Karthaginiensis
2189 2615 2309 2658 sunt

1372 2681 1488 2730 libri
1509 2682 1832 2745 perdiscendi
1852 2680 1988 2730 etc-⁶?
2013 2680 2076 2728 de
2097 2684 2219 2727 orat.
2253 2676 2308 2737 1,

1300 2787 1456 2867 Maia,
1487 2826 1536 2867 et
1563 2818 1788 2885 Iuppiter
1822 2817 1998 2867 tertius
2017 2853 2030 2876 ,
2065 2822 2308 2879 parente·

1371 2887 1607 2936 Mercurii
1626 2888 1783 2943 tertii,
1813 2887 1876 2935 de
1893 2901 1942 2935 n.
1967 2887 2016 2935 d.
2040 2884 2090 2945 3,
2113 2885 2197 2947 22,
2217 2882 2307 2934 56.

1370 2982 1434 2991 -—
1450 2955 1584 3005 Maia
1599 2956 1936 3016 sanctissima,
1955 2954 2138 3012 PleiaS‚
2160 2954 2308 3002 Arat-

1371 3040 1421 3076 v.
1443 3022 1562 3075 270.
1584 3051 1650 3060 —
1680 3024 1848 3074 Maiia
1881 3024 2135 3089 geminata
2167 3022 2262 3072 litt.
2293 3024 2315 3069 ἰ

1367 3109 1398 3141 a
1418 3092 1656 3168 Cicerone
1675 3095 1878 3158 scripta,
1899 3092 2082 3157 fragm.
2105 3106 2159 3155 p.
2186 3087 2308 3141 353.

1299 3160 1642 3227 Μακαρων
1654 3158 1869 3227 νῆσοι,
1891 3162 1957 3211 ad
1977 3162 2063 3209 Att
2084 3160 2164 3218 12,
2186 3157 2235 3222 3,
2255 3158 2308 3207 1.

1297 3228 1454 3281 Mala
1475 3228 1740 3281 Fortuna.
1779 3232 1902 3279 Eius
1933 3242 2022 3278 ara
2041 3226 2310 3290 Esquiliis,

1369 3302 1432 3348 de
1451 3314 1500 3347 n.
1525 3300 1574 3349 d.
1598 3299 1658 3365 3,
1681 3299 1776 3363 25,
1797 3299 1882 3349 63.
1924 3298 1988 3347 de
2009 3296 2109 3362 leg.
2132 3297 2196 3361 2,
2219 3295 2311 3353 11,

1296 3353 1555 3485 Mglgehus
1571 3471 1585 3499 ‚
1609 3434 1793 3501 fragm.
1813 3449 1866 3499 p.
1892 3434 2012 3485 257.

1939 1717 2002 1766 V.
2064 1711 2304 1764 Graecia
