2500 3850
484 149 545 197 c,
572 145 877 194 mcmms
900 167 985 178 -
1012 145 1406 196 L.L101N1US
1428 148 1492 196 L.
1517 148 1578 194 F.
1603 149 1667 195 L.
1693 149 1761 201 N.
1790 147 2108 198 ORAssUS.
2220 137 2340 198 215

320 309 378 366 Q.
416 306 705 363 Ciceronis,
743 303 810 352 ad
832 301 890 360 Q.
913 301 977 356 fr.
1016 303 1071 364 1,
1108 303 1171 366 2,
1210 304 1262 356 2.

257 444 317 499 C.
337 440 587 495 Licinius
608 449 753 507 pater
769 440 994 490 Liciniae
1008 478 1021 501 ‚
1044 441 1262 506 virginis

320 513 577 571 Vestalis,
604 512 669 560 de
693 511 843 559 domo
862 523 957 559 sua
974 509 1061 572 53,
1092 509 1205 560 136.

252 582 315 634 P.
345 577 595 632 Licinius
615 615 630 642 ‚
662 578 814 628 Caelii
846 577 1135 641 familiaris,
1165 593 1259 643 pro

322 649 455 699 Cael.
478 649 563 712 25,
586 648 672 700 61.
706 650 773 696 ad
791 648 893 701 Att.
918 649 967 706 5,
990 647 1039 708 3,
1067 650 1116 697 2,

252 717 317 770 A.
349 715 602 769 Licinius
635 712 872 766 Archias
902 722 1049 764 natus
1082 716 1262 765 Antio-

320 787 491 847 ohiae,
531 786 705 851 Syriae
724 785 875 847 urbe,
910 799 1041 834 auno
1062 786 1264 834 circiter

318 873 371 908 u.
396 872 440 906 c.
462 855 583 907 634.
617 855 746 902 Eum
767 855 829 903 de
850 854 1055 904 civitate
1075 855 1260 904 Roma-

322 940 387 974 na
436 927 489 974 in
536 924 879 989 suspicionem
928 930 1162 973 vocatum
1212 929 1261 972 et

322 999 621 1043 accusatum
652 1007 681 1041 a
703 991 873 1041 Gratio
896 992 1117 1054 quodam
1146 991 1260 1058 lege

314 1063 477 1128 Papia
497 1061 564 1110 M.
590 1059 763 1113 Cicero
795 1060 1019 1111 defendit
1052 1062 1260 1111 sedente

320 1130 378 1190 Q.
402 1130 640 1181 Cicerone
665 1138 897 1196 praetore
922 1129 1035 1183 urb.
1060 1146 1107 1182 a.
1134 1149 1184 1181 u.
1210 1146 1256 1178 c.

318 1199 442 1251 693.
460 1236 476 1265 ‚
504 1213 595 1264 pro
617 1199 809 1248 Archia
835 1201 987 1263 poeta
1010 1200 1033 1247 1
1054 1237 1069 1261 ‚
1095 1201 1122 1250 1
1144 1215 1258 1262 sqq.

317 1295 380 1306 -—-
411 1267 627 1318 Archias
659 1275 945 1332 portentum
980 1268 1037 1326 Q.
1072 1269 1257 1320 Roscio

322 1336 569 1388 comoedo
598 1337 811 1402 parvulo
855 1339 1006 1386 etiam
1034 1343 1141 1386 tum
1170 1338 1268 1398 ob<

319 1406 478 1456 latum
512 1409 766 1470 expressit
784 1408 1037 1467 versibus,
1071 1407 1133 1455 de
1151 1407 1254 1456 div.

220 1515 242 1523 -
320 1477 369 1538 1,
384 1475 471 1534 36,
488 1475 571 1526 79.
588 1502 653 1510 -
667 1475 879 1524 Archias
898 1473 1025 1524 nihil
1044 1475 1108 1524 de
1120 1474 1258 1525 Cice-

320 1558 445 1594 rone
467 1545 701 1607 scripsit,
724 1559 1030 1607 quamquam
1055 1545 1101 1593 is
1117 1544 1258 1593 vide-

317 1614 465 1663 batur
479 1619 790 1677 exspectare,
808 1614 875 1663 ad
888 1614 993 1661 An.
1008 1613 1057 1676 1,
1078 1611 1157 1677 16,
1175 1612 1256 1662 15.

248 1679 314 1731 A.
334 1678 587 1732 Licinius
605 1679 943 1732 Aristoteles
962 1680 1257 1739 MelitensiS,

319 1751 700 1799 commendatur
743 1751 930 1801 Marcio
978 1749 1134 1816 Regi,
1192 1749 1260 1800 ad

318 1819 443 1870 fam.
472 1818 551 1879 13,
574 1819 657 1868 52.

251 1885 313 1937 G.
346 1885 598 1939 Licinius
623 1886 857 1953 Calvus,
882 1888 1017 1939 filius
1046 1888 1101 1939 G.
1122 1889 1260 1939 Lici-

318 1957 389 2007 nii
408 1958 563 2007 Macri
595 1958 851 2008 annalium
878 1960 1171 2024 scriptoriS,
1199 1958 1254 2009 C.

316 2027 481 2077 Mario
502 2026 590 2077 Cn.
616 2026 845 2077 Carbone
866 2029 951 2079 111.
977 2043 1109 2080 coss.
1132 2043 1177 2077 a.
1202 2028 1254 2078 d.

314 2096 380 2146 V.
402 2096 515 2145 Kal.
542 2098 651 2145 Iun.
678 2111 727 2145 a.
748 2112 801 2145 ιι.
824 2112 867 2146 c.
902 2097 1021 2148 672.
1048 2112 1161 2147 cum
1186 2097 1253 2151 Μ.

317 2162 487 2213 Caelio
531 2164 664 2214 Rufo
701 2165 877 2215 eadem
916 2167 999 2217 die
1035 2167 1258 2232 genitus,

312 2239 481 2284 orator
522 2232 779 2283 Romanus
822 2236 1044 2298 itemque
1086 2237 1256 2300 poeta.

314 2300 393 2351 De
413 2303 525 2351 eius
546 2301 848 2365 elo-quentia,
871 2303 1012 2355 Brut.
1034 2304 1133 2369 82,
1153 2302 1256 2355 283

314 2384 429 2432 sqq.
470 2370 534 2419 cl.
560 2371 625 2421 ad
645 2371 765 2421 fam.
792 2372 887 2432 15,
908 2374 1003 2437 21,
1024 2372 1075 2423 5.
1098 2372 1252 2423 -Μ.

314 2438 565 2503 Tigellius
618 2440 959 2507 Hermogenes
1022 2441 1257 2491 addictus

316 2506 459 2557 Calvi
496 2508 682 2558 Licinii
718 2510 1067 2575 Hipponacteo
1107 2524 1254 2574 prae-

314 2579 481 2637 conio,
502 2578 567 2626 ad
585 2578 706 2628 fam.
727 2578 776 2637 7,
798 2579 884 2639 24,
909 2580 957 2630 1.
970 2579 1253 2643 —Calvus,

314 2645 452 2704 adQ.
466 2644 528 2694 fr.
546 2644 597 2707 3,
615 2648 730 2707 1,2.
746 2650 794 2709 5.
810 2646 861 2698 3.
876 2649 1257 2713 -Fragmenta

314 2713 642 2778 epistolarum
692 2718 759 2766 ad
804 2732 919 2767 eum
960 2718 1251 2781 missarum,

310 2784 515 2847 Fragm.
544 2798 595 2847 p.
620 2784 740 2837 253.

245 2849 309 2901 G.
344 2848 597 2902 Licinius
623 2852 881 2905 Crassus.
921 2856 1046 2904 Eius
1070 2854 1155 2905 lex
1191 2854 1254 2903 de

311 2920 614 2971 sacerdotiis
656 2923 978 2989 promulgata
1027 2938 1074 2973 a.
1114 2940 1167 2975 u.
1206 2939 1249 2972 c.

310 2988 431 3040 609.
474 2990 709 3041 dissuasa
738 3007 769 3041 a
808 2992 861 3042 C.
894 2992 1069 3043 Laelio
1106 3006 1252 3057 prae-

310 3066 439 3112 tore.
479 3059 527 3107 Is
557 3061 751 3123 primus
772 3061 989 3111 instituit
1011 3062 1064 3111 in
1084 3060 1253 3112 forum

308 3141 489 3177 versus
508 3142 659 3193 agere
678 3144 791 3179 cum
811 3128 1033 3196 populo,
1062 3131 1127 3181 de
1146 3145 1246 3179 am.

240 3194 579 3316 L.21÷ie{?iius
609 3246 672 3317 L.
699 3263 763 3315 F.
797 3264 859 3316 L.
886 3262 953 3315 Ν.
990 3264 1251 3331 Crassus,

310 3340 481 3383 orator
501 3334 651 3384 Rom.
670 3334 1011 3397 clarissimus,
1032 3342 1180 3385 natus
1200 3349 1249 3383 a.

307 3417 360 3452 ιι.
400 3417 446 3451 c.
474 3401 627 3466 614„
668 3412 895 3453 mortuus
926 3410 1003 3452 est
1038 3416 1085 3452 a.
1122 3417 1174 3451 u.
1206 3419 1251 3451 c.

1405 304 1526 356 663.
1555 332 1625 340 —
1643 304 1767 354 Eius
1798 306 2039 370 magister
2057 304 2116 354 L.
2141 303 2342 356 Caelius

1404 374 1698 438 Antipater,
1733 373 1868 422 Brut.
1902 373 1998 434 26,
2033 371 2152 426 102.
2180 399 2250 412 -
2279 374 2338 424 L2

1404 441 1616 493 Crassus
1637 449 1832 506 orator,
1861 456 2080 507 persona
2099 443 2340 507 primaria

1401 513 1453 560 in
1474 511 1618 561 libris
1638 511 1700 560 de
1721 519 1946 572 oratore,
1977 513 2039 561 de
2065 521 2190 561 orat.
2219 512 2266 571 l,
2291 512 2341 578 7,

1403 582 1488 634 24.
1509 607 1579 615 —-
1597 581 1719 628 Eius
1741 594 1872 629 uxor
1908 581 1968 640 Q.
2004 581 2157 629 Mucii
2187 579 2340 630 Scae-

1400 648 1545 699 volae
1565 650 1770 714 auguris
1791 649 1892 697 filia
1907 685 1920 709 ‚
1945 649 2080 698 Brut.
2099 647 2168 700 88
2185 686 2198 708 ,
2221 650 2337 700 211.

1401 716 1497 780 59,
1539 717 1658 770 215.
1695 733 1788 782 pro
1825 718 1984 767 Balbo
2015 718 2112 780 21,
2149 717 2236 769 49.
2278 719 2344 768 dc

1404 795 1530 836 orat.
1558 787 1614 848 1,
1649 787 1743 847 15,
1779 785 1864 838 66.
1891 815 1956 824 -—
1975 786 2038 842 A.
2065 801 2116 840 u.
2142 803 2186 838 c.
2220 785 2342 836 645.

1402 863 1642 919 quaestor
1670 857 1722 905 in
1758 855 1884 905 Asia
1918 856 2015 905 i'uit
2039 863 2188 919 atque
2222 856 2342 906 inde

1399 926 1650 974 decedens
1674 923 1898 974 Athenas
1923 925 2060 974 venit
2075 961 2089 984 ,
2120 924 2185 974 de
2209 933 2334 975 orat.

1404 995 1450 1053 l,
1477 994 1556 1052 11,
1583 993 1668 1042 45.
1690 1023 1759 1032 -
1785 994 1909 1042 Eius
1931 993 2166 1043 aedilitas
2193 1008 2340 1045 orna-

1400 1063 1612 1120 tissima,
1633 1065 1774 1111 Verr.
1793 1072 2016 1115 accusat.
2037 1064 2087 1122 4,
2111 1062 2195 1122 59,
2221 1061 2336 1114 133.

1400 1132 1465 1181 cl.
1489 1133 1551 1180 de
1571 1130 1654 1180 off.
1677 1133 1728 1190 2,
1751 1130 1834 1191 16,
1847 1131 1914 1182 57
1921 1133 2086 1184 .--L.
2107 1130 2338 1192 Crassus,

1401 1217 1555 1263 quum
1575 1200 1938 1250 interficeretur
1969 1199 2269 1250 Saturninus
2287 1216 2336 1254 a.

1397 1285 1450 1318 u.
1470 1286 1514 1322 c.
1534 1269 1678 1332 654,
1695 1283 1784 1332 pro
1805 1270 1967 1319 salute
1987 1271 2242 1319 communi
2261 1285 2340 1318 ar-

1400 1353 1483 1387 ma
1497 1336 1824 1402 cepit‚proC.
1838 1338 2008 1388 Rabir.
2021 1339 2168 1401 perd.
2185 1341 2236 1398 7,
2248 1338 2336 1392 21.

1398 1409 1468 1456 11).
1498 1406 1556 1469 9,
1583 1404 1668 1456 26.
1694 1432 1760 1440 -
1778 1404 1836 1454 L.
1870 1406 2098 1454 Licinius
2129 1405 2341 1456 Crassus

1400 1485 1449 1525 et
1513 1440 1571 1533 Q.
1632 1472 1831 1524 Mucius
1891 1471 2136 1529 Scaevola
2198 1482 2340 1538 pont.

1399 1537 1535 1598 max.
1593 1541 1824 1592 consules
1883 1558 1930 1594 a.
1987 1559 2038 1592 u.
2090 1557 2134 1592 c.
2195 1541 2338 1604 659..

1397 1615 1544 1665 Verr.
1581 1618 1802 1660 accusat.
1826 1611 2007 1672 2,49‚
2042 1611 2160 1661 122.
2197 1610 2335 1663 Brut.

1398 1683 1497 1743 64,
1529 1681 1647 1733 229.
1675 1706 1743 1717 —-
1761 1681 1946 1730 Eorum
1974 1681 2058 1730 lex
2079 1681 2141 1731 de
2161 1695 2341 1746 regen-

1401 1752 1481 1800 dis
1512 1752 1562 1798 in
1591 1764 1684 1800 sua
1703 1751 1908 1799 civitate
1937 1751 2125 1810 sociis,
2160 1752 2225 1799 de
2250 1750 2338 1800 off.

1399 1819 1431 1870 3
1448 1857 1462 1881 ,
1488 1819 1550 1870 11
1565 1856 1580 1884 ,
1599 1820 1684 1871 47.
1705 1845 1774 1856 -
1793 1821 1853 1870 L.
1881 1819 2106 1869 Licinius
2130 1817 2342 1869 Crassus

1402 1888 1712 1953 triumphum
1753 1903 1784 1939 a
1819 1896 1998 1939 senatu
2046 1889 2340 1954 postulavit,

1401 1960 1464 2010 de
1483 1960 1586 2010 inv.
1610 1958 1662 2024 2,
1683 1956 1768 2021 37,
1794 1958 1911 2029 Hal·
1926 1958 2065 2007 -Ei
2087 1957 2229 2007 illum
2247 1958 2340 2008 ho-

1401 2042 1575 2077 norem
1609 2025 1808 2090 collega
1835 2028 1896 2086 Q.
1925 2025 2173 2077 Scaevola
2193 2042 2334 2092 prae-

1396 2097 1555 2161 ripuit
1579 2096 1897 2145 intercedens
1927 2110 1992 2145 ne
2019 2096 2161 2147 fleret
2191 2111 2339 2147 sena-

1397 2175 1478 2215 tus
1500 2164 1811 2226 consultum,
1844 2166 1895 2214 in
1919 2166 2092 2217 Pison.
2123 2165 2218 2229 26,
2249 2166 2337 2217 62.

1398 2262 1464 2271 -
1501 2234 1626 2283 Eius
1657 2234 1876 2295 dictum,
1906 2234 2130 2299 Philipp.
2161 2236 2253 2293 14,
2285 2233 2338 2292 6,

1400 2304 1481 2354 17.
1507 2329 1573 2339 —-
1605 2304 1917 2353 Testimonio
1943 2305 2083 2367 eius,
2115 2304 2253 2364 quod
2286 2304 2339 2351 in

1395 2371 1468 2423 M.
1498 2372 1789 2421 Marcellum
1825 2371 2030 2420 inimico
2059 2372 2226 2421 animo
2261 2370 2338 2420 di-

1393 2441 1497 2505 xit,
1533 2440 1772 2489 creditum
1805 2453 1906 2487 non
1941 2447 2044 2498 est,
2075 2453 2166 2502 pro
2191 2438 2335 2491 Font.

1399 2511 1430 2558 7
1449 2546 1463 2571 ‚
1505 2509 1588 2559 14.
1616 2534 1683 2543 -
1703 2508 1749 2555 A
1777 2506 1833 2555 L.
1867 2506 2049 2557 Crasso
2082 2506 2338 2557 colebatur

1395 2576 1610 2628 Archias
1629 2577 1781 2642 poeta
1797 2612 1811 2637 ,
1833 2591 1926 2640 pro
1947 2575 2102 2626 Arch.
2125 2575 2176 2636 3,
2201 2575 2254 2627 6.
2270 2604 2336 2613 -—

1395 2646 1738 2697 Tusculanum
1764 2646 1890 2696 emit
1906 2646 1970 2696 de
1987 2646 2222 2695 libertino
2243 2645 2333 2695 ho-

1395 2718 1530 2766 mine
1546 2752 1559 2775 ‚
1583 2714 1812 2766 Soterico
1831 2714 2040 2781 Marci0,
2064 2730 2156 2781 pro
2175 2714 2334 2767 Balbo

1395 2785 1482 2849 25,
1503 2783 1590 2835 56.
1613 2810 1680 2821 -
1699 2784 1822 2837 Eius
1845 2785 2156 2836 voluntatem
2187 2801 2337 2851 aspe-

1394 2853 1616 2903 rioribus
1646 2855 1846 2905 facetiis
1867 2869 2020 2921 saepe
2039 2856 2337 2919 perstrinxit

1395 2924 1604 2987 impune
1668 2921 1884 2974 Granius
1954 2938 2166 2989 praeco,
2239 2938 2332 2987 pro

1391 2992 1564 3044 Plane.
1586 2990 1670 3051 14,
1698 2990 1784 3041 33.
1805 3018 1870 3027 -
1901 2992 1960 3040 L.
1984 2990 2153 3041 Crassi
2173 2998 2338 3041 orato-

1392 3060 1462 3110 ris
1483 3072 1646 3123 mors,
1673 3058 1736 3109 de
1757 3067 1881 3113 orat.
1905 3056 1966 3124 3,
1991 3059 2016 3108 1
2036 3096 2051 3121 ,
2079 3059 2107 3109 1
2131 3074 2242 3123 sqq.
2267 3087 2336 3101 --

1387 3128 1782 3178 Pseudomarius
1802 3142 1954 3177 avum
1973 3141 2122 3176 suum
2143 3128 2338 3179 ferebat

1389 3197 1451 3249 L.
1475 3194 1738 3254 Crassum,
1759 3195 1824 3245 ad
1843 3196 1947 3245 Att.
1971 3194 2054 3257 12,
2077 3196 2164 3257 49,
2196 3198 2243 3247 1.
2269 3222 2336 3233 -

1391 3264 1468 3313 De
1513 3265 1623 3315 eius
1668 3263 1909 3314 facultate
1961 3266 2210 3331 oratoria,
2269 3266 2336 3317 ad

1393 3332 1511 3382 Her.
1533 3334 1596 3394 4,
1619 3333 1670 3393 2,
1693 3333 1744 3381 2.
1767 3360 1836 3373 --
1856 3332 2161 3399 Exemplum
2191 3349 2257 3383 ex
2275 3346 2336 3384 eo

1394 3401 1737 3467 desumptum,
1757 3401 1830 3451 Ib.
1844 3402 1896 3466 4,
1909 3400 1960 3463 3.
1975 3402 2028 3459 5„
2051 3401 2113 3455 cl.
2129 3404 2200 3457 ib.
2215 3405 2268 3457 4.
2281 3402 2335 3459 ῦ,
