2500 3850
267 211 391 275 306
900 222 1011 271 cir.
1042 223 1391 271 Pomrsms
1429 222 1733 271 MAGNUS.

339 380 427 430 Cn.
460 379 737 445 Pompeius
772 392 854 428 me
892 387 1096 429 auctore
1136 387 1280 429 extra

337 449 567 499 ordinem
610 448 799 498 bellum
844 463 959 497 cum
984 448 1277 499 Mithridate

336 519 659 583 Tigraneque
696 518 875 582 gessit,
912 517 975 565 de
1004 517 1154 566 domo
1186 533 1280 566 sua

333 586 394 648 8,
430 586 513 636 14.
552 614 622 625 ——-
658 585 749 639 Cn.
773 585 1067 650 PompeiuS,
1094 586 1279 651 Tigra-

334 670 450 705 nem
480 671 635 718 quum
656 657 709 704 in
727 656 836 704 suis
874 656 1055 703 castris
1084 655 1280 720 suppli-

333 738 444 775 cem
464 727 716 775 abiectum
736 722 969 782 vidisset,
1002 725 1163 773 erexit
1180 732 1275 773 etc.

332 809 381 848 a.
397 810 451 845 u.
469 810 511 846 c.
530 794 676 855 688„
696 807 790 857 pro
817 790 949 843 Sest.
972 794 1061 855 27,
1092 792 1179 844 58.
1210 820 1277 829 -

332 862 421 912 Cn.
436 863 710 928 Pompeius
731 863 895 926 captis
913 860 1278 929 Hierosolymis

331 932 590 983 a.u.c.69l
601 968 613 981 .
654 932 817 980 victor
831 946 896 980 ex
913 930 999 979 illo
1014 931 1132 981 fano
1148 930 1276 979 nihil

330 1003 517 1065 attigit,
540 1016 633 1065 pro
658 1001 835 1050 Flacco
858 1000 944 1059 28,
964 1000 1049 1050 67.
1072 1000 1276 1049 —Eius

327 1070 519 1119 bellum
564 1084 680 1119 cum
709 1067 998 1118 Mithridate
1037 1076 1273 1135 gestum:

329 1152 429 1186 non
448 1146 584 1200 ante,
599 1136 917 1200 quam“illum
939 1138 1043 1185 vita
1063 1137 1275 1203 expulit,

329 1207 520 1257 bellum
554 1206 844 1256 confectum
876 1206 1155 1266 iudicavit,
1179 1221 1273 1273 pro

329 1276 540 1327 Murena
556 1276 641 1337 16,
662 1274 750 1328 34.
776 1302 838 1312 —
856 1274 931 1324 De
943 1276 1276 1341 supplicatio-

331 1360 392 1395 ne
433 1348 637 1395 decreta
674 1343 765 1399 Cn.
800 1344 1043 1409 Pompeio
1083 1344 1276 1395 Mithri-

332 1417 446 1465 date
492 1414 760 1465 interfecto
804 1414 1137 1477 confectoque
1180 1414 1276 1463 Mi-

330 1484 601 1533 thridatico
649 1483 811 1541 bello,
862 1484 926 1551 de
955 1499 1101 1549 prov.
1129 1498 1270 1533 cons,

329 1553 426 1616 11,
494 1554 581 1603 27.
655 1554 731 1605 lb.
787 1553 885 1612 12,
935 1552 1020 1603 31.
1077 1581 1144 1589 —
1200 1553 1277 1603 De

327 1620 665 1686 gratulatione
683 1622 945 1685 Pompeio,
979 1623 1277 1687 compositis

324 1691 479 1739 Asiae
500 1691 654 1740 rebus
674 1698 723 1738 et
739 1688 1033 1740 Mithridate
1054 1693 1274 1756 devict0,

324 1773 372 1807 a.
412 1773 464 1809 u.
500 1774 545 1811 c.
587 1756 709 1811 692.
776 1758 943 1821 facta,
1001 1774 1058 1809 se
1091 1762 1154 1810 ab
1193 1774 1271 1820 e0,

324 1835 379 1875 ut
421 1826 483 1875 ab
524 1826 771 1877 Africano
812 1826 1070 1891 Laelium,
1135 1835 1183 1877 et
1221 1830 1274 1877 in

322 1910 378 1946 re
411 1895 617 1960 publica
654 1902 704 1945 et
742 1896 795 1944 in
824 1897 1047 1947 amicitia
1074 1898 1270 1947 socium

321 1963 518 2025 haberi,
539 1966 605 2016 ad
628 1965 749 2016 l'am.
770 1965 821 2026 5,
849 1967 899 2019 7.
921 1993 991 2004 —-
1017 1966 1077 2016 L.
1107 1965 1268 2028 Sulla,

323 2049 481 2098 quum
512 2050 691 2086 omnes
732 2035 883 2084 Asiae
922 2037 1151 2086 civitates
1176 2052 1269 2102 pro

319 2105 557 2168 portione
584 2105 637 2153 in
669 2105 938 2168 provincia
969 2105 1269 2168 descripsis-

324 2179 430 2232 set,
454 2172 595 2221 illam
618 2173 870 2221 rationem
894 2175 947 2222 in
968 2175 1267 2237 imperando

319 2247 523 2305 sumptu
564 2248 614 2289 et
658 2241 936 2305 Pompeius
973 2250 1023 2291 et
1058 2242 1267 2292 Flaccus

320 2316 525 2360 secutus
552 2317 658 2367 est,
700 2323 793 2373 pro
815 2309 997 2360 Flacco
1034 2311 1130 2372 14,
1173 2312 1262 2363 32.

320 2380 702 2444 ——Pompeium
728 2379 1265 2430 insectabatur-Rullus

317 2449 641 2515 promulgata
669 2448 785 2514 lege
806 2451 1034 2515 agraria,
1065 2451 1129 2499 de
1150 2451 1266 2515 lege

320 2533 426 2583 agr.
463 2519 511 2578 1,
552 2521 603 2580 2,
650 2518 701 2569 6.
745 2545 817 2557 -·-
853 2519 1115 2584 Excipitur
1149 2519 1266 2586 lege

317 2589 543 2652 agraria,
572 2603 636 2635 ne
669 2602 784 2636 cuni
806 2591 864 2642 Ρ.
889 2589 1036 2639 Rullo
1063 2589 1264 2639 decem-

317 2657 395 2702 vir
414 2656 525 2704 fieri
542 2657 725 2718 possit,
749 2658 897 2721 lb.·2,
920 2657 969 2714 9,
991 2661 1073 2708 24.
1105 2659 1165 2708 cl.
1192 2660 1261 2708 ib.

318 2724 379 2780 2,
424 2724 519 2784 20,
576 2721 661 2773 53.
722 2725 798 2775 Ib.
840 2727 888 2790 2,
930 2726 1017 2786 22,
1062 2726 1147 2778 60.
1194 2755 1264 2766 —-

316 2789 538 2840 Maxime
556 2791 876 2841 consulatum
894 2792 1150 2845 Ciceronis
1169 2797 1260 2848 Cn.

315 2858 589 2928 Pompeius
612 2861 882 2925 probavit,
922 2863 1009 2924 qui
1038 2863 1148 2912 eius
1176 2867 1264 2915 be-

314 2927 496 2977 neflcio
536 2928 757 2992 patriam
796 2943 853 2979 se
880 2931 1108 2981 visurum
1149 2950 1262 2985 esse

318 2998 475 3058 dixit,
503 2997 725 3062 Philipp.
754 2999 818 3060 2,
855 2998 913 3058 5,
947 3001 1028 3049 12.
1068 3029 1138 3038 -
1165 3003 1256 3057 Cn.

318 3067 594 3131 Pompeius
624 3067 797 3117 multis
824 3069 1149 3120 audientibus
1177 3072 1260 3122 Ci-

314 3137 485 3186 ceroni
512 3137 610 3186 hoc
630 3138 838 3200 tribuit,
860 3145 917 3186 ut
941 3139 1131 3188 diceret
1153 3140 1259 3191 fru-

316 3213 419 3254 stra
438 3220 494 3254 se
518 3207 827 3272 triumphum
849 3209 1051 3258 tertium
1073 3209 1257 3273 depor-

290 3283 530 3346 taturum
557 3275 747 3339 fuisse,
786 3278 887 3326 nisi
910 3277 1166 3329 Ciceronis
1204 3282 1256 3330 in

295 3352 417 3390 ‘rem
464 3344 606 3406 publ.
649 3345 893 3393 beneflcio
942 3348 1026 3396 ubi
1079 3349 1253 3398 trium·

306 3409 489 3470 pharet
509 3419 643 3460 esset
664 3411 929 3462 habiturus
950 3451 963 3473 ,
1003 3416 1065 3464 de
1087 3417 1169 3465 off.
1200 3418 1248 3480 1,

308 3474 396 3541 22,
416 3476 499 3526 78.
525 3505 591 3516 --
612 3482 730 3544 Ipso
749 3482 991 3546 Pompeio
1023 3492 1245 3548 auctore,

1421 380 1596 429 Silano
1617 387 1666 429 et
1686 378 1900 428 Murena
1919 380 2210 429 consulibus
2240 394 2283 429 a.
2306 397 2344 430 u.

1419 467 1464 502 c.
1487 449 1631 512 692„
1667 448 1937 497 decretum
1966 457 2088 521 est&
2105 455 2160 496 ut
2187 449 2348 498 classis

1420 520 1471 566 in
1491 516 1640 567 Italia
1660 518 1948 583 navigaret,
1968 534 2061 584 pro
2084 517 2255 568 Flacco
2275 516 2350 575 13,

1418 587 1506 639 30.
1529 613 1599 622 -
1631 584 1798 635 Utitur
1818 588 2000 637 Cicero
2026 587 2262 651 Pompeio
2283 586 2350 634 fa-

1419 655 1764 705 miliarissime
1796 671 1845 705 a.
1873 672 1925 705 u.
1947 672 1993 709 c.
2017 655 2159 715 693„
2179 656 2242 705 ad
2255 658 2344 703 Ati.

1422 726 1468 785 1,
1493 724 1576 784 17,
1601 722 1683 773 10.
1718 751 1786 759 -
1813 728 2011 790 Aperte
2036 733 2238 775 acturus
2257 730 2351 772 erat

1420 793 1476 844 C.
1498 793 1718 843 Antonio
1752 795 1966 844 succedi
2000 803 2257 859 oportere,
2289 791 2348 839 ad

1415 864 1520 913 Ati.
1545 862 1595 924 1,
1617 861 1701 927 12,
1726 863 1772 911 1.
1799 892 1868 900 -
1904 863 2202 928 Pompeium
2225 862 2349 912 Cice-

1417 933 1532 983 roni
1570 930 1947 982 amicissimum
1985 947 2098 983 esse
2139 948 2184 983 a.
2223 946 2272 983 u.
2303 944 2345 975 ο·

1416 1001 1570 1061 693.,
1609 1002 1686 1051 lb.
1716 1003 1767 1064 §-
1787 1002 1843 1055 3.
1909 1003 2102 1051 Muciae
2125 1000 2342 1049 nuncium

1417 1070 1630 1129 remisit,
1667 1069 1744 1120 lb.
1777 1098 1847 1107 ——
1881 1070 1951 1121 Se
1971 1072 2035 1121 ab
2059 1086 2118 1119 eo
2146 1068 2285 1131 diligi
2303 1074 2346 1114 et

1416 1140 1574 1189 amari
1598 1140 1878 1203 magnique
1897 1140 2028 1200 fieri,
2049 1140 2124 1189 lb.
2141 1139 2185 1199 1,
2205 1136 2278 1197 13,
2293 1137 2338 1185 4.

1413 1237 1480 1247 -
1502 1208 1670 1257 Prima
1691 1211 1864 1259 contio
1891 1209 2127 1273 Pompeii
2147 1206 2237 1255 fuit
2253 1217 2341 1253 non

1414 1276 1637 1327 iucunda
1656 1278 1881 1340 miseris,
1906 1278 2076 1327 inanis
2097 1273 2338 1341 improbis,

1414 1347 1577 1396 beatis
1609 1361 1707 1395 non
1729 1356 1880 1412 grata
1895 1384 1911 1410 ,
1953 1348 2102 1397 bonis
2122 1358 2216 1393 non
2235 1356 2336 1407 gra-

1419 1416 1512 1481 vis,
1551 1417 1721 1477 itaque
1743 1416 1986 1483 frigebat,
2025 1417 2101 1466 Ib.
2128 1414 2172 1477 l,
2197 1409 2334 1472 14,1-

1415 1514 1484 1524 —-
1518 1475 1676 1534 Moit’
1705 1474 2187 1550 ἀριστοκρατικῶς
2212 1480 2337 1529 locu-

1416 1562 1499 1605 tus
1535 1560 1638 1613 est,
1676 1555 1750 1607 Ib.
1779 1555 1829 1620 1,
1853 1555 1942 1619 14,
1970 1556 2022 1605 2.
2062 1580 2129 1589 -
2165 1548 2336 1598 Barba-

1414 1625 1509 1675 tuli
1543 1625 1754 1679 iuvenes
1793 1639 1914 1674 eum
1950 1624 2006 1672 in
2039 1618 2337 1673 sermonibus

1419 1682 1622 1745 Cnaeffi.
1678 1691 1976 1743 Ciceronem
2014 1688 2335 1756 appellabant,

1814 1789 1886 1798 —
1931 1760 2178 1827 Togulam
2211 1754 2336 1804 illam

1412 1835 1604 1899 pictam
1635 1836 1807 1887 silenti
1884 1840 2033 1881 uetur
2051 1841 2191 1879 suam
2223 1838 2266 1872 a.
2287 1835 2334 1871 u.

2067 1896 2157 1958 18,
2191 1892 2240 1946 6.
2275 1914 2334 1925 --

2095 1967 2107 1978 “
2147 1979 2238 2014 uno
2267 1958 2331 2024 pl.

1406 2109 1680 2173 Pompeio,
1727 2113 1802 2163 lb.
1848 2114 1911 2178 1,
1961 2115 2047 2180 19,
2086 2086 2226 2170 42-
2265 2097 2333 2148 De

1406 2177 1640 2241 Pompeii
1684 2179 2038 2235 familiaritate
2075 2189 2225 2239 molli
2253 2163 2333 2239 Β·

1408 2246 1522 2296 chio
1555 2247 1852 2300 Ciceronem
1887 2255 2210 2321 obiurgabat
2235 2233 2332 2308 Αἶῗ

1409 2331 1530 2380 cus,
1567 2318 1645 2366 Ib.
1685 2319 1748 2380 2,
1788 2319 1846 2379 l,
1887 2321 1944 2374 6.
1986 2353 2060 2364 —-
2095 2319 2339 2390 Epicratl.

1406 2395 1538 2436 tecto
1562 2388 1766 2438 nomine
1791 2388 2013 2453 dicitur,
2055 2395 2130 2440 lb.
2163 2396 2216 2452 2,
2239 2396 2291 2455 3,
2320 2399 2366 2449 1.
2470 2391 2471 2418 ³

1407 2482 1466 2492 -
1509 2456 1976 2524 Hierosolymarius
2008 2461 2282 2514 traductor
2303 2465 2370 2510 ad

1403 2525 1620 2590 plebem,
1662 2527 1734 2576 lb.
1767 2528 1818 2588 2,
1867 2528 1918 2593 9,
1957 2531 2004 2580 1.
2045 2528 2154 2566 —5‘
2199 2541 2364 2575 naeus

1406 2594 1604 2660 collega
1641 2595 1786 2646 Balbi
1825 2595 1903 2659 (iu
1932 2525 2358 2664 νίςὶιιιίνῖιῖᾟᾙ),

1405 2664 1478 2715 lb.
1507 2666 1559 2724 2,
1589 2664 1670 2726 12,
1697 2665 1741 2712 1.
1777 2691 1842 2698 —-
1880 2664 1940 2717 L.
1967 2667 2170 2715 Vettius
2199 2668 2252 2714 in
2272 2664 2408 2746 sex}

1403 2739 1524 2782 natu
1561 2732 1823 2782 confessus
1873 2741 1947 2780 est
1989 2749 2046 2782 se
2083 2749 2200 2782 cum
2249 2733 2348 2781 telo
2465 2733 2468 2766 l

1403 2799 1582 2864 fuisse,
1602 2800 1943 2865 Cn.Pompeio
1966 2804 2078 2852 suis
2107 2801 2348 2850 manibus
2417 2809 2431 2848 ’τ
2463 2809 2465 2834 ³

1401 2885 1575 2919 necem
1613 2869 1791 2920 offerre
1841 2870 2063 2921 voluisse
2103 2887 2150 2920 a.
2199 2887 2250 2921 u.
2295 2885 2337 2920 c.
2427 2837 2466 2936 l

1399 2937 1522 2990 695.
1551 2975 1564 2998 ,
1602 2941 1656 2988 in
1694 2939 1954 2988 Vatinium
2010 2940 2093 3004 10,
2141 2941 2226 2990 24.
2272 2963 2340 2972 --

1399 3006 1689 3058 Coniuratio
1716 3008 1988 3059 multorum
2019 3008 2260 3057 nobilium
2285 3007 2336 3052 in
2423 3025 2427 3043 .·

1396 3075 1697 3142 Pompeium
1739 3078 1854 3128 ficta
1890 3095 1920 3128 a
1950 3079 2116 3128 Vettio
2149 3075 2330 3130 indice,
2419 2973 2464 3158 ἦ

1397 3146 1464 3194 ad
1495 3147 1597 3198 Att.
1621 3149 1682 3206 2,
1717 3149 1802 3197 24.
1842 3173 1913 3186 -—
1950 3148 2037 3200 Cn.
2060 3141 2327 3205 Pompeius

1398 3217 1659 3280 ‘privatus
1692 3212 1938 3267 dictator’
1979 3211 2259 3280 appellatus
2298 3220 2326 3253 ²³

1396 3282 1450 3333 C.
1475 3283 1662 3334 Catone
1681 3301 1729 3335 a.
1755 3303 1805 3337 u.
1841 3303 1884 3334 c.
1909 3286 2047 3345 695„
2087 3280 2153 3328 ad
2180 3278 2237 3335 Q·
2259 3275 2316 3353 fs·
2457 3321 2459 3340 .

1395 3352 1444 3411 1,
1465 3353 1583 3407 25.
1623 3355 1670 3414 ἒ.
1701 3355 1780 3404 15.
1811 3381 1868 3389 -—
1893 3351 2118 3403 Ciceroni
2148 3355 2310 3396 omnm

1391 3420 1756 3484 pollicebatur,
1811 3423 1882 3474 Il).
1925 3452 1993 3462 --
2034 3415 2200 3482 Magni
2234 3423 2312 3488 ρξ’-

1388 3503 1607 3551 gnomen
1644 3504 1745 3538 una
1793 3505 1904 3538 cum
1944 3487 2112 3538 Crassi
2139 3481 2307 3531 Divitis

2338 3591 2385 3612 ρ·-
