2500 3850
195 175 317 236 248

261 344 503 396 Postumo
537 342 598 407 3,
638 343 689 396 7.
722 367 791 379 —·
822 343 993 394 Fausti
1025 341 1198 392 Sullae

264 414 329 462 ad
374 411 428 462 C.
474 411 765 464 Memmium
817 412 1012 463 litterae
1030 448 1047 472 ,
1104 426 1196 478 pro

262 480 404 531 Sulla
427 480 508 538 19,
528 480 613 532 55.

192 545 255 604 Ῑι.
305 548 633 613 Memmius,
690 557 835 616 pater
870 549 927 602 Ο.
972 549 1195 599 Memmii

262 617 500 679 Gemelli,
536 620 675 674 Brut.
711 616 807 681 70,
840 620 957 668 247.
1006 620 1078 668 lb.
1106 617 1191 682 89,

190 754 255 807 P.
292 753 620 820 Memmius,
658 759 802 807 testis
846 757 898 804 in
936 769 1091 804 causa
1124 754 1188 806 A.

264 826 509 876 Caecinae
524 863 537 887 ,
564 840 655 890 pro
678 823 893 876 Caecina
916 823 1009 885 10,
1034 821 1121 874 26.

189 891 449 944 Menaeni
477 893 674 944 incolae
704 893 964 943 Menarum
984 891 1192 943 Siciliae

262 963 462 1026 oppidi,
482 965 631 1012 Verr.
658 969 881 1014 accusat.
905 961 937 1010 3
952 998 968 1019 ,
988 962 1084 1025 22,
1104 961 1189 1010 55.

260 1031 337 1080 Ib.
352 1029 404 1089 3,
422 1030 509 1090 43,
530 1029 647 1083 102.

190 1095 530 1163 Menalippa.
563 1100 629 1150 V.
645 1094 986 1162 Melanippa.

188 1164 489 1229 Menalius,
524 1174 669 1230 pater
686 1165 901 1216 Vulcani
920 1167 1105 1228 quarti,
1132 1167 1194 1215 de

258 1251 308 1283 n.
331 1235 380 1284 d.
407 1234 468 1294 3,
490 1236 576 1298 22,
598 1236 683 1286 55.

188 1301 513 1368 Menander,
549 1306 696 1369 poeta
716 1303 937 1354 comicus
952 1301 1192 1352 Graecus.

261 1373 534 1423 Menander
553 1371 757 1424 Homeri
782 1372 940 1421 noluit
974 1386 1089 1421 esse
1126 1373 1196 1421 si·

258 1441 413 1494 milis.
472 1440 642 1492 Genus
660 1445 795 1492 enim
816 1448 923 1491 erat
946 1441 1107 1501 aliud,
1128 1441 1194 1490 de

260 1521 364 1576 opt.
388 1525 503 1576 gen.
529 1519 656 1561 orat.
678 1513 738 1573 2,
776 1509 827 1561 6.
902 1511 975 1559 Ib.
1000 1509 1065 1572 6,
1106 1509 1189 1560 18.

258 1581 443 1644 fragm.
468 1594 519 1642 p.
534 1579 654 1630 338.
676 1608 739 1618 —
760 1579 885 1628 Eius
901 1578 1190 1642 Synephebi

259 1655 307 1697 et
327 1648 539 1708 Andria,
576 1648 639 1696 de
658 1647 740 1696 fin.
766 1647 815 1710 1,
838 1649 889 1706 2,
902 1650 955 1698 4.

188 1711 694 1778 Menander-‚servus
706 1715 1055 1774 Ciceroni5,ad
1070 1715 1191 1768 fam.

262 1783 342 1847 16,
370 1783 451 1834 13.

188 1851 470 1902 Menecles
490 1852 817 1904 Alabandeus
849 1860 897 1901 et
915 1852 1193 1912 HierocleS,

260 1921 415 1971 frater
470 1923 579 1972 eius
597 1957 614 1981 ,
672 1936 883 1985 quorum
936 1923 1195 1983 utriusque

261 1992 511 2041 orationes
530 1991 713 2040 suntin
736 1992 931 2055 primis,
970 1998 1023 2039 ut
1045 1991 1193 2039 Asia-

255 2062 355 2109 tico
388 2061 441 2108 in
462 2075 673 2124 genere.
709 2059 1021 2117 laudabile-s,
1053 2060 1189 2109 Brut.

258 2126 353 2190 95,
386 2127 505 2179 325.
528 2156 593 2165 --
635 2128 931 2178 Hortensius
972 2127 1192 2177 habehat

242 2196 554 2251 ,Meneclium
582 2196 713 2247 illud
745 2196 969 2246 studium
992 2196 1190 2245 crebra-

256 2279 368 2313 rum
387 2273 812 2329 venustarumque
828 2267 1188 2315 sententiarum

256 2342 351 2383 etc.
390 2335 463 2383 Ib.
482 2334 570 2395 95,
609 2334 725 2386 326.
765 2361 832 2371 -
864 2333 1110 2383 Menecles
1140 2341 1189 2382 et

254 2402 511 2454 Hierocles
532 2405 642 2454 eius
659 2403 831 2466 frater,
864 2402 1163 2453 Alabanden
1178 2433 1189 2440 -

200 2529 206 2535 ,
256 2487 370 2537 ses,
407 2472 649 2523 rhetores„
724 2474 856 2523 Eum
894 2472 1089 2523 audivit
1115 2471 1183 2523 M.

255 2542 508 2591 Antonius
528 2549 713 2601 orator,
751 2550 855 2593 tota
881 2543 1004 2591 Asia
1024 2542 1189 2591 imita-

252 2611 431 2669 batur,
469 2610 533 2660 de
551 2616 679 2659 orat.
702 2612 753 2674 2,
774 2610 860 2675 23,
878 2608 962 2661 95.
993 2637 1058 2645 —-
1085 2610 1188 2659 Me-

255 2678 449 2737 necles,
496 2676 744 2727 Hieroclis
790 2677 970 2740 frater,
1018 2678 1189 2727 rhetor

252 2746 525 2806 AsiaticuS‚
560 2751 687 2797 orat.
709 2745 795 2807 69,
823 2743 943 2796 231.

184 2808 565 2864 Menedemus.
631 2814 711 2863 Ab
734 2830 793 2864 eo
810 2850 824 2873 ,
844 2814 982 2875 quod
1001 2816 1045 2865 is
1064 2816 1185 2865 Ere-

253 2883 351 2931 tria
371 2882 485 2943 fuit,
511 2882 756 2932 Eretriaci
775 2882 1035 2947 appellati,
1058 2899 1183 2946 quo-

252 2965 363 3001 rum
384 2965 533 3002 omne
563 2956 747 3001 bonum
778 2951 829 3000 in
862 2959 1027 3001 mente
1043 2953 1183 3016 posi-

816 188 881 233 L.
907 187 1226 235 MEMMIUS
1250 209 1334 219 --
1356 187 1666 235 MENTOR.

1335 342 1462 410 lipp.
1492 341 1584 406 13,
1626 343 1708 408 16,
1737 342 1824 396 33.
1886 342 1948 396 cl.
1971 343 2036 394 ad
2055 345 2167 394 Att.
2193 343 2288 410 15,

1337 414 1388 472 2,
1407 415 1457 462 2.
1498 413 1569 461 lb.
1599 412 1680 474 15,
1708 413 1758 473 4,
1780 413 1829 464 4.

1265 477 1555 531 Menelaus
1577 517 1592 543 ‚
1646 482 2041 546 Agamemnonis
2097 482 2278 531 frater.

1334 549 1464 598 Eum
1502 550 1700 600 dulcem
1740 550 1945 612 quidem
1978 549 2135 600 tradit
2171 549 2283 600 Ho-

1335 631 1519 680 merus,
1545 619 1637 669 sed
1654 632 1817 684 pauca
1838 619 2110 680 dicentem,
2129 617 2272 670 Brut.

1333 686 1401 737 13
1416 723 1430 748 ,
1454 686 1540 739 50,
1565 713 1634 723 -
1651 687 1876 737 Menelao
1897 686 2087 737 Laconi
2115 703 2280 749 quae-

1334 756 1450 806 dam
1468 755 1563 804 fuit
1577 756 1938 818 suaviloquens
1957 756 2270 818 iucunditas,

1334 825 1396 873 de
1415 840 1457 877 r.
1480 838 1532 889 p.
1555 826 1604 886 5,
1628 825 1680 887 9,
1716 825 1795 875 ll.
1860 824 1927 873 ad
1957 823 2075 876 Her.
2108 823 2161 887 3,
2183 825 2276 884 21,

1333 893 1417 944 34.
1457 895 1683 954 orat.22,
1705 895 1788 946 74.

1263 959 1557 1013 Menelaus
1608 977 1701 1027 per
1747 963 1914 1011 iocum
1949 969 2159 1013 vocatur
2197 963 2274 1016 M.

1332 1030 1574 1080 Lucullus
1587 1069 1600 1095 ‚
1641 1032 1760 1093 quia
1785 1033 1896 1080 eius
1914 1044 2045 1080 uxor
2063 1045 2093 1079 a
2114 1031 2273 1080 Mem-

1333 1099 1438 1148 mio
1457 1108 1687 1164 stuprata
1707 1107 1830 1163 erat,
1852 1100 1918 1149 ad
1930 1100 2032 1152 Att.
2052 1099 2099 1161 1,
2118 1100 2202 1159 18,
2219 1100 2276 1151 3.

1264 1166 1557 1218 Menelaus
1575 1167 1918 1227 Marathenus,
1932 1168 2105 1219 rhetor
2114 1167 2276 1219 Grae-

1335 1251 1442 1295 cus,
1475 1238 1615 1287 Brut.
1631 1236 1716 1298 26,
1740 1235 1856 1290 100.

1262 1303 1526 1356 Menenia
1545 1307 1723 1370 tribus,
1761 1307 1830 1356 ad
1849 1305 1969 1359 fam.
1994 1305 2076 1369 13,
2099 1304 2153 1366 9,
2180 1307 2233 1354 2.

1262 1372 1604 1424 Menexenus
1635 1374 1889 1436 Platonis,
1929 1374 1992 1422 de
2023 1382 2150 1426 orat.
2181 1377 2276 1438 44,

1261 1511 1580 1577 Menippus.
1634 1512 1761 1559 Eum
1782 1511 2007 1560 imitatus
2022 1547 2037 1573 ,
2061 1525 2166 1560 non
2192 1512 2276 1560 iu-

1330 1587 1635 1645 terpretatus
1659 1587 1736 1628 est
1749 1581 1929 1640 Varro,
1953 1580 2115 1630 Acad.
2130 1589 2271 1644 post.

1334 1650 1383 1710 1,
1404 1651 1455 1709 2,
1476 1649 1528 1700 8.

1264 1716 1558 1784 Menippus
1613 1716 2004 1768 Stratonicensis
2024 1755 2038 1779 ,
2098 1724 2273 1769 orator

1336 1787 1621 1848 Asiaticus,
1659 1787 1798 1837 Brut.
1823 1785 1910 1846 91,
1931 1786 2050 1840 315.

1263 1852 1548 1905 Meniscus
1577 1855 1883 1915 Entellinus,
1914 1857 1980 1906 ad
2018 1856 2273 1906 iudicium

1272 1929 1278 1934 '
1333 1926 1602 1975 Verrinum
1621 1923 1820 1991 legatus
1845 1926 2042 1989 publice
2075 1927 2274 1976 missus

1333 2008 1446 2042 cum
1468 1993 1700 2045 Sositbeo
1724 2002 1772 2043 et
1792 1996 2088 2056 Artemone,
2117 1996 2269 2045 Verr.

1332 2070 1552 2115 accusat.
1577 2062 1626 2125 3,
1647 2062 1730 2125 87,
1753 2063 1874 2114 200.

1260 2127 1447 2193 Meno,
1470 2130 1704 2197 dialogus
1725 2131 1962 2195 PlatoniS,
1983 2131 2194 2185 Tuscul.
2219 2132 2270 2191 1,

1260 2267 1448 2331 Meno,
1461 2284 1554 2333 pro
1568 2269 1795 2319 Fundan.
1812 2268 1998 2333 fragm.
2015 2270 2066 2318 2.
2083 2268 2267 2333 9216.

1257 2333 1604 2388 Menocritns
1625 2373 1640 2401 ,
1675 2339 1730 2387 P.
1759 2337 1959 2388 Lentuli
1979 2335 2270 2400 Spintheris

1328 2406 1555 2470 libertus,
1592 2407 1659 2456 ad
1677 2405 1798 2455 fam.
1822 2407 1869 2466 1,
1893 2406 1945 2467 9,
1966 2404 2052 2455 23.

1258 2472 1595 2525 Menoeceus
1614 2512 1626 2536 ,
1667 2473 1896 2524 Creontis
1940 2474 2074 2525 filius
2089 2509 2106 2536 ,
2149 2488 2267 2524 ora-

1327 2542 1442 2592 culo
1499 2544 1634 2593 edito
1683 2544 1897 2608 largitus
1951 2551 2028 2593 est
2064 2545 2266 2607 patriae
2347 2580 2351 2584 -

1330 2626 1481 2661 suum
1503 2613 1822 2677 sanguinem,
1858 2611 2068 2697 Tuscul..
2090 2612 2136 2676 1,
2172 2612 2262 2675 48,

1254 2680 1617 2813 ngigphilun
1635 2783 1651 2811 ‚

1325 2831 1502 2867 servus
1520 2852 1533 2875 ,
1573 2831 1671 2879 quo
1710 2816 1885 2868 Cicero
1931 2832 2056 2867 usus
2100 2826 2174 2868 est
2207 2820 2262 2869 in

1322 2885 1616 3004 ῗιεῐὸιῖεῐὲᾱα
1630 2885 1939 2936 bibliotheca
1951 2901 2063 2947 sua,
2077 2887 2142 2936 ad
2157 2887 2261 2937 Att.

1370 2990 1385 3016 9
1485 2990 1500 3014 2
1568 2988 1581 3003 ”

1723 2748 2002 2812 glutinator
2014 2784 2029 2812 ,
2103 2750 2264 2799 Attici

251 3030 357 3070 tum
394 3031 443 3072 et
482 3021 664 3069 mentis
700 3020 838 3081 acie,
878 3036 976 3082 qua
1010 3036 1180 3070 verum
1250 3019 1413 3073 Mens
1437 3022 1549 3073 dea.
1621 3024 1746 3073 Eius
1776 3023 1938 3073 cultus
1989 3024 2051 3074 de
2074 3024 2173 3087 leg.
2205 3026 2257 3086 2,

252 3098 564 3149 cerneretur,
600 3088 761 3139 Acad.
785 3102 861 3153 pr.
877 3085 934 3150 2,
952 3090 1040 3148 42,
1062 3088 1177 3141 129.

180 3154 540 3209 Menedemus
573 3157 904 3208 Atheniensis
924 3194 940 3222 ,
990 3157 1178 3221 rhetor,

252 3229 316 3274 ‹le
337 3236 461 3276 orat.
487 3227 534 3287 1,
557 3228 639 3285 19,
660 3226 744 3279 85.

180 3290 573 3359 Menedemus,
614 3294 888 3345 Graeculus
927 3298 1181 3359 nequissi-

248 3378 390 3424 mus,
444 3364 650 3413 civitate
688 3364 903 3413 donatus
926 3401 941 3428 ‚
992 3363 1181 3428 hospes

250 3430 509 3490 Caesaris,
538 3433 701 3481 securi
722 3446 996 3497 percussus
1014 3468 1029 3491 ,
1060 3432 1180 3481 Phi-

1320 3090 1372 3154 8,
1397 3090 1480 3143 19.
1539 3092 1612 3141 lb.
1637 3094 1687 3152 2,
1729 3092 1811 3152 11,
1849 3092 1935 3145 28.
1973 3118 2043 3129 —
2083 3092 2259 3156 Fides,

1321 3160 1490 3225 Mens,
1526 3176 1653 3223 quas
1686 3161 1738 3209 in
1777 3159 2024 3225 Capitolio
2051 3160 2256 3211 dedieaae

1318 3229 1392 3277 vit
1416 3230 1482 3278 M.
1498 3229 1747 3279 Aemilius
1765 3228 2004 3290 Scaurus,
2043 3230 2106 3279 de
2123 3242 2177 3282 n.
2201 3228 2253 3281 d.

1319 3298 1373 3357 2,
1395 3296 1480 3360 23,
1499 3296 1585 3349 61.
1624 3298 1698 3349 lb.
1714 3296 1765 3357 3,
1791 3296 1872 3358 18,
1891 3299 1977 3347 47.

1249 3364 1490 3415 Mentor.
1530 3366 1735 3417 Homeri
1754 3364 1844 3415 illa
1854 3366 2080 3415 Minerva
2099 3367 2256 3415 simu·

1321 3433 1424 3480 lata
1443 3433 1673 3497 Mentori,
1713 3434 1780 3482 ad
1796 3436 1898 3483 Att.
1921 3435 1972 3494 9,
1994 3433 2045 3494 8,
2064 3435 2113 3483 2.
