2500 3850
347 226 468 287 364
859 238 922 283 L.
950 234 1226 284 sns‘rms
1254 256 1333 265 —-
1358 235 1418 280 P.
1446 231 1723 281 sns‘rms
1748 231 1812 281 L.
1842 230 1906 278 Β.

408 392 496 441 Cn.
530 391 761 456 Pompeii
790 391 856 441 ad
889 390 1122 440 mandata
1141 390 1197 441 C.
1226 388 1351 439 Cae-

409 461 540 510 saris
556 498 569 523 ,
591 462 658 510 ad
677 461 780 511 Att.
805 461 855 525 7,
881 461 962 515 17,
984 460 1036 509 2.

337 528 401 581 L.
435 527 653 579 Sestius
684 537 829 593 pater
858 530 913 578 P.
938 526 1118 586 scetii,
1153 542 1183 575 a
1210 525 1352 575 Cice·

410 613 531 647 rone
561 598 776 648 defensi.
797 623 864 634 —
897 596 1149 646 Tribunus
1172 594 1242 660 pl.
1276 594 1351 643 fa·

409 676 520 717 ctus
541 668 712 717 omisit
733 675 958 716 caeteros
977 666 1222 721 honores,
1257 677 1350 728 pro

410 736 540 786 Sest.
565 737 616 797 3,
639 736 686 784 7.

329 804 402 855 ἰ.
435 802 688 867 Sestius,
726 804 859 853 filius
888 804 943 854 P.
982 802 1168 862 Sestii,
1201 816 1265 851 ex
1298 800 1351 850 C.

411 874 605 922 Albinii
624 873 753 932 fitia,
776 872 842 921 ad
861 871 984 926 fam.
1010 870 1094 934 13,
1117 870 1168 931 8,
1198 870 1242 920 1.
1284 870 1349 921 V.

408 941 473 992 P
503 940 740 993 Sestius.

339 1008 401 1059 L.
445 1008 661 1061 Sestius
703 1010 909 1060 Pansa.
969 1009 1093 1057 Eius
1125 962 1355 1072 postula-

407 1080 532 1127 tioni
560 1079 742 1128 restitit
764 1078 824 1137 Q.
857 1077 1059 1139 Cicero,
1085 1090 1178 1141 pro
1205 1090 1351 1141 prae-

405 1153 514 1195 tore
540 1148 691 1195 Asiae
711 1161 758 1195 a.
787 1161 834 1195 u.
869 1162 914 1195 c.
939 1144 1057 1197 700.
1076 1182 1092 1210 ,
1116 1146 1181 1194 ad
1202 1142 1261 1203 Q.
1287 1143 1349 1192 fr.

407 1217 458 1271 2,
480 1214 514 1265 9
539 1211 679 1277 (11),
701 1216 752 1269 2.

337 1281 403 1333 Ρ.
427 1280 647 1334 Sestius
678 1282 742 1333 L.
774 1280 868 1345 R,
906 1281 1201 1331 adolescens
1222 1281 1353 1345 opti-

409 1368 550 1416 mnS,
593 1353 644 1401 in
679 1352 824 1403 Catil.
870 1351 926 1409 l,
966 1349 1032 1411 8,
1069 1350 1156 1399 21.
1203 1348 1261 1399 L.
1296 1348 1349 1397 F.

411 1422 477 1471 ad
499 1421 621 1472 fam.
641 1421 702 1484 5,
736 1421 787 1472 6.
810 1448 875 1455 --
896 1420 1024 1470 Eum
1057 1417 1229 1468 Cicero
1264 1418 1353 1467 de-

409 1490 594 1552 fendit,
626 1504 716 1553 pro
740 1490 870 1540 Sest.
895 1488 943 1548 1,
974 1488 1001 1539 1
1025 1503 1137 1551 sqq.
1162 1514 1227 1523 -
1254 1485 1352 1535 Ge-

409 1554 498 1607 ner
519 1558 572 1607 C.
601 1560 788 1607 Albinii
809 1564 857 1607 et
879 1566 1058 1622 postea
1077 1555 1132 1605 L.
1157 1554 1353 1621 Scipio-

411 1629 488 1675 nis
517 1626 724 1677 Asiatici
748 1641 853 1678 cos,
875 1640 924 1674 a.
945 1642 998 1675 u.
1021 1642 1065 1678 c.
1085 1624 1205 1675 671.
1222 1661 1236 1686 ,
1259 1638 1351 1689 pro

410 1693 540 1746 Sest.
567 1693 615 1745 3.
640 1696 722 1757 SS.
746 1695 780 1746 6
801 1705 848 1744 et
869 1695 919 1745 7.
943 1718 1008 1729 --
1029 1695 1277 1753 Quaestor
1297 1692 1352 1742 C.

407 1763 615 1811 Antonii
646 1777 749 1813 cos.
771 1778 819 1816 a.
847 1778 898 1811 u.
921 1778 967 1815 c.
1003 1762 1125 1814 691.
1156 1760 1224 1809 Μ.
1248 1762 1353 1810 Au-

409 1830 579 1879 lannm
619 1838 666 1880 et
700 1833 754 1883 C.
784 1830 1076 1880 Marcellum
1112 1830 1353 1881 Catilina·

406 1902 511 1950 rios
532 1899 706 1966 Capua
725 1901 891 1962 eiecit,
914 1900 990 1954 Ib.
1015 1901 1067 1962 4,
1088 1900 1139 1952 9.
1165 1927 1231 1937 -
1252 1900 1353 1950 Ro-

407 1985 540 2020 mam
583 1973 860 2022 arcessitus
897 1983 926 2018 a
965 1968 1234 2033 Cicerone,
1276 1971 1349 2019 lb.

408 2042 465 2103 4,
504 2040 588 2090 11.
623 2061 690 2076 -α-
711 2041 834 2090 Eius
869 2039 1092 2089 adventu
1124 2037 1352 2101 reliquae

409 2109 768 2158 coniurationis
806 2109 1027 2171 impetus
1065 2115 1113 2156 et
1143 2113 1352 2156 conatus

409 2182 524 2223 sunt
543 2176 798 2238 retardati,
820 2176 892 2224 lb.
915 2175 967 2237 5,
994 2174 1354 2224 11.'-—Postea

409 2258 522 2292 cum
557 2257 650 2291 suo
687 2245 908 2292 exercitu
943 2257 1143 2292 summa
1175 2243 1353 2294 celeri-

407 2319 511 2360 tate
541 2319 617 2361 est
645 2309 700 2362 G.
731 2312 1002 2362 Antonium
1033 2319 1351 2371 consecutuS,

411 2381 557 2443 eique
589 2379 822 2430 stimulos
863 2381 1114 2438 admovit,
1152 2382 1354 2431 adiutor

408 2452 476 2500 M.
494 2450 696 2511 Petreii,
719 2451 792 2501 lb.
815 2453 866 2514 5,
889 2451 972 2502 12.
993 2477 1064 2488 --
1080 2451 1175 2500 Pro
1197 2465 1354 2515 quae-

409 2528 544 2569 store
565 2519 662 2568 fnit
689 2521 738 2568 in
775 2519 1090 2570 Macedonia.
1121 2519 1244 2568 Eius
1276 2521 1354 2568 in-

407 2590 617 2652 tegritas
636 2627 649 2647 ,
674 2590 746 2638 Ib.
771 2589 822 2647 5,
850 2589 930 2640 13.
953 2616 1019 2631 -ν
1043 2589 1165 2638 Eius
1188 2589 1353 2637 tribu-

409 2666 557 2704 natus
579 2670 625 2702 a.
649 2671 698 2704 u.
721 2673 763 2706 c.
785 2656 907 2710 697.
929 2658 1040 2716 ‚1b.
1065 2658 1122 2716 6,
1150 2657 1214 2707 14
1235 2673 1349 2719 sqq.

410 2751 474 2760 --
495 2723 744 2774 Tribunus
767 2726 1062 2789 designatus
1095 2725 1187 2772 iter
1205 2727 1271 2774 ad.
1294 2725 1348 2775 C.

412 2791 676 2838 Caesarem
733 2808 823 2855 pro
881 2793 1135 2842 Ciceronis
1189 2794 1353 2844 salute

410 2859 659 2921 suscepit.
692 2860 765 2907 Ib.
787 2859 854 2910 33
869 2896 884 2919 ‚
908 2860 991 2912 71.
1011 2859 1080 2896 ’·-
1098 2860 1354 2911 Tribunus

408 2927 480 2994 pl.
519 2927 752 2976 concisus
795 2927 1029 2992 plurimis
1060 2929 1355 2982 vulneribus

413 2999 474 3048 ab
505 2997 672 3062 operis
707 2995 989 3060 ClodianiS,
1025 2998 1100 3048 Ib.
1135 2996 1230 3063 37,
1268 2999 1353 3053 79.

413 3094 476 3103 —-
491 3066 747 3116 Ciceronis
770 3066 967 3130 salutis,
982 3067 1216 3132 publicae
1240 3084 1356 3117 cau-

413 3151 500 3186 sae
520 3135 772 3200 defensor,
796 3145 1166 3205 propugnator,
1194 3146 1353 3197 actor,

415 3205 487 3254 lb.
503 3203 589 3262 69,
613 3205 730 3257 144.
745 3209 880 3257 -Ρ,
904 3204 1100 3258 Sestius
1120 3213 1357 3270 quaestor

413 3273 604 3320 cunctis
625 3273 884 3341 suffragiis
905 3275 1087 3336 factus,
1110 3275 1160 3324 in
1182 3275 1353 3324 Vatin.

416 3339 562 3401 511.
581 3341 714 3389 -In
730 3358 784 3390 re
800 3343 940 3408 publ.
954 3343 1357 3394 administranda

414 3407 472 3452 T.
489 3407 1039 3464 AnnioMilonicutnP
1058 3411 1221 3460 Sestio
1236 3425 1356 3459 cou-

415 3471 645 3523 siliorum
677 3477 842 3525 omnis
869 3479 1088 3528 societas
1119 3477 1240 3537 fuit,
1279 3479 1351 3528 lb.

1492 388 1576 448 17,
1596 387 1681 437 41.
1705 413 1772 422 -
1790 386 1846 437 Ρ.
1872 382 2069 435 Sestius
2088 385 2148 434 L.
2172 384 2233 433 F.
2260 384 2322 435 C.
2356 387 2426 435 An

1490 455 1614 506 tonii
1649 467 1741 521 pro
1764 462 2031 517 quaestore
2060 454 2110 503 in
2146 454 2451 503 Macedonia

1492 540 1539 574 a.
1559 542 1613 575 u.
1642 540 1687 575 c.
1712 523 1831 574 692.
1874 524 1935 573 Εἰ
1966 521 2145 572 Cicero
2176 523 2371 571 scribit
2402 538 2450 571 se

1494 593 1767 659 diligenter
1784 593 1952 657 egisse
1982 593 2030 640 in
2054 600 2273 653 senatu,
2310 606 2381 641 ne
2409 593 2453 639 ei

1491 662 1857 719 succederetur,
1879 662 1947 711 ad
1966 660 2087 711 fam.
2102 660 2222 717 5‚6.
2240 686 2314 695 -
2330 660 2453 709 Eius

1491 745 1623 781 uxor
1643 729 1901 788 Cornelia,
1925 729 1996 779 Ib.
2023 730 2117 790 17,
2158 729 2208 777 1.
2239 754 2301 764 -
2330 729 2454 777 Eius

1492 800 1764 866 promissa,
1784 800 1849 849 ad
1871 802 1975 847 Att.
1996 796 2046 858 3,
2073 797 2154 859 19,
2171 799 2228 846 2.
2242 822 2319 833 —-
2336 798 2456 846 Eius

1492 871 1689 934 rogatio
1720 868 1784 917 de
1804 866 2095 933 abroganda
2119 866 2237 931 lege
2268 865 2457 916 Clodia

1492 952 1656 1002 neque
1694 937 1959 1001 dignitatis
1996 938 2120 985 satis
2159 936 2321 985 habet
2357 951 2453 985 nec

1494 1006 1770 1065 cautioniS,
1807 1006 1925 1068 quia
1961 1013 2011 1056 et
2046 1006 2351 1055 nominatim
2390 1006 2455 1054 de

1494 1074 1737 1126 Cicerone
1786 1074 1917 1124 ferre
1963 1074 2230 1137 oportebat
2280 1082 2333 1123 et
2388 1074 2451 1123 de

1490 1144 1637 1194 bonis
1678 1142 1907 1194 Ciceroni
1950 1142 2281 1192 restituendis
2327 1143 2452 1191 dili-

1490 1214 1693 1278 gentins
1732 1211 1919 1277 scribi,
1956 1212 2031 1260 Ib.
2066 1210 2127 1272 3,
2158 1212 2257 1269 20,
2295 1210 2347 1262 3.
2383 1238 2453 1246 -

1490 1282 1612 1331 Eius
1644 1282 1727 1333 lex
1752 1281 1979 1332 Ciceroni
2004 1294 2103 1330 non
2128 1279 2327 1344 placet,
2374 1282 2449 1330 I'n.

1492 1350 1540 1412 3,
1564 1350 1649 1411 23,
1672 1348 2107 1405 4.—-Ciceronem
2126 1348 2453 1412 Pomponius

1492 1428 1540 1467 et
1568 1418 1767 1469 Sestius
1802 1426 1851 1468 et
1887 1416 2003 1467 Piso
2040 1417 2451 1467 Thessalonicae

1492 1490 1832 1553 retinuerunt,
1863 1502 1910 1535 a.
1938 1502 1990 1539 u.
2026 1502 2071 1539 c.
2094 1485 2214 1537 695.
2236 1522 2253 1548 ,
2287 1487 2357 1535 ad
2380 1486 2443 1543 Q.

1490 1556 1554 1607 fr.
1584 1558 1697 1618 1‚4‚
1720 1560 1769 1608 2.
1786 1556 1944 1604 —De
1966 1556 2113 1605 novis
2130 1556 2346 1605 tribunis
2368 1555 2445 1619 pl.

1493 1634 1568 1675 est
1614 1627 1666 1674 in
1706 1626 1997 1676 Ciceronem
2032 1623 2449 1673 officiosissimus

1494 1694 1721 1753 Sestius,
1760 1694 1833 1743 Ib.
1864 1695 1914 1757 5.
1948 1692 1999 1745 3.
2031 1700 2079 1743 et
2106 1693 2155 1743 5.
2184 1692 2328 1740 —P.
2352 1690 2449 1740 Se-

1492 1765 1619 1812 stius
1641 1778 1689 1816 a.
1712 1778 1764 1813 u.
1796 1778 1839 1815 c.
1876 1760 1996 1812 697.
2028 1762 2177 1822 furit,
2215 1761 2356 1824 quod
2392 1763 2445 1808 in

1494 1840 1698 1895 senatu,
1720 1845 1885 1894 -quum
1921 1830 1985 1881 de
2014 1831 2235 1881 comitiis
2275 1830 2451 1879 Clodii

1492 1900 1743 1950 aediliciis
1779 1907 2043 1964 ageretur,
2086 1898 2323 1950 Metellus
2360 1914 2449 1948 ca-

1494 1969 1685 2020 lumnia
1717 1970 1916 2019 dicendi
1945 1976 2147 2034 tempus
2178 1969 2447 2032 eximeret,

1492 2039 1895 2104 proscripsitque
1912 2075 1925 2095 ,
1980 2039 2025 2087 si
2078 2040 2180 2086 ista
2233 2040 2449 2089 comitia

1493 2108 1643 2166 fiant,
1672 2123 1728 2157 se
1757 2123 1847 2172 per
1865 2121 2039 2156 omnes
2071 2107 2185 2156 dies
2213 2108 2448 2156 comitia-

1496 2177 1569 2226 les
1602 2178 1663 2226 de
1692 2175 1830 2226 caelo
1854 2183 2199 2240 servaturum,
2241 2175 2309 2226 ad
2338 2175 2442 2224 Att.

1492 2248 1555 2311 4,
1578 2245 1641 2306 3,
1675 2245 1726 2296 3.
1748 2273 1813 2282 —
1840 2246 1894 2297 P.
1923 2243 2123 2294 Sestius
2145 2247 2443 2294 vulneratus

1493 2316 1543 2364 in
1564 2315 1711 2364 turba
1731 2330 1759 2362 a
1782 2316 1837 2364 P.
1863 2311 2041 2363 Clodio
2060 2314 2328 2373 concitata,
2350 2328 2442 2377 pro

1496 2384 1599 2433 Mil.
1628 2385 1690 2434 14
1707 2421 1719 2443 ‚
1744 2380 1825 2433 38.
1850 2408 1916 2417 —
1938 2381 2308 2446 Amplissimae
2333 2382 2443 2429 eius

1494 2452 1671 2503 laudes
1704 2457 1909 2516 propter
1941 2452 2120 2500 merita
2157 2452 2209 2500 in
2242 2451 2442 2502 Cicero-

1494 2537 1607 2572 nem
1630 2521 1887 2580 exsulem,
1915 2527 2028 2584 post
2049 2519 2159 2568 red.
2184 2520 2236 2567 in
2256 2534 2363 2568 sen.
2386 2519 2439 2572 8.

1492 2591 1577 2641 20.
1618 2591 1692 2644 Ib.
1718 2590 1797 2654 12,
1821 2588 1905 2640 30.
1939 2595 2060 2653 post
2077 2591 2189 2637 red.
2212 2589 2280 2637 ad
2300 2587 2439 2646 Quir.

1491 2661 1555 2720 6,
1588 2659 1670 2711 15.
1699 2687 1769 2695 -
1789 2661 1849 2705 Α.
1877 2658 1927 2706 d.
1960 2657 2151 2708 1V.1d.
2188 2657 2337 2704 Febr.
2363 2656 2435 2720 (a.

1492 2744 1543 2777 u.
1581 2743 1625 2781 c.
1658 2725 1805 2791 698.)
1839 2725 2033 2776 Sestius
2068 2725 2131 2773 ab
2157 2725 2327 2773 indice
2350 2724 2441 2773 Cn.

1494 2796 1671 2860 Nerio,
1694 2795 1935 2861 Pupinia,
1959 2794 2020 2843 de
2040 2794 2231 2842 ambitu
2256 2801 2331 2841 est
2352 2807 2440 2856 po-

1495 2865 1735 2914 stulatus:
1776 2871 1824 2913 et
1848 2865 2024 2914 eodem
2048 2861 2132 2912 die
2166 2877 2197 2910 a
2217 2863 2437 2922 quodam

1494 2933 1559 2982 M.
1591 2934 1755 2982 Tullio
1779 2933 1841 2984 de
1859 2934 1929 2984 vi.
1951 2933 2000 2980 Is
2019 2939 2124 2980 erat
2146 2945 2321 2994 aeger.
2343 2929 2438 2978 Do-

1497 3019 1633 3052 mum
1664 3002 1730 3052 ad
1760 3017 1873 3051 eum
1906 3000 2076 3051 statim
2095 3000 2235 3048 venit
2266 2998 2437 3049 Cicero

1494 3072 1642 3134 eique
1670 3086 1725 3120 se
1746 3077 1903 3120 totum
1922 3069 2350 3133 tradidit,‘idque
2370 3067 2439 3116 fe-

1497 3141 1565 3189 eit
1602 3146 1803 3205 praeter
1835 3138 2091 3189 hominum
2130 3139 2437 3202 opinionem,

1496 3209 1583 3271 qui
1605 3223 1718 3259 eum
1740 3205 1819 3256 illi
1842 3209 1951 3256 iure
1976 3221 2271 3256 suscensere
2294 3214 2435 3270 puta-

1496 3279 1613 3326 bant
1629 3316 1643 3338 ,
1678 3277 1744 3326 ad
1763 3275 1820 3334 Q.
1846 3276 1913 3327 fr.
1934 3278 1983 3336 2,
2006 3274 2057 3334 3,
2079 3275 2129 3324 5.
2156 3301 2217 3312 -
2243 3274 2435 3324 Sestius

1496 3346 1759 3394 absolutus
1784 3351 1860 3393 est
1884 3359 1930 3391 a.
1954 3344 2005 3392 d.
2028 3343 2090 3390 V.
2112 3343 2185 3391 m.
2207 3343 2352 3395 Mart.
2371 3349 2433 3399 et,

1496 3414 1633 3474 qnod
1648 3412 1976 3462 vehementer
2000 3411 2231 3461 interfuit
2255 3413 2328 3461 rei
2344 3427 2434 3476 pu·

1498 3479 1677 3541 blicae,
1696 3479 1887 3530 nullam
1915 3481 2073 3530 videri
2092 3481 2139 3528 in
2165 3481 2277 3529 eius
2302 3479 2434 3531 modi
