2500 3850
770 210 1147 258 iuvnnrms
1176 233 1262 244 --
1291 211 1700 266 KARTHAGO.
2159 201 2286 264 205

258 370 430 419 dicum
475 365 753 430 disciplina
775 403 788 426 ,
842 381 935 430 pro
974 365 1204 417 Cluentio

190 474 533 570 (Iuve’ntius)
556 503 785 554 Thalna
800 540 815 568 ,
854 505 919 554 de
939 506 1129 555 incerto
1152 519 1201 558 a.

260 593 310 625 u.
335 591 377 624 c.
397 573 543 632 693..
580 575 736 623 iudex
755 580 1021 638 corruptus
1044 575 1094 620 in
1127 575 1205 623 iu-

263 645 397 694 dicio
420 642 696 704 ClodianO,
724 644 791 692 ad
812 647 914 691 Att.
942 643 997 701 1,
1028 641 1117 703 16,
1146 641 1199 696 6.

192 709 532 779 (Iuventius)
555 709 803 774 Thalna,
831 711 1101 762 familiaris
1120 711 1203 760 Ci-

260 782 459 831 ceronis
478 817 491 837 ,
514 781 578 830 ad
597 781 702 830 Au.
728 780 791 831 13
810 815 823 842 ,
846 779 941 840 29,
966 779 1013 829 1.
1033 807 1103 816 —
1124 781 1199 830 lb.

263 850 327 901 16
342 888 357 916 ,
380 850 442 910 6,
468 849 516 898 1.

188 1036 353 1103 Kana
400 1052 508 1100 sive
550 1049 737 1114 Cana,
788 1051 897 1101 filia
942 1053 1001 1111 Q.
1052 1051 1201 1102 Gellii

259 1123 418 1180 Kani,
458 1135 609 1183 quam
632 1122 689 1178 Q.
713 1121 944 1170 Ciceroni
968 1120 1075 1170 filio
1098 1121 1199 1171 col-

258 1191 430 1242 locare
460 1190 777 1254 cogitabant,
815 1193 861 1240 si
882 1192 929 1240 ei
958 1191 1197 1255 placeret,

260 1261 330 1316 ad
350 1260 453 1311 Att.
479 1258 572 1316 13,
604 1259 669 1310 41
686 1295 701 1322 ,
723 1259 771 1308 1.

187 1328 295 1396 (Q.
322 1324 573 1390 Gellius)
608 1325 832 1391 Kanus,
870 1330 937 1378 ad.
970 1329 1073 1378 Att.
1114 1329 1195 1394 13,

258 1397 349 1458 31,
372 1401 423 1448 4.
465 1398 531 1446 ad.
550 1398 657 1446 Att.
681 1396 761 1461 15,
784 1397 871 1454 21,
892 1399 943 1458 2.

185 1466 470 1534 Kartago,
511 1465 631 1515 olim
653 1467 1068 1530 pronunciatum,
1108 1467 1195 1518 Or.

186 1602 720 1672 Karthaginienses.
751 1603 817 1654 V.
836 1601 1021 1656 Sardi.
1042 1630 1112 1640 —
1132 1604 1196 1654 de

258 1677 364 1724 inv.
383 1673 526 1738 1,19,
540 1676 623 1725 27.
650 1673 719 1722 lb.
738 1673 785 1732 1,
800 1672 1198 1736 39,71.—Per-

152 1805 161 1812 η
260 1745 462 1802 fidiosi,
506 1744 573 1794 ad
606 1743 722 1794 Her.
766 1745 829 1806 4,
868 1742 964 1804 14,
1002 1740 1087 1794 20.
1128 1769 1201 1782 --

259 1813 593 1864 Fraudulenti
626 1818 675 1860 et
694 1812 966 1862 mendaces
986 1825 1083 1861 non
1106 1827 1197 1878 ge-

259 1898 408 1945 nere,
462 1883 557 1931 sed
598 1889 778 1933 natura
822 1879 949 1941 loci,
983 1880 1045 1931 de
1084 1881 1199 1948 lege

257 1968 369 2017 agr.
388 1953 441 2011 2,
471 1950 557 2013 38,
588 1950 673 2004 95.
718 1979 783 1987 -
822 1952 1081 2001 Himeram
1111 1953 1200 2002 de-

258 2024 519 2082 leverunt,
563 2021 711 2073 Verr.
746 2030 973 2071 accusat.
1004 2022 1069 2082 2,
1111 2021 1198 2081 35,

256 2092 347 2145 86,
371 2118 437 2127 —-
458 2090 767 2139 Deleverunt
786 2088 1047 2156 Segestam
1068 2126 1083 2153 ,
1122 2091 1196 2144 Ib.

260 2163 324 2220 4,
359 2160 457 2219 33,
500 2160 585 2209 72.
620 2188 689 2199 --
730 2158 1199 2225 Karthaginienses,

257 2230 429 2279 homin
438 2245 491 2279 es
505 2230 557 2277 in
570 2229 835 2279 maritimis
847 2228 999 2280 rebus
1012 2230 1203 2278 exerci-

258 2300 543 2353 tatissimos
568 2299 1023 2363 paratissimosque
1042 2299 1205 2349 omni-

260 2370 357 2418 bus
380 2368 649 2417 navalibus
666 2368 855 2433 pugnis
868 2367 1116 2417 Romanis
1129 2368 1205 2417 vi-

261 2445 467 2498 cerunt,
510 2437 573 2487 de
614 2438 738 2501 imp.
776 2435 867 2490 Gn.
903 2438 1081 2501 Pomp.
1118 2435 1201 2498 18,

260 2508 345 2558 55.
374 2532 440 2543 —
472 2506 976 2573 Karthaginiensium
1012 2505 1204 2555 classes

261 2590 537 2639 numquam
570 2578 619 2624 in
639 2584 842 2641 portum
861 2574 1204 2641 Syracusano-

260 2660 375 2695 rum
411 2652 676 2709 penetrare
712 2652 1016 2711 potuerunt,
1056 2646 1201 2693 Verr.

260 2720 483 2767 accu.sat
521 2714 581 2777 5,
606 2712 703 2773 37,
723 2712 809 2765 97.
834 2741 900 2749 —
931 2712 1203 2783 Karthagi-

259 2783 467 2832 nienses
501 2782 645 2833 multi
676 2783 868 2833 Romae
898 2784 1199 2845 servierunt,

258 2851 470 2905 Tuseul.
493 2851 555 2913 3,
580 2854 677 2913 22,
705 2851 793 2905 53.

191 2918 494 3001 Karthago
512 2957 527 2984 ,
550 2921 655 2970 filia
672 2920 903 2972 Herculis
921 2922 1103 2985 quarti,
1127 2922 1203 2971 Io-

260 2991 342 3039 vis
364 2998 411 3039 et
432 2991 663 3041 Asteriae
688 2990 809 3051 filii,
850 2992 937 3053 qui
955 2991 1076 3056 Tyri
1097 3006 1206 3040 ma-

260 3060 399 3108 xime
421 3060 633 3121 colitur,
674 3060 811 3113 den.
848 3060 900 3113 d.
932 3059 984 3125 3,
1009 3059 1093 3119 16,
1112 3061 1201 3113 42.

192 3124 492 3195 Karthago
527 3126 690 3179 Roma
717 3129 941 3192 quinque
976 3136 1027 3179 et
1055 3144 1205 3179 sexa-

261 3198 405 3261 ginta
432 3198 579 3247 annis
608 3198 894 3261 antiquior,
935 3198 1072 3260 quod
1100 3204 1207 3247 erat

261 3266 506 3315 XXXIX.
550 3273 665 3316 ante
703 3267 920 3333 primam
947 3266 1208 3331 Olympia-

1347 370 1458 417 sine
1478 367 1706 432 consiliis
1739 374 1788 416 et
1809 367 2108 434 disciplina,
2143 371 2206 420 de
2241 387 2283 422 r.

1349 453 1401 502 p.
1429 437 1478 489 1.
1519 435 1702 518 fragm.
1729 452 1779 489 n.
1799 437 1850 490 2.
1871 464 1945 476 --
1972 441 2282 522 Praepotens

1346 514 1478 555 terra
1494 507 1721 568 marique
1743 506 1999 572 Karthago
2015 510 2137 558 nixa
2155 509 2283 558 dua·

1347 575 1446 624 bus
1475 575 1739 639 Hispaniis
1775 575 1896 626 huic
1935 578 2151 641 imperio
2185 579 2282 626 im-

1346 645 1598 707 minebat,
1635 658 1729 707 pro
1759 644 1917 696 Balbo
1948 646 2046 704 15,
2089 643 2174 697 34.
2217 673 2281 682 -

1345 713 1654 762 Memoratur
1681 713 1748 762 ad
1765 713 1884 767 Her.
1923 712 1986 774 3,
2015 715 2080 776 2,
2110 715 2162 764 2.
2220 715 2283 764 de

1342 783 1448 832 inv.
1474 783 1520 842 l,
1536 781 1587 841 8,
1613 781 1694 831 11.
1708 808 1775 818 -
1793 783 2152 834 Deliberabant
2170 783 2283 833 rhe-

1341 858 1506 914 toreS,
1541 859 1722 900 utrum
1761 851 2020 918 Karthago
2057 851 2285 905 diruere·

1342 928 1424 968 tur
1489 935 1556 970 an
1607 919 2116 986 Karthaginiensibus
2169 922 2283 971 red-

1343 988 1544 1039 deretur
1571 1002 1636 1036 an
1676 1004 1736 1039 eo
1773 991 1976 1042 colonia
2006 991 2282 1041 deducere-

1341 1066 1440 1118 tur,
1479 1057 1542 1106 de
1567 1057 1672 1107 inv.
1701 1059 1762 1121 1,
1797 1059 1888 1119 12,
1929 1061 2011 1114 17.
2051 1086 2120 1096 —-
2155 1059 2282 1109 Kar-

1338 1126 1496 1190 thago
1528 1125 1697 1176 deleta
1728 1134 1803 1176 est
1833 1143 1988 1192 quum
2017 1127 2282 1179 hominum

1341 1195 1502 1260 copiis
1536 1202 1642 1245 tum
1679 1197 1791 1261 ipsa
1827 1207 2009 1247 natura
2051 1212 2110 1247 ac
2148 1198 2279 1258 loco,

1341 1265 1602 1314 succincta
1626 1267 1909 1328 portubus,
1947 1275 2139 1316 armata
2169 1282 2282 1316 mn-

1339 1335 1414 1384 ris
1436 1348 1704 1382 excurrere
1723 1349 1787 1382 ex
1806 1336 1997 1392 Africa,
2016 1335 2282 1384 imminere

1288 1438 1292 1442 -
1337 1402 1538 1461 Italiae,
1576 1402 1802 1450 minitari
1843 1403 2270 1452 fructuosissimis

1339 1471 1524 1520 insulis
1558 1470 1740 1534 populi
1760 1469 1976 1520 Romani
1997 1471 2282 1534 videbatur,

1342 1541 1405 1592 de
1426 1541 1540 1604 lege
1569 1553 1680 1604 agr.
1705 1540 1737 1588 2
1755 1537 1886 1601 „32,
1913 1538 1998 1590 87.
2027 1564 2094 1574 —
2131 1537 2284 1588 Nulla

1337 1623 1421 1659 res
1468 1610 1633 1674 magis
1687 1607 2042 1660 labefactatam
2099 1608 2186 1658 diu
2235 1617 2286 1656 et

1337 1677 1702 1742 Karthaginem
1739 1686 1788 1727 et
1823 1677 2119 1728 Corinthum
2165 1692 2283 1742 per-

1339 1746 1491 1799 vertit
1524 1745 1832 1828 aliqnando,
1873 1761 2026 1811 quam
2057 1762 2195 1797 error
2223 1761 2282 1796 ac

1341 1816 1614 1880 dissipatio
1675 1817 1896 1878 civium,
1957 1817 2094 1881 quod
2151 1831 2287 1884 mer

1341 1887 1490 1937 candi
1519 1884 1798 1951 cupiditate
1841 1894 1892 1938 et
1923 1885 2201 1951 navigandi
2235 1894 2285 1935 et

1341 1970 1578 2021 agrorum
1607 1968 1658 2011 et
1682 1971 1936 2007 armorum
1956 1956 2146 2006 cultum
2169 1954 2285 2004 reli-

1342 2031 1558 2088 querant
1621 2026 1684 2074 de
1710 2040 1755 2075 r.
1778 2042 1832 2091 p.
1853 2028 1903 2092 2,
1921 2028 1974 2087 4,
1997 2028 2047 2078 7.
2070 2024 2284 2072 —Kar—

1340 2094 1466 2159 thag
1470 2110 1498 2143 o
1532 2058 1903 2146 Hasdrubalis
1894 2094 2049 2160 culpa
2086 2107 2281 2153 eversa,

1345 2162 1482 2213 den.
1505 2163 1556 2215 d.
1580 2163 1644 2222 3,
1667 2162 1762 2226 38,
1792 2162 1880 2215 91.
1917 2189 1988 2202 —
2025 2162 2282 2227 Karthago

1347 2231 1562 2283 deletaa
1583 2230 1844 2297 Scipione,
1883 2234 1950 2283 ad
1967 2234 2084 2283 Her.
2113 2234 2164 2297 4,
2201 2202 2284 2289 1⁰3,

1347 2299 1432 2355 19.
1479 2302 1555 2353 Ib.
1572 2303 1636 2363 4,
1659 2300 1744 2367 33,
1763 2304 1850 2357 43.
1874 2328 1942 2339 —
1971 2301 2116 2351 Dolis
2136 2300 2282 2349 mali-

1347 2372 1482 2420 tiosa
1497 2406 1513 2433 ,
1551 2369 1626 2418 lb.
1653 2372 1706 2431 4,
1725 2370 1810 2431 53,
1830 2370 1917 2422 66.
1939 2396 2008 2406 --
2025 2368 2284 2433 Karthago

1346 2448 1498 2500 atque
1519 2437 1790 2487 Numantia
1807 2474 1820 2497 ‚
1855 2440 1987 2489 duae
2011 2438 2166 2486 urbes
2193 2452 2286 2500 po-

1344 2506 1688 2571 tentissimae,
1737 2522 1866 2570 quae
1904 2506 2027 2556 huic
2071 2506 2285 2569 imperio

1343 2578 1568 2627 maxime
1587 2575 1949 2625 minitabantur
1962 2612 1977 2636 ,
1998 2589 2027 2623 a
2047 2572 2286 2638 Scipione

1345 2646 1573 2706 deletae,
1611 2646 1673 2695 de
1709 2646 1832 2711 imp.
1864 2644 1952 2696 Gn.
1989 2645 2166 2708 Pomp.
2196 2643 2282 2707 20,

1343 2714 1413 2767 60
1433 2720 1529 2764 etc.
1567 2714 1634 2765 'de
1654 2714 1740 2767 off.
1769 2716 1795 2765 1
1810 2752 1825 2775 ,
1844 2716 1906 2765 11
1926 2750 1943 2780 ,
1963 2714 2046 2767 35.
2073 2740 2134 2750 —-
2155 2712 2279 2763 Kar-

1344 2784 1606 2849 thaginem
1643 2784 1698 2835 P.
1737 2784 2010 2835 Africanus
2045 2784 2287 2835 nudatam

1345 2854 1494 2904 tectis
1539 2868 1600 2903 ac
1632 2856 1898 2906 moenibus
1937 2856 2003 2905 ad
2031 2861 2287 2904 aeternam

1345 2922 1610 2973 hominum
1634 2925 1931 2975 memoriam
1951 2923 2286 2981 consecravit,

1349 2993 1414 3042 de
1449 2992 1564 3058 lege
1585 3008 1693 3058 agr.
1717 2994 1776 3053 1,
1805 2995 1865 3057 2,
1897 2995 1946 3043 5.
2007 2992 2082 3044 ib.
2103 2991 2166 3050 2,
2199 2989 2284 3052 19,

1346 3061 1434 3111 51.
1482 3089 1551 3099 —-
1589 3062 1783 3111 Eversa
1827 3060 2132 3124 Karthagine
2182 3058 2288 3108 Gli-

1345 3130 1608 3180 tomachus
1627 3129 1808 3180 librum
1827 3130 1963 3178 misit
1993 3127 2288 3177 consolandi

1349 3213 1508 3247 causa
1556 3199 1624 3247 ad
1677 3200 1904 3261 captivos
1953 3197 2092 3245 cives
2145 3208 2286 3246 snoS.

1348 3265 1556 3315 Tuscul.
1589 3268 1648 3330 5,
1691 3267 1786 3326 22,
1825 3265 1910 3318 54.

264 3334 381 3385 dem
405 3336 607 3387 condita
623 3372 637 3396 ‚
660 3336 723 3385 de
748 3351 791 3389 r.
816 3350 869 3401 p.
894 3337 927 3385 2
944 3373 959 3401 ,
994 3336 1063 3387 23
1079 3370 1094 3397 ,
1117 3336 1204 3385 42.
1277 3333 1576 3401 Karthago
1597 3349 1746 3393 nova,
1775 3333 1930 3385 hodie
1950 3333 2284 3397 Carthayena.

261 3429 331 3439 —
362 3404 621 3471 Karthago
645 3420 747 3455 non
772 3411 969 3455 tantum
996 3404 1207 3453 habuis-

263 3482 345 3523 set
386 3488 543 3539 opum
586 3480 842 3525 sescentos
890 3473 999 3523 fere
1046 3486 1208 3523 annos

1349 3404 1478 3469 Agri
1503 3404 1553 3451 in
1584 3403 1828 3468 Hispania
1859 3404 1994 3469 apud
2022 3401 2288 3467 Karthagi-

1351 3487 1466 3523 nem
1509 3486 1692 3523 novam
1738 3471 1952 3525 duorum
1989 3470 2290 3539 Scipionum
