2500 3850
138 196 260 260 358

136 368 207 433 Q.
233 363 464 433 Sergius
484 402 496 425 ,
530 370 757 423 senator,
783 364 912 412 inter
932 362 1142 413 sicarios

207 438 502 495 damnatus,
525 448 620 498 pro
640 431 833 486 Cluent.
856 434 907 493 7,
931 432 1017 481 21.

133 503 196 555 Ia.
243 498 476 571 Sergius
520 497 784 552 Catilina.
832 528 891 537 --
931 498 1145 549 Catilina

201 575 282 624 bis
313 571 604 633 absolutus,
639 572 692 619 in
721 571 892 621 Pison.
924 567 1022 629 39,
1051 568 1140 621 95.

203 644 270 691 ad
285 642 389 693 Att.
415 640 462 705 1,
485 640 568 704 15,
591 638 641 689 9.
661 664 732 675 —
751 638 978 687 Africam
997 652 1145 703 prae·

201 723 282 761 tor
315 710 570 762 obtinebat
606 723 653 758 a.
693 723 743 756 u.
791 723 834 757 c.
875 705 993 758 688.
1053 704 1144 755 Se-

205 787 389 845 quente
414 793 544 829 anno
577 792 782 827 causam
816 778 878 826 de
915 777 1144 839 pecuniis

203 849 498 916 repetundis
535 846 684 896 dixit.
746 846 999 910 Deinceps
1048 844 1145 895 fuit

204 933 385 981 annus,
409 932 508 980 quo
522 915 695 970 Cicero
717 914 1032 964 consulatum
1053 928 1145 979 pe-

205 990 344 1049 tivit,
382 985 585 1049 petebat
624 982 840 1032 Catilina
879 998 1011 1041 una,
1050 996 1142 1047 pro

207 1057 341 1106 Cael.
379 1056 439 1113 4,
481 1052 563 1104 10.
603 1078 668 1087 -
699 1053 887 1100 Habuit
926 1051 1145 1101 Catilina

202 1122 456 1191 permulta
510 1120 846 1169 maximarum
899 1134 1001 1169 non
1058 1134 1146 1167 ex-

203 1205 382 1258 pressa
401 1191 550 1255 signa
565 1224 579 1247 ,
611 1190 704 1239 sed
723 1189 1020 1238 adumbrata
1050 1188 1146 1237 vir·

202 1269 383 1311 tutum.
409 1294 420 1307 .
451 1294 464 1308 .
485 1258 791 1323 Flagrabant
819 1257 948 1309 vitia
977 1257 1146 1307 libidi-

205 1332 286 1379 nis
323 1330 462 1395 apud
493 1327 667 1377 illum:
708 1326 954 1393 vigeb‘ant
992 1327 1143 1377 etiam

203 1400 376 1451 studia
391 1399 469 1449 rei
485 1397 718 1447 militaris
737 1404 831 1451 etc.
848 1434 864 1461 ,
887 1398 961 1449 lb.
982 1396 1015 1449 5
1033 1434 1049 1461 ,
1082 1397 1146 1445 12

205 1486 317 1533 sqq.
348 1495 419 1505 —
450 1467 744 1518 Ciceronem
783 1468 952 1530 ipsum
989 1480 1147 1529 quon-

207 1540 324 1588 dam
343 1552 508 1601 paene
526 1537 757 1601 decepit,
787 1536 862 1583 Ib.
885 1534 919 1586 6
936 1572 952 1597 ‚
976 1535 1057 1585 14.
1078 1559 1148 1570 -

205 1606 455 1667 Catilina,
486 1606 534 1655 si
562 1604 842 1654 iudicatum
873 1604 970 1653 erit
997 1604 1147 1653 meri·

205 1677 288 1726 die
305 1689 407 1724 non
425 1672 594 1722 lucere
608 1709 622 1733 ,
647 1679 812 1722 certus
831 1674 928 1723 erit
945 1686 1148 1737 compe-

201 1747 324 1795 titor
341 1741 662 1802 consulatue,
699 1742 765 1790 ad
784 1741 890 1791 Att.
919 1742 977 1801 1,
1009 1742 1066 1800 1,
1095 1740 1142 1789 1.

205 1842 275 1851 -
313 1811 614 1871 Catilinam,
645 1811 1026 1875 competitorem
1055 1821 1145 1857 no·

205 1889 363 1934 strum
381 1916 395 1940 ,
428 1879 703 1932 defendere
731 1881 1045 1946 cogitamus,
1070 1876 1143 1927 Ib.

206 1953 256 2011 1,
277 1953 330 2011 2,
351 1951 401 2000 1.
424 1977 490 1986 --
510 1949 758 2000 Catilinae
777 1947 969 1998 scelera
988 1957 1038 1998 et
1057 1947 1147 1997 ssa-

205 2023 333 2088 gitia
365 2027 722 2069 enumerantur
750 2034 781 2068 a
804 2019 861 2078 Q.
888 2017 1146 2078 Cicerone,

207 2089 271 2138 de
303 2095 409 2153 pet.
448 2103 586 2140 cone.
631 2091 694 2150 2,
729 2087 765 2139 9
793 2103 904 2151 sqq.
937 2087 1146 2135 ——Eius

204 2158 504 2206 amicissimi
535 2172 600 2205 ex
631 2155 772 2206 curia
797 2155 937 2206 Curii
969 2163 1017 2204 et
1041 2155 1147 2203 An-

201 2226 308 2286 nii,
339 2227 403 2276 ab
434 2227 576 2275 atriis
597 2223 818 2290 Sapalae
842 2232 892 2273 et
918 2223 1146 2286 Carvilii,

203 2310 270 2346 ex
281 2295 506 2356 equestri
525 2294 700 2345 ordine
711 2292 951 2359 Pompilii
969 2299 1017 2343 et
1025 2293 1148 2343 Vet-

202 2365 294 2426 tii,
322 2365 400 2416 Ib.
427 2365 460 2418 3
474 2401 488 2426 ,
521 2364 606 2417 10.
627 2391 694 2400 -
710 2363 834 2414 Eius
851 2361 1022 2414 vultus
1042 2370 1148 2413 erat

201 2434 385 2500 plenus
407 2434 620 2499 furoris,
644 2434 779 2485 oculi
797 2432 1020 2496 sceleris,
1043 2448 1147 2482 ser-

143 2507 149 2513 '
205 2519 289 2554 mo
315 2505 646 2571 adrogantiae
663 2506 740 2556 sic
751 2543 766 2568 ,
791 2511 848 2554 ut
866 2506 916 2555 ei
935 2505 1038 2555 iam
1056 2517 1146 2552 ex-

206 2572 438 2638 ploratus
463 2581 512 2624 et
535 2575 674 2625 domi
701 2575 935 2624 conditus
962 2587 1146 2624 consu-

209 2643 340 2692 latus
371 2643 652 2702 videretur,
684 2657 776 2707 pro
796 2643 926 2696 Mur.
949 2644 1048 2703 24,
1077 2640 1146 2691 49

206 2727 320 2774 sqq.
335 2737 404 2746 —
425 2711 569 2762 Dixit
587 2712 688 2760 duo
709 2724 921 2773 corpora
941 2723 1052 2758 esse
1072 2710 1146 2758 rei

205 2779 470 2845 publicae,
515 2793 672 2828 unum
711 2777 905 2839 debile,
946 2776 1143 2826 infirmo

207 2848 404 2913 capite,
443 2847 656 2896 alterum
682 2845 882 2894 firmum
907 2846 1019 2895 sine
1059 2861 1142 2895 ca-

205 2919 338 2982 pite:
361 2915 508 2972 huic,
538 2928 692 2977 quum
723 2913 796 2963 ita
822 2913 886 2962 de
916 2929 972 2962 se
994 2916 1143 2964 meri-

205 2999 314 3033 tum
333 2991 496 3044 esset,
531 2989 684 3045 caput
713 2995 770 3030 se
793 2983 912 3030 vivo
933 2998 1032 3032 non
1055 2985 1142 3033 de-

205 3055 457 3112 futurum,
487 3052 560 3102 lb.
587 3051 679 3109 25,
711 3049 796 3102 51.
835 3050 907 3100 Ib.
931 3051 1026 3112 37,
1053 3053 1138 3104 78.

201 3122 277 3171 Ib.
300 3121 385 3181 39,
405 3120 490 3172 83.
511 3145 578 3156 -—-
595 3119 656 3170 L.
676 3119 896 3170 Manlius
916 3122 1142 3185 Torqua-

201 3199 313 3248 tus,
359 3205 445 3239 reo
484 3189 546 3240 de
579 3193 812 3256 pecuniis
845 3191 1140 3256 repetundis

206 3258 449 3309 Catilinae
487 3275 642 3322 quum
680 3265 813 3310 esset
841 3261 1137 3320 advocatus,

201 3334 321 3389 post
371 3327 590 3378 delatam
641 3330 708 3379 ad
753 3344 868 3379 eum
921 3330 1139 3393 primam

205 3394 344 3442 illam
367 3397 760 3448 coniurationem
779 3435 794 3458 ,
821 3398 1064 3446 indicavit
1083 3412 1139 3446 se

204 3461 409 3512 audisse
445 3463 666 3527 aliquid,
704 3479 805 3515 non
845 3466 1137 3529 credidisse,

569 208 633 267 Q.
659 206 946 255 sunonis
984 229 1056 237 -
1092 207 1155 252 T.
1190 203 1477 253 senalus
1504 193 1797 252 GALLUS.

1281 375 1374 425 pro
1410 358 1554 409 Sulla
1588 358 1682 422 29,
1722 359 1807 410 81.
1842 388 1909 397 -
1943 362 2019 411 De
2054 364 2233 429 priore

1285 431 1395 480 eius
1424 430 1770 479 coniuratione
1791 446 1904 479 cum
1926 429 2017 484 Cn.
2038 432 2234 483 Pisone

1283 514 1332 552 a.
1354 514 1407 549 u.
1430 514 1475 547 c.
1500 497 1622 551 689.
1643 500 1767 549 inita
1782 514 1833 549 ν.
1860 498 1959 549 Cn.
1986 498 2236 567 Calpur-
2274 531 2280 535 ·

1284 565 1410 618 nius
1431 564 1568 617 Piso
1600 576 1650 616 et
1668 567 1737 622 cf.
1762 568 1871 617 Cat.
1896 568 1923 618 1
1938 603 1955 631 ,
1977 568 2004 619 1
2019 606 2035 634 ,
2058 570 2088 620 1
2110 584 2229 633 sqq.

1282 664 1353 673 —
1372 636 1565 695 Quibus
1600 637 1809 686 auxiliis
1842 651 1872 685 a
1894 651 1950 685 se
1980 652 2237 703 oppressa

1284 709 1351 756 sit
1390 706 1667 758 coniuratio
1724 704 1970 755 Catilinae
2018 710 2239 773 exponit

1286 775 1477 836 Cicero,
1496 773 1724 839 Philipp.
1744 776 1797 834 2,
1817 775 1866 835 7,
1891 772 1977 827 16.
2002 799 2073 812 -
2092 775 2235 825 Cati-

1284 845 1411 908 lina,
1446 842 1599 892 homo
1626 844 1997 893 audacissimus
2026 860 2059 893 a
2087 844 2235 895 Cice-

1284 927 1404 963 rone
1442 914 1495 961 in
1533 920 1709 962 senatu
1746 919 2013 963 accusatus
2049 915 2235 964 obmu-

1283 984 1405 1041 tuit,
1440 989 1564 1031 orat.
1586 980 1654 1031 37
1670 980 1838 1041 ,ι129.
1863 1006 1935 1019 --
1966 979 2146 1033 Cicero
2166 984 2232 1032 L.

1288 1051 1553 1103 Catilinam
1572 1049 1780 1100 caedem
1796 1057 2005 1099 senatus
2019 1088 2033 1111 ,
2055 1054 2236 1102 interi-

1284 1128 1393 1170 tum
1412 1120 1553 1169 urbis
1572 1134 1673 1169 non
1693 1116 1921 1182 obscure,
1942 1121 2035 1169 sed
2052 1122 2235 1187 palam

1284 1189 1575 1241 molientem
1607 1188 1785 1253 egredi
1816 1203 1881 1238 ex
1917 1190 2043 1239 urbe
2078 1192 2235 1240 iussit

1287 1267 1411 1323 etc.‚
1452 1260 1505 1307 in
1531 1258 1699 1306 Pisou.
1736 1258 1799 1316 2,
1834 1258 1885 1310 5.
1909 1284 1981 1295 --
2010 1258 2084 1309 De
2118 1261 2234 1309 eius

1288 1329 1635 1378 coniuratione
1654 1324 1789 1375 conf.
1810 1341 1903 1390 pro
1923 1326 2057 1381 Sest.
2080 1326 2113 1379 3
2132 1364 2149 1392 ,
2176 1327 2231 1388 8,

1287 1412 1397 1459 sqq.
1430 1397 1503 1445 lb.
1528 1397 1579 1457 5,
1603 1396 1683 1445 12.
1702 1420 1774 1430 -
1790 1394 1955 1445 Locus
1973 1398 2026 1445 in
2044 1397 2234 1461 primis

1286 1465 1634 1515 memorabilis
1671 1464 1734 1513 de
1770 1466 2035 1514 sententiis
2072 1467 2129 1514 in
2168 1468 2231 1516 P.

1286 1534 1555 1584 Lentulum
1587 1540 1912 1595 caeterosque
1936 1535 2233 1587 coniuratos

1287 1619 1316 1652 a
1336 1602 1553 1653 Caesare
1582 1609 1631 1651 et
1656 1616 1687 1651 a
1719 1600 1906 1652 Catone
1942 1604 2123 1669 dictis,
2162 1604 2235 1655 ad

1287 1674 1392 1724 Aa.
1415 1673 1496 1734 12,
1522 1671 1618 1735 21,
1651 1670 1697 1719 l.
1722 1696 1785 1707 —
1805 1670 2065 1721 Barbatnli
2086 1674 2233 1723 iuve-

1286 1756 1376 1790 nes
1392 1776 1405 1801 ,
1435 1746 1569 1789 totus
1586 1738 1674 1788 ille
1692 1754 1819 1805 grex
1842 1738 2119 1807 Catilinae,
2152 1742 2232 1791 fa-

1285 1811 1471 1877 vebant
1489 1809 1544 1858 P.
1571 1807 1747 1859 Clodio
1768 1824 1816 1861 a.
1836 1825 1890 1862 u.
1916 1826 1961 1863 c.
1982 1810 2129 1871 693„
2153 1811 2229 1860 Ib.

1288 1879 1335 1944 1,
1363 1879 1445 1942 14,
1468 1880 1517 1929 5.
1536 1902 1609 1914 —-
1636 1878 1681 1926 A
1706 1874 1919 1928 Catilina
1938 1880 1991 1930 P.
2019 1879 2231 1931 Clodius

1285 1949 1555 2014 pecuniam
1584 1948 1805 2012 accepit,
1842 1956 1897 1997 ut
1930 1950 2231 2014 turpissime

1284 2017 1747 2086 praevaricaretur,
1778 2017 1841 2066 de
1856 2017 2063 2082 harusp.
2087 2033 2227 2082 resp.

1287 2087 1383 2146 20,
1412 2088 1497 2137 42.
1526 2113 1597 2122 —-
1626 2085 1868 2149 Catilina,
1900 2094 2096 2135 amator
2126 2086 2227 2137 Ga-

1286 2156 1442 2215 binii,
1468 2163 1585 2220 post
1601 2155 1710 2209 red.
1740 2155 1791 2205 in
1818 2170 1926 2208 sen.
1952 2157 2016 2216 4,
2044 2155 2126 2208 10.
2158 2181 2228 2192 —-

1286 2223 1494 2274 Nullum
1518 2226 1629 2274 sine
1660 2223 1719 2276 L.
1748 2225 2066 2290 Vargunteio
2091 2223 2229 2274 Cati-

1287 2295 1393 2344 lina
1413 2292 1613 2342 facinus
1635 2293 1868 2354 admisit,
1890 2307 1983 2357 pro
2004 2292 2150 2342 Sulla
2174 2293 2227 2353 6,

1287 2363 1370 2414 16.
1399 2364 1473 2413 Ib.
1494 2363 1579 2426 25,
1600 2362 1685 2413 70.
1715 2362 1789 2411 Ib.
1812 2363 1894 2421 27,
1916 2361 2000 2412 76.
2016 2362 2228 2413 ——Cum

1288 2433 1505 2484 Catilina
1524 2438 1846 2496 comparatur
1861 2429 1929 2485 M.
1954 2432 2223 2494 Antonius,

1285 2501 1507 2566 Philipp.
1532 2502 1584 2560 4,
1606 2500 1659 2560 6,
1681 2500 1763 2551 15.
1784 2500 1962 2564 parad.
1986 2503 2038 2563 4,
2063 2503 2113 2561 1,
2136 2503 2221 2552 27.

1284 2597 1354 2608 —-
1386 2569 1440 2621 C.
1470 2570 1679 2619 Antonii
1711 2570 2029 2619 damnatione
2050 2569 2225 2635 sepul-

1285 2655 1427 2691 crum
1458 2637 1516 2688 L.
1550 2637 1795 2688 Catilinae
1831 2639 2041 2690 floribus
2078 2655 2224 2691 orna-

1285 2719 1419 2768 tum,
1459 2707 1725 2757 hominum
1767 2707 2221 2757 audacissimorum

1284 2795 1344 2830 ac
1391 2778 1783 2828 domesticorum
1831 2774 2051 2826 hostium
2102 2791 2221 2826 con-

1281 2855 1436 2900 ventu
1476 2846 1746 2911 epulisque
1782 2845 2089 2895 celebratum
2124 2853 2218 2911 est,

1283 2919 1419 2966 iusta
1458 2915 1706 2966 Catilinae
1758 2912 1891 2963 facta
1938 2921 2078 2974 sunt,
2128 2929 2220 2979 pro

1278 2986 1459 3036 Flacco
1480 2984 1563 3041 38,
1588 2983 1671 3033 95.

1214 3054 1275 3104 C.
1319 3051 1553 3121 Sergius
1593 3049 1769 3103 Orata
1804 3065 1846 3100 s.
1876 3051 2119 3113 Aurat‘a,
2154 3049 2221 3100 de

1282 3123 1369 3173 off.
1390 3121 1441 3181 3,
1465 3121 1549 3184 16,
1569 3121 1655 3173 67.
1687 3121 1749 3170 de
1766 3126 1893 3169 orat.
1918 3120 1965 3180 1,
1990 3119 2075 3181 39,
2098 3119 2218 3174 178.

1281 3218 1342 3230 ·—-
1388 3190 1623 3241 Omnium
1663 3189 2021 3239 deliciosorum
2053 3188 2221 3238 homi-

1278 3275 1399 3309 num
1418 3259 1663 3326 magister
1684 3257 1852 3315 Orata,
1874 3259 1936 3308 de
1954 3257 2039 3311 fin.
2058 3258 2110 3318 2,
2130 3257 2217 3319 22,

1279 3328 1367 3379 70.
1398 3355 1457 3366 -
1488 3327 1648 3376 Homo
1686 3329 2101 3388 amoenissimus,
2132 3326 2221 3375 de·-

1281 3395 1661 3456 liciosissimus,
1688 3395 1871 3460 fragm.
1901 3411 1951 3461 p.
1977 3395 2079 3444 282
2102 3409 2215 3458 sqq.

1211 3463 1281 3513 T.
1304 3462 1538 3530 Sergius
1570 3462 1767 3514 Gallus
1792 3461 1889 3526 (sic
1916 3465 2048 3514 enim
2068 3461 2219 3528 Sergi
