2500 3850
198 149 324 212 210

195 317 461 383 Lamiae,
514 318 573 377 Q.
617 317 876 367 Ciceronis
913 317 1119 371 domum
1156 323 1210 371 in

268 391 466 440 Carinis
484 386 831 437 conduxerunt
849 401 896 434 a.
918 401 971 435 u.
994 403 1041 435 c.
1064 388 1208 452 698„

266 460 333 508 ad
353 460 410 518 Q.
436 458 501 506 fr.
531 459 581 516 2,
602 455 655 513 3,
678 457 729 504 7.
763 456 829 506 V.
849 456 900 502 in
918 454 1117 508 Aeliis.

193 523 423 594 Lampis
443 527 599 577 Laco.
629 523 751 573 Eius
772 524 984 586 dictum,
1004 527 1206 577 Tuscul.

262 599 316 659 5,
343 597 428 655 14,
448 595 534 646 40.

192 663 598 731 Lampsacum,
631 662 878 726 oppidum
910 671 987 714 est
1015 665 1069 713 in
1088 664 1206 714 Hel-

264 737 495 799 lesponto
515 732 707 782 clarum
740 741 791 782 et
811 733 1008 793 nobile,
1041 733 1207 783 homi-

264 819 353 854 nes
374 810 543 852 autem
560 801 663 866 ipsi
688 800 1030 866 Lampsaceni
1050 816 1206 864 quum

262 887 456 924 summe
489 873 542 919 in
577 885 754 921 omnes
784 872 923 920 cives
951 870 1205 920 Romanos

261 942 478 1010 officiosi
522 947 630 990 tum
678 945 939 1005 praeterea
984 941 1206 990 maxime

261 1012 426 1062 sedati
464 1020 512 1060 et
560 1011 747 1074 quieti,
797 1023 957 1073 prope
1006 1016 1207 1073 praeter

262 1087 486 1130 caeteros
518 1079 583 1128 ad
613 1093 867 1128 summum
896 1077 1205 1127 Graecorum

261 1151 421 1200 osium
442 1149 616 1214 potius
638 1161 789 1210 quam
820 1147 887 1196 ad
914 1146 1067 1196 ullam
1100 1149 1205 1197 vim

260 1226 347 1268 aut
364 1217 635 1268 tumultum
666 1217 1063 1276 accommodati,
1094 1231 1125 1265 a
1145 1216 1199 1270 G.

260 1291 419 1338 Verre
441 1287 610 1337 vexati
639 1295 731 1336 etc.
753 1323 767 1346 ,
797 1288 942 1336 Verr.
976 1293 1197 1335 accusat.

262 1361 310 1418 1,
335 1359 421 1418 24,
444 1356 511 1408 63
538 1371 651 1420 sqq.
684 1355 746 1404 cl.
770 1356 841 1404 ib.
868 1355 915 1417 1,
938 1353 1022 1414 32,
1046 1354 1133 1406 81.

190 1425 466 1481 Lanuvini
494 1427 547 1474 in
566 1425 822 1475 civitatem
852 1424 1076 1489 recepti,
1110 1439 1202 1489 pro

263 1498 414 1548 Balbo
449 1494 543 1557 13,
583 1493 669 1544 31.
699 1521 761 1529 —
786 1493 1040 1544 Lanuvini
1069 1494 1203 1542 cole-

258 1569 380 1616 bant
409 1567 649 1613 Iunonem
670 1561 924 1629 Sospitam
942 1598 957 1626 ,
989 1562 1053 1611 de
1072 1577 1121 1614 n.
1147 1562 1197 1612 d.

262 1636 288 1685 1
306 1673 317 1690 .
339 1631 426 1693 29,
449 1631 533 1681 82.
557 1659 624 1667 —
643 1628 899 1682 Lanuvini
916 1631 1071 1680 colles
1087 1668 1101 1691 ,
1134 1631 1201 1681 ad

260 1703 380 1752 fam.
403 1700 453 1760 9,
476 1701 562 1757 22,
584 1701 635 1748 4.

189 1767 509 1822 Lanuvinus
534 1783 684 1833 ager,
708 1768 771 1817 de
792 1769 894 1818 div.
920 1767 945 1816 1
964 1806 977 1831 ,
1001 1768 1087 1832 36,
1109 1767 1192 1821 79.

189 1839 305 1891 Lan
314 1837 539 1890 ovinum
553 1874 567 1899 ,
593 1835 863 1902 praedium
884 1839 936 1886 in
956 1851 1079 1902 agro
1100 1838 1190 1886 La-

260 1910 446 1959 nuvino
465 1946 477 1967 ‚
500 1909 565 1958 ad
587 1910 691 1956 Att.
712 1905 765 1969 9,
787 1906 837 1967 9,
858 1907 911 1956 4.

188 1975 537 2041 Lanuvium,
564 1976 697 2027 Latii
727 1976 1005 2042 oppidum,
1043 1976 1199 2028 hodie

258 2050 419 2099 Civica
457 2050 705 2106 Lavinia,
748 2047 813 2096 de
848 2046 963 2111 lege
1000 2060 1109 2111 agr.
1144 2048 1195 2109 2,

255 2117 351 2179 35,
384 2114 467 2167 96.
511 2130 604 2181 pro
626 2116 731 2165 Mil.
759 2114 854 2178 10,
886 2117 969 2167 27.
1012 2116 1087 2164 lb.
1111 2115 1195 2175 17,

255 2186 338 2236 45.
378 2199 469 2251 pro
489 2186 617 2236 Mur.
640 2185 727 2247 41,
749 2184 835 2237 90.
876 2185 939 2233 de
962 2184 1115 2233 divin.
1143 2185 1194 2244 1,

257 2257 341 2315 44,
362 2254 446 2307 99.
490 2257 563 2305 11).
588 2256 639 2317 2,
662 2254 745 2313 27,
769 2253 855 2305 59.

186 2320 494 2384 Laodicea,
542 2324 663 2373 urbs
697 2322 950 2387 Phrygiae
986 2324 1195 2372 maioris

258 2396 323 2443 ad
344 2395 553 2444 fluvium
572 2395 763 2458 Lycum
780 2429 793 2451 ,
813 2408 913 2441 non
934 2392 1111 2456 procul
1129 2393 1193 2440 ab

258 2466 501 2527 Apamea,
522 2466 667 2514 Verr.
692 2468 908 2511 accusat.
937 2461 983 2515 1,
1006 2460 1090 2521 30,
1106 2460 1191 2513 76.

256 2533 322 2582 ad
342 2533 445 2584 Att.
466 2532 518 2590 5,
542 2531 605 2582 15
623 2569 636 2592 ,
661 2530 709 2580 1.
747 2533 823 2580 11).
846 2530 897 2588 5,
917 2530 1017 2588 21,
1038 2529 1087 2580 9.
1129 2530 1195 2579 ad

256 2600 377 2650 fam.
402 2602 452 2659 2,
478 2600 560 2658 17,
581 2600 632 2649 4.
676 2600 749 2648 11).
777 2597 859 2659 15,
882 2600 931 2655 4,
952 2601 1001 2648 2.

185 2666 507 2721 Laodiceni.
564 2667 629 2716 Ut
647 2668 949 2725 TarsenseS,
982 2668 1195 2731 pessimi

247 2738 414 2799 -socii,
445 2737 516 2785 ita
537 2736 813 2785 Laodiceni
835 2735 993 2785 multo
1022 2752 1193 2786 amen-

254 2808 412 2856 tiores
443 2818 490 2856 a.
525 2821 577 2856 u,
606 2820 648 2854 c.
676 2803 793 2853 711.
822 2807 1194 2856 arcessiverunt

254 2874 601 2932 Dolabellam,
642 2872 696 2922 O.
732 2871 941 2923 Cassius
974 2875 1038 2924 ad
1069 2874 1190 2924 fam.

186 2981 551 3064 Laodicensis
593 3012 799 3073 civitae,
853 3012 919 3061 ad
968 3012 1087 3061 fam.
1141 3013 1191 3078 5,

258 3082 342 3141 20,
364 3083 414 3135 2.
779 3080 786 3088 ”

185 3150 534 3215 Laomedon,
556 3150 864 3217 Ganymedis
894 3157 1062 3215 pater,
1095 3151 1194 3199 Tu-

257 3221 382 3271 scul.
411 3220 459 3283 1,
480 3221 564 3284 26,
586 3221 670 3271 65.

190 3286 493 3355 Lapithae,
530 3290 751 3355 populus
786 3290 1081 3339 Thessaliae
1116 3288 1192 3339 fa·

258 3359 389 3407 bulis
432 3360 614 3407 claruS.
650 3386 721 3399 —--
753 3358 1086 3423 Lapitharum
1134 3374 1194 3407 ac

260 3426 618 3477 Centaurorum
640 3429 871 3479 convivio
894 3442 1192 3491 comparan-

850 159 1121 210 LAmAE
1164 182 1249 196 --
1283 163 1634 212 LATIARIS.

1348 329 1430 370 tur
1447 322 1649 372 Pisonis
1679 321 2108 386 compotationeS,
2135 321 2188 368 in
2209 322 2293 370 Pi-

1347 405 1459 440 son.
1485 389 1566 448 10,
1586 390 1673 443 22.
1961 407 1968 412 ·

1278 456 1394 510 Lar
1418 459 1704 512 familiaris.
1723 488 1792 498 —-—
1811 458 1928 509 Lari
1957 460 2008 508 in
2041 468 2178 507 certo
2199 474 2292 523 ge-

1347 544 1465 578 nere
1502 527 1739 580 ssorificii
1774 528 2071 578 vervecibus
2115 527 2289 587 fiebat,

1347 598 1412 649 de
1433 597 1534 662 leg.
1556 597 1607 657 2,
1629 598 1714 659 22,
1735 597 1821 648 55.
1861 599 1934 647 11).
1957 601 1988 648 2
2003 633 2016 657 ,
2038 595 2088 656 8,
2111 595 2196 648 19.
2217 622 2292 634 -

1343 667 1543 732 Religio
1557 667 1766 715 Larium
1787 668 1994 716 minime
2010 666 2291 730 repudian-

1345 737 1440 796 da,
1471 735 1545 788 lb.
1579 738 1643 799 2,
1677 736 1773 795 11,
1805 737 1890 785 27.
1911 736 2082 785 —Ad
2100 734 2291 784 Larum

1347 806 1525 854 aedem
1554 805 1728 854 fanum
1761 803 2022 868 Orbonae,
2051 805 2115 853 de
2147 818 2197 853 n.
2227 804 2285 852 d.

1346 873 1406 938 3,
1437 873 1535 936 25,
1567 871 1653 924 63.
1674 899 1746 911 ·—·
1762 873 1918 924 Lares
1937 873 2216 923 familiares
2238 879 2291 922 et

1346 950 1555 1008 penates
1579 943 1686 1006 dei,
1713 944 1775 991 de
1795 958 1836 991 r.
1859 959 1910 1008 p.
1931 943 1984 1005 5,
2004 942 2054 1002 5,
2075 944 2124 990 7.

1278 1008 1348 1060 Τ.
1371 1008 1606 1062 Larcius
1625 1009 1836 1062 Flavus
1868 1013 2082 1061 dictator
2111 1019 2188 1059 est.
2207 1012 2288 1060 ’m-

1347 1082 1550 1129 stitutus
1601 1080 1775 1130 decem
1823 1080 1928 1130 fere
1973 1094 2131 1130 annos
2167 1087 2291 1146 post

1344 1151 1537 1214 primos
1557 1151 1790 1200 consules
1809 1165 1858 1198 a.
1879 1166 1932 1200 u.
1955 1165 1999 1199 c.
2015 1148 2142 1203 256.
2161 1187 2172 1212 ,
2194 1164 2288 1199 no-

1342 1233 1564 1281 vumque
1600 1218 1654 1266 id
1683 1233 1844 1284 genus
1881 1219 2083 1284 imperii
2119 1220 2289 1268 visum

1345 1295 1422 1338 est
1453 1295 1502 1337 et
1534 1290 1828 1352 proximum
1857 1288 2176 1337 similitudini
2204 1302 2289 1338 re-

1345 1358 1489 1421 giae,
1513 1355 1578 1405 de
1595 1371 1638 1405 r.
1661 1373 1714 1421 p.
1735 1359 1786 1417 2,
1809 1357 1894 1419 32,
1915 1355 2003 1407 56.

1275 1424 1422 1477 Acca
1461 1423 1745 1476 Larentia.
1810 1424 1873 1473 Ei
1913 1425 2178 1490 pontifices
2219 1426 2288 1474 ad

1347 1510 1487 1544 aram
1510 1495 1562 1543 in
1588 1494 1810 1544 Velabro
1835 1493 2004 1545 facere
2034 1494 2286 1554 solebant,

1343 1579 1426 1628 ep.
1451 1564 1516 1612 ad
1533 1563 1672 1616 Brut.
1696 1564 1742 1624 1,
1767 1562 1849 1613 15.

1271 1631 1512 1700 Largus.
1539 1633 1658 1682 Eius
1677 1634 1792 1681 rixa
1811 1647 1924 1682 cum
1943 1632 2002 1687 G.
2022 1633 2286 1695 Memmio,

1343 1704 1404 1752 de
1425 1709 1553 1754 orat.
1578 1703 1628 1760 2,
1649 1701 1735 1761 59,
1755 1701 1876 1754 240.

1270 1769 1491 1838 Largus
1507 1807 1521 1834 ,
1548 1769 1702 1820 homo
1723 1771 1786 1820 A.
1817 1769 2059 1820 Caecinae
2087 1771 2288 1822 studio-

1339 1855 1428 1889 sus
1445 1876 1458 1902 ,
1481 1838 1546 1888 ad
1565 1839 1686 1889 fam.
1711 1840 1760 1898 6,
1781 1839 1833 1902 8,
1856 1841 1908 1891 1.

1269 1906 1568 1972 Larinum,
1597 1909 1751 1960 hodie
1775 1909 1992 1969 Larino,
2012 1919 2164 1973 caput
2182 1908 2284 1959 La-

1337 1980 1577 2028 rinatium
1593 1980 1958 2029 Frentanorum
1978 1992 2141 2044 prope
2153 1980 2284 2027 Tea-

1339 2064 1460 2097 num
1480 2048 1795 2113 Apulorum,
1819 2048 1885 2097 ad
1904 2050 2006 2099 Att.
2030 2051 2080 2109 7,
2108 2047 2170 2096 12
2188 2081 2203 2109 ,
2227 2049 2281 2097 2.

1337 2120 1409 2167 11).
1435 2118 1466 2166 7
1485 2154 1498 2175 ,
1533 2117 1615 2169 13.
1638 2118 1687 2167 b.
1713 2120 1761 2168 7.
1783 2142 1855 2155 --·
1872 2116 2082 2165 Larinas
2112 2117 2279 2165 muni-

1337 2187 1528 2250 cipium
1546 2222 1560 2249 ,
1609 2201 1702 2250 pro
1740 2186 1933 2236 Cluent.
1976 2186 2034 2247 5,
2087 2185 2170 2235 11.
2209 2210 2284 2223 ·—·

1338 2255 1724 2315 Quattuorviros
1753 2256 1850 2304 iuri
1876 2255 2093 2304 dicundo
2123 2254 2282 2303 habe·

1333 2326 1451 2385 bat,
1483 2325 1555 2374 Ib.
1585 2323 1650 2384 8,
1683 2324 1766 2375 25.
1789 2350 1855 2360 -
1875 2323 2031 2373 Abest
2050 2338 2078 2372 a
2107 2322 2279 2373 Teano

1334 2394 1504 2458 Apulo
1528 2392 1712 2442 XVIII.
1733 2393 1879 2442 milia
1897 2406 2142 2455 passuum
2159 2428 2173 2451 ,
2200 2393 2276 2445 Ib.

1335 2462 1388 2522 8,
1409 2464 1474 2512 27
1481 2498 1492 2511 .
1513 2486 1583 2497 -
1599 2461 1854 2512 Martiales
1877 2461 2073 2521 Larini,
2099 2463 2169 2511 [b.
2194 2460 2276 2520 15,

1265 2599 1406 2651 Lars
1431 2597 1786 2650 Tolumnius.
1830 2599 1894 2648 V.
1920 2596 2276 2649 Tolumnius.

1264 2666 1554 2720 Lartidius
1575 2705 1590 2733 ,
1612 2669 1819 2719 furcifer
1837 2670 2065 2734 ignotuS,
2088 2669 2154 2717 ad
2171 2672 2276 2722 Att.

1336 2739 1385 2797 7,
1410 2740 1462 2800 1,
1482 2738 1533 2788 9.

1265 2802 1606 2857 Laterensis.
1669 2809 1734 2860 V.
1775 2804 2066 2859 Iuventius
2106 2805 2277 2859 Late·-

1334 2890 1536 2927 rensis.

1263 2943 1555 2997 Laterium
1573 2980 1589 3008 ,
1653 2944 1841 2996 fundus
1906 2946 1965 3005 Q.
2021 2944 2276 2995 Ciceronis

1335 3017 1474 3079 apud
1504 3014 1784 3079 Arpinum,
1823 3015 1890 3064 ad
1911 3018 2012 3067 Ait.
2043 3016 2102 3073 4,
2135 3016 2193 3072 7,
2223 3012 2272 3063 3.

1337 3085 1409 3133 11).
1435 3085 1516 3148 10,
1540 3084 1590 3146 1,
1615 3084 1664 3134 1.
1700 3085 1768 3134 ad
1788 3084 1847 3143 Q.
1869 3084 1934 3137 fr.
1958 3086 2019 3145 2,
2039 3080 2199 3149 6(7),
2221 3082 2271 3132 9.

1337 3154 1411 3203 11).
1434 3152 1482 3214 3,
1509 3153 1556 3216 l,
1577 3154 1628 3201 2.
1650 3154 1700 3215 5.
1721 3155 1772 3203 4.

1265 3219 1491 3286 Latiar,
1529 3221 1648 3272 festi
1669 3223 1778 3271 dies
1803 3222 1944 3272 feriis
1967 3220 2160 3270 Latinis
2175 3258 2188 3281 ,
2211 3221 2274 3270 ad

1335 3291 1393 3349 Q.
1423 3290 1484 3341 fr.
1508 3294 1558 3351 2,
1577 3291 1628 3355 4,
1653 3290 1703 3343 2.

1263 3356 1530 3479 Ῑιειᾶἰωὲίε.
1553 3359 1772 3409 Latiaris
1795 3360 2036 3425 luppiter,
2059 3374 2153 3425 pro
2164 3359 2268 3409 Mil.

1373 3428 1418 3491 1,
1475 3428 1525 3479 5.
