2500 3850
256 202 382 267 386

250 366 574 423 Temenites
595 369 817 437 Apollo.
861 370 1078 437 Signum
1102 368 1259 434 Apol-

319 442 459 503 linis,
481 442 566 502 qui
581 439 869 490 Temenites
891 447 1118 502 vocatur,
1140 438 1259 504 pul-

320 508 624 559 cherrimum
672 517 721 559 et
764 510 1040 559 maximum
1056 546 1070 568 ,
1107 509 1254 559 Verr.

320 586 542 627 accusat.
570 580 623 640 4,
653 576 739 642 53,
763 578 880 629 119.

247 640 584 709 Temnitae,
622 647 816 697 incolae
857 646 1075 709 Temni,
1113 646 1258 696 urbis

316 718 549 769 Aeolidis
563 716 626 764 ad
637 716 872 765 Hermum
883 715 957 778 fl„
969 729 1063 780 pro
1076 712 1256 765 Flacco

320 785 402 845 18,
438 786 523 836 42.
569 810 638 820 -
662 786 841 835 Forma
869 786 982 834 eius
1014 784 1254 845 civitatis,

314 854 388 903 Ib.
415 854 496 914 19,
519 854 606 903 44.

250 915 484 987 Τέμπη
508 920 834 973 Reatinorum
863 921 932 970 ad
958 923 1065 973 Att.
1085 926 1136 982 4,
1172 924 1256 982 15,

319 993 370 1043 5.
411 992 597 1041 dicitur
627 1006 720 1054 pro
757 991 965 1056 regione
1000 993 1257 1041 amoenis-

319 1074 466 1108 suna.

248 1125 643 1193 'tempestates
686 1126 866 1192 populi
899 1127 1116 1177 Romani
1147 1127 1253 1177 riti-

315 1197 411 1247 bus
433 1201 753 1245 consecratae
783 1202 925 1256 sunt,
963 1195 1025 1246 de
1044 1209 1094 1245 n.
1121 1196 1172 1248 d.
1199 1194 1250 1257 3,

318 1265 404 1326 20,
425 1265 509 1315 51.

247 1333 496 1401 Tempsa
516 1332 762 1399 oppidum
780 1332 1086 1383 Bruttiorum
1104 1346 1252 1382 occu-

316 1412 492 1469 patum
513 1417 546 1451 a
566 1402 816 1467 Spartacii
837 1402 1067 1465 reliquiis
1097 1408 1144 1451 et
1163 1416 1253 1451 ex-

317 1472 550 1538 pilatum.
568 1470 694 1520 Hinc
703 1472 1046 1536 Tempsanum
1065 1472 1252 1521 incom-

315 1542 541 1605 modum,
561 1540 708 1593 Verr.
737 1547 958 1590 accusat.
980 1541 1028 1603 5,
1065 1540 1146 1600 15,
1167 1538 1252 1591 39.

249 1607 445 1660 Tenea
466 1646 482 1671 ,
528 1608 673 1657 vicus
707 1610 992 1658 maritimus
1027 1608 1254 1658 Achaiae

317 1680 456 1727 inter·
477 1675 770 1727 Corinthum
802 1684 852 1727 et
882 1678 1148 1743 Mycenas,
1189 1676 1279 1725 ad·

315 1745 419 1795 Att.
445 1746 494 1804 6,
517 1748 567 1803 2,
590 1742 642 1794 3.

247 1811 543 1865 Tenebrae
564 1814 706 1873 deae,
745 1816 809 1864 de
827 1830 878 1864 n.
912 1815 962 1866 d.
983 1813 1034 1878 3,
1057 1815 1140 1875 17,
1163 1816 1248 1865 44.

246 1878 506 1934 Tenedii.
576 1880 912 1934 Tenediorum
933 1884 1142 1934 libertas
1171 1898 1254 1934 se-

317 1953 424 2002 curi
442 1951 668 2003 Tenedia
695 1954 928 2018 praecisa
954 1959 1059 2013 est,
1095 1968 1252 2016 quum

315 2036 402 2072 eas
419 2029 620 2086 praeter
642 2020 936 2074 Ciceronem
954 2031 1002 2072 et
1017 2021 1253 2072 Bibulum

316 2100 365 2138 et
403 2089 654 2140 Calidium
699 2098 750 2140 et
784 2092 1062 2142 Favonium
1102 2105 1248 2140 nemo

315 2156 628 2215 defenderet,
658 2159 725 2209 ad
745 2159 800 2218 Q.
823 2161 886 2210 fr.
916 2163 964 2220 2,
987 2159 1020 2210 9
1039 2159 1176 2224 (11),
1197 2159 1248 2210 2.

246 2220 528 2282 Tenedus,
567 2226 736 2276 insula
755 2227 978 2276 Asiatica
1011 2227 1076 2277 ad
1112 2241 1251 2276 oram

313 2293 678 2344 occidentalem
707 2309 829 2360 agro
850 2295 1067 2347 Troiano
1087 2311 1250 2360 oppo-

312 2363 425 2427 sita,
457 2363 509 2412 in
531 2377 630 2426 qua
650 2363 895 2429 oppidum
914 2365 1138 2414 eiusdem
1158 2379 1248 2417 no-

313 2433 483 2493 miniS,
555 2448 647 2498 pro
690 2434 876 2484 Archia
912 2433 974 2496 9,
1004 2433 1090 2486 21.
1151 2449 1246 2500 pro

310 2501 520 2552 Murena
543 2503 624 2566 15,
646 2501 732 2554 33.

241 2563 466 2621 Tenues
488 2585 519 2620 a
547 2579 690 2639 patre
715 2570 901 2636 Cycno,
938 2572 1162 2638 Neptuni
1186 2571 1246 2621 fi·

309 2638 409 2698 lio,
448 2640 535 2700 qui
580 2638 787 2692 Colonia
829 2643 1149 2707 imperitabat
1193 2642 1244 2688 iu

307 2703 503 2754 Troade
524 2742 539 2768 ,
617 2716 823 2771 propter
901 2709 1244 2772 suspicionem

311 2774 498 2823 amoris
545 2788 792 2824 novercae
839 2777 1082 2841 expulsus
1126 2791 1242 2842 par-

309 2853 424 2889 vam
461 2843 712 2891 civitatem
749 2844 1086 2894 Tenediorum
1123 2859 1244 2895 oon·

308 2907 454 2970 didit,
479 2909 623 2959 Verr.
637 2919 857 2964 accusat.
883 2913 931 2972 1,
958 2913 1038 2969 19,
1062 2913 1147 2964 49.
1174 2941 1245 2950 -

304 2976 508 3029 Tenues
527 2979 678 3029 heros
704 2995 798 3046 pro
815 2982 910 3032 deo
929 2981 1118 3033 Tenedi
1139 2983 1243 3033 cul·

305 3053 402 3105 tua,
427 3049 487 3098 de
511 3063 562 3099 n.
585 3051 637 3099 d.
659 3047 711 3106 3.
737 3050 819 3116 15,
842 3049 928 3102 39.

239 3111 526 3168 Terentia.
601 3117 795 3170 Nomen
823 3122 873 3168 in
907 3119 1138 3182 l'ormula,
1177 3121 1244 3169 ad

305 3184 422 3234 Her.
446 3186 493 3246 1,
517 3187 599 3246 11,
632 3188 714 3238 18.

239 3245 528 3317 Terentia,
558 3254 815 3306 Ciceronis
842 3272 985 3309 uxor.
1019 3258 1104 3308 Ad
1129 3272 1240 3308 eam

304 3323 522 3384 scriptae
543 3322 658 3372 sunt
686 3327 931 3389 epistolae
957 3341 1148 3384 omueS,
1174 3327 1240 3375 ad

306 3385 432 3435 fam.
474 3389 556 3439 14.
580 3416 652 3427 -
679 3390 736 3438 L.
772 3393 900 3440 Iulio
933 3393 1146 3442 Caesare
1182 3393 1236 3443 C.

306 3449 493 3500 Marcio
539 3455 716 3518 Figulo
765 3473 898 3509 coss,
957 3461 1236 3525 designatis

677 214 1070 263 TEMENITES
1114 212 1391 262 APOLLO
1426 234 1511 247 —-
1545 213 1916 261 TERENTIA.

1399 386 1447 421 a.
1492 384 1543 417 u.
1584 384 1631 420 c.
1654 367 1809 431 689„
1844 368 2000 418 filiolo
2034 368 2211 417 Cicero
2252 383 2340 417 au·

1398 446 1509 487 ctus
1528 444 1607 487 est
1624 436 1769 486 salva
1787 436 2037 499 Terentia,
2074 437 2143 487 ad
2163 437 2267 488 Αιι.
2292 437 2337 497 1,

1388 510 1457 567 ·2,
1486 508 1549 567 1„
1568 533 1634 541 —
1654 504 1994 556 Articulorum
2014 506 2218 557 dolores
2249 505 2338 553 ha-

1398 577 1502 637 bet,
1543 576 1617 628 lb.
1648 575 1673 625 l
1692 610 1706 635 ,
1728 576 1789 636 5,
1812 576 1864 627 8.
1889 602 1955 611 —
1976 576 2051 625 De
2071 575 2335 624 Terentiae

1396 644 1546 708 saltu,
1568 644 1713 705 lb.2,
1725 646 1776 708 4,
1802 644 1855 696 5.
1878 644 2199 694 —Terentia
2217 643 2335 692 fide-

1394 714 1589 763 lissima
1618 721 1770 776 atque
1798 714 1989 777 optima
2017 712 2237 776 coniux,
2274 711 2337 760 ad

1397 783 1455 842 Q.
1472 782 1537 835 fr.
1559 782 1605 844 1,
1626 782 1675 841 3,
1695 780 1745 832 3.
1767 808 1837 817 -—
1854 783 1976 831 Eam
1989 780 2165 832 Cicero
2186 796 2332 844 quam

1395 852 1615 916 primum
1657 852 1796 915 eupit
1830 852 2004 901 videre
2056 859 2105 899 et
2142 852 2197 898 in
2245 865 2331 898 suo

1393 920 1668 986 complexu
1686 922 1847 971 emori
1868 935 1914 971 a.
1942 936 1987 969 u.
2020 936 2064 969 c.
2088 917 2237 983 696„
2272 920 2333 967 ad

1396 989 1518 1038 fam.
1544 989 1627 1052 14,
1644 990 1696 1049 4,
1721 989 1769 1042 1.
1806 1016 1872 1025 —
1899 988 2075 1039 Cicero
2112 988 2333 1037 maximo

1396 1072 1509 1107 cum
1538 1057 1659 1107 fletu
1681 1058 1833 1123 legit,
1870 1073 2019 1121 quem
2043 1058 2111 1107 ad
2129 1057 2335 1106 modum

1396 1142 1427 1175 a
1463 1128 1653 1177 Vestae
1699 1126 1767 1175 ad
1818 1127 2043 1177 tabulam
2074 1126 2335 1176 Valeriam

1395 1196 1549 1245 ducta
1568 1202 1728 1255 esset,
1768 1195 1841 1244 lb.
1876 1196 1956 1257 14,
1978 1198 2029 1260 2,
2064 1196 2114 1247 2.
2137 1224 2207 1234 -—
2236 1194 2335 1243 Ro-

1394 1272 1543 1329 gatur
1564 1278 1595 1313 a
1619 1260 1874 1327 Cicerone,
1894 1279 1957 1313 ne
1980 1263 2197 1314 fundum
2220 1277 2337 1313 ven-

1392 1334 1499 1396 dat,
1538 1333 1615 1382 lb.
1644 1334 1727 1392 14,
1751 1334 1799 1393 1,
1818 1332 1869 1383 5.
1887 1360 1957 1371 —
1976 1332 2051 1381 De
2070 1332 2336 1397 provincia

1395 1401 1647 1452 decedens
1686 1416 1755 1469 a„
1774 1418 1827 1451 u.
1869 1417 1914 1451 c.
1960 1398 2081 1454 704.
2134 1400 2335 1451 suavis-

1393 1470 1577 1520 simam
1602 1477 1649 1519 et
1688 1472 2060 1535 optatissimam
2092 1485 2205 1519 eam
2246 1483 2333 1520 no-

1394 1540 1554 1589 minat
1593 1538 1789 1602 Cicero,
1822 1540 1900 1604 lb.
1935 1540 2029 1603 14,
2072 1539 2135 1598 5,
2176 1539 2228 1590 2.
2273 1565 2331 1574 -

1394 1606 1559 1659 Simul
1601 1623 1715 1658 cum
1755 1608 1971 1672 coniuge
2004 1623 2033 1657 e
2064 1608 2333 1672 provincia

1392 1677 1595 1727 rediens
1636 1674 1964 1727 Brundisium
2012 1676 2207 1727 introiit
2252 1674 2333 1725 Ci-

1396 1762 1543 1807 cer0,
1584 1746 1655 1795 Ib.
1686 1744 1780 1806 16,
1808 1744 1873 1808 9,
1898 1746 1951 1795 2.
1989 1770 2059 1779 -
2096 1745 2334 1795 Terentia

1394 1814 1574 1865 eodem
1600 1821 1828 1878 tempore
1857 1814 1924 1863 ad
1946 1820 2145 1879 portam
2170 1812 2332 1863 Brun-

1394 1883 1611 1934 disinam
1632 1884 1784 1942 venit,
1817 1896 1917 1947 quo
1938 1882 2111 1934 Cicero
2130 1882 2181 1932 in
2214 1897 2335 1948 por·-

1397 1963 1499 2002 tum
1525 1989 1538 2015 ,
1596 1955 1743 2017 eique
1789 1953 1942 2003 obvia
1982 1953 2033 2000 iu
2066 1952 2178 2002 foro
2236 1951 2331 2001 fuit

1396 2037 1442 2071 a.
1474 2037 1526 2072 u.
1561 2037 1603 2072 c.
1626 2020 1767 2082 704.,
1800 2021 1867 2071 ad
1892 2021 1995 2070 Att.
2018 2021 2068 2085 7,
2090 2022 2143 2081 2,
2167 2022 2220 2074 2.
2262 2047 2331 2056 -—

1394 2087 1557 2140 Gener
1577 2098 1654 2140 est
1664 2092 1839 2140 suavis
1851 2090 2100 2150 Ciceroni,
2112 2089 2331 2149 Tulliae,

1394 2159 1682 2222 Terentiae,
1696 2159 1829 2221 Ib.7,
1847 2159 1897 2222 3,
1914 2159 1997 2208 12.
2018 2157 2152 2222 1b.⁷,
2175 2159 2259 2217 12,
2278 2157 2328 2209 6.

1391 2227 1465 2279 lb.
1491 2231 1551 2288 7,
1577 2227 1641 2280 13
1667 2243 1716 2277 a.
1760 2227 1810 2278 3.
1868 2229 1943 2280 Ib.
1965 2228 2025 2286 7,
2057 2228 2153 2290 22,
2172 2229 2225 2282 2.
2266 2254 2329 2262 —·

1389 2295 1625 2356 Terentia
1660 2297 1899 2346 Tironem
1941 2295 2060 2346 facit
2101 2295 2331 2360 plurimi,

1389 2366 1457 2416 ad
1486 2365 1608 2416 fam.
1632 2366 1725 2428 16,
1746 2363 1810 2427 9,
1842 2369 1893 2418 2.
1919 2391 1991 2401 —-
2008 2365 2231 2430 Angitur
2250 2364 2331 2415 Ci-

1388 2436 1588 2485 ceronis
1604 2436 1817 2484 adversa
1830 2433 2119 2484 valetudine
2142 2448 2171 2482 a
2211 2450 2267 2487 ιι.
2283 2449 2326 2482 c.

1387 2503 1536 2563 705„
1574 2504 1647 2553 Ib.
1686 2504 1777 2566 14,
1818 2504 1879 2563 7,
1918 2501 1966 2552 1.
2021 2528 2089 2538 -
2142 2501 2331 2552 Teren-

1384 2572 1455 2622 tia
1498 2574 1664 2622 minus
1707 2571 1838 2620 belle
1874 2586 1932 2621 se
1969 2570 2183 2632 habuit,
2234 2570 2327 2621 sed

1385 2641 1487 2689 iam
1509 2640 1765 2690 co'nvaluit
1786 2654 1833 2689 a.
1874 2656 1926 2694 u.
1961 2656 2008 2689 c.
2030 2638 2150 2692 706.
2167 2675 2182 2699 ,
2224 2639 2329 2690 Do·
2369 2691 2375 2696 ,

1385 2708 1571 2759 labella
1590 2708 1653 2758 ad
1672 2706 1777 2761 Cic.
1800 2708 1875 2760 ΙΙ).
1891 2707 1941 2772 9,
1962 2707 2011 2768 9,
2028 2710 2073 2758 1.
2095 2735 2163 2746 —-
2181 2709 2229 2757 A
2246 2708 2327 2760 Ci-

1384 2793 1568 2828 cerone
1588 2779 1799 2828 dimissa
1819 2785 1893 2826 est
1912 2791 1959 2826 a.
1982 2792 2034 2826 u.
2049 2792 2095 2826 c.
2110 2777 2232 2828 708.
2258 2805 2327 2814 -

1385 2845 1508 2895 Cum
1548 2845 1763 2897 Camillo
1814 2846 2173 2897 communicari
2220 2845 2327 2894 vult

1387 2914 1593 2976 Cicero,
1630 2923 1685 2965 ut
1702 2915 1939 2964 Terentia
1969 2921 2235 2965 moneatur
2260 2913 2323 2963 de

1382 2990 1704 3034 testamento.
1750 2983 1997 3048 Tempora
2017 2992 2241 3044 monent,
2269 2989 2325 3030 ut

1384 3052 1572 3115 videat,
1610 3060 1665 3102 ut
1683 3053 1805 3102 satis
1826 3053 1993 3113 faciat,
2027 3052 2213 3114 quibus
2235 3052 2323 3100 de-

1384 3121 1484 3174 bet.
1558 3122 1802 3171 Audit-um
1840 3138 1904 3171 ex
1932 3120 2206 3171 Philotimo
2245 3128 2322 3169 est

1383 3204 1492 3240 eam
1546 3191 1788 3240 scelerate
1838 3191 2087 3253 quaedam
2131 3189 2319 3238 facere.

1387 3257 1638 3309 Credibile
1657 3261 1741 3308 vix
1762 3266 1853 3308 est.
1928 3257 2031 3308 Sed
2064 3265 2199 3318 certe
2218 3293 2233 3320 ,
2277 3257 2319 3304 si

1382 3328 1505 3389 quid
1540 3335 1616 3376 est
1633 3365 1649 3388 ,,
1686 3327 1821 3390 quod
1839 3326 1947 3376 fieri
1966 3327 2160 3390 possit,
2201 3340 2320 3390 pro-

1379 3395 1543 3444 videri
1578 3395 1685 3445 vult
1732 3395 1904 3444 Cicero
1914 3431 1929 3455 ,
1975 3395 2040 3443 ad
2076 3395 2182 3447 Att.
2232 3393 2317 3453 11,

1381 3461 1465 3522 16,
1488 3463 1541 3513 5.
1583 3490 1649 3498 -
1678 3463 1894 3512 Tulliam
1922 3463 2071 3512 matri
2101 3467 2207 3511 erat
2237 3460 2313 3510 Ci-
