2500 3850
228 179 354 241 370

291 349 360 397 tis
380 355 428 396 et
445 346 672 395 Platonis
695 360 895 395 summa
920 347 1233 410 auctoritate,

293 417 357 467 de
385 416 543 467 divin.
577 413 626 473 1,
661 414 748 473 30,
781 414 866 467 62.
890 442 955 451 —-
976 415 1156 480 Nemo,
1188 418 1233 465 si

292 484 416 547 quid
435 482 670 533 Socrates
691 491 778 533 aut
796 484 1086 549 Aristippus
1112 500 1234 535 con-

289 560 370 603 tra
399 566 590 602 morem
619 553 1137 616 consuetudinemque
1159 554 1232 603 ci-

292 622 445 672 vilem
475 620 682 671 fecerint
705 621 925 671 locutive
945 624 1064 683 sint,
1094 622 1232 673 idem

293 691 392 741 sibi
410 690 676 742 arbitretur
693 689 861 749 licere,
883 692 948 739 de
963 690 1048 745 off.
1074 691 1122 751 1,
1141 691 1229 755 41,

293 760 412 810 147.
427 784 496 797 —
511 759 638 807 Eum
659 758 860 807 doctum
877 766 926 808 et
947 761 1230 824 sapientem

289 830 454 878 virum
481 826 643 877 fuisse
672 828 948 879 memoriae
973 828 1231 893 proditum

292 905 384 956 est,
417 896 594 961 parad.
626 894 677 955 3,
709 897 760 958 2,
793 894 878 945 23.
901 923 971 933 —
995 896 1230 947 Socrates

291 981 322 1015 a
338 965 546 1015 Platone
565 978 858 1028 expressus,
877 966 948 1017 ita
966 973 1154 1023 tamen,
1175 973 1230 1015 ut

291 1036 457 1083 maius
495 1034 740 1097 quiddam
777 1034 842 1082 de
875 1033 962 1083 illo
997 1036 1228 1099 suspice-

287 1118 420 1165 mur,
453 1102 516 1151 de
545 1108 669 1150 orat.
691 1100 741 1159 3,
771 1102 824 1166 4,
857 1101 940 1155 15.
965 1130 1030 1137 —
1061 1104 1138 1151 Ab
1167 1118 1228 1151 eo

285 1170 518 1237 profecta
537 1169 829 1229 Academia,
857 1169 922 1220 de
939 1186 988 1219 n.
1016 1172 1067 1221 d.
1096 1172 1144 1236 l,
1175 1171 1226 1235 5,

289 1239 374 1293 11.
415 1265 484 1276 -
515 1238 749 1290 Socrates
779 1238 1017 1303 opposuit
1045 1254 1102 1289 se
1141 1253 1228 1289 so-

285 1308 472 1375 phistis
498 1314 546 1357 ct
571 1308 848 1357 subtilitate
875 1308 1094 1370 quadam
1125 1308 1229 1359 dis-

284 1378 501 1443 putandi
529 1376 762 1426 refellere
793 1392 968 1426 eorum
1000 1377 1228 1427 instituta

289 1446 485 1496 solebat
528 1446 720 1503 νει-δίε,
757 1444 894 1499 Brut.
935 1444 987 1509 8,
1030 1444 1116 1497 31.
1158 1472 1229 1483 -·

288 1514 530 1580 Gorgiam
561 1522 610 1563 ct
641 1519 863 1565 caeteros
885 1515 1140 1577 sophistas
1164 1514 1227 1563 ab

289 1599 348 1635 eo
381 1582 521 1632 lusos
552 1598 682 1646 esse,
716 1581 886 1633 defin.
911 1584 963 1643 2,
1000 1585 1048 1643 1,
1081 1584 1134 1631 2.
1159 1609 1230 1619 -

287 1650 519 1701 Socrates
539 1650 790 1714 stupidus,
823 1650 1031 1712 bardus,
1053 1650 1228 1700 mulie-

286 1734 436 1771 rosus
463 1719 717 1769 iudicatus
746 1733 778 1767 a
798 1720 998 1783 Zopyro
1017 1718 1226 1784 physio-

287 1802 559 1855 gnomone,
572 1788 635 1837 de
650 1787 750 1837 fato
763 1786 816 1848 5,
832 1785 913 1838 10.
937 1789 1002 1837 cl.
1019 1787 1224 1836 Tuscul.

288 1859 339 1918 4,
369 1858 454 1917 37,
485 1856 570 1907 80.
587 1882 658 1893 -
677 1855 912 1906 Socrates
931 1856 1119 1906 fidibus
1140 1870 1226 1906 ca-

286 1943 408 1977 nere
431 1941 590 1977 senex
614 1926 812 1988 dicidit‚
844 1923 907 1976 de
927 1943 1037 1978 sen.
1063 1925 1112 1990 8,
1137 1923 1225 1980 26.

289 1996 356 2046 cl.
381 1995 446 2046 ad
467 1995 586 2044 l’am.
607 1995 660 2058 9,
689 1997 777 2056 22,
809 1994 861 2046 3.
883 2022 955 2032 —·
972 1995 1224 2055 Socrates,

289 2079 444 2127 quum
455 2063 822 2129 XXX-tyranni
835 2073 1022 2127 essent,
1041 2064 1227 2129 pedem

285 2140 436 2196 porta
459 2147 558 2181 non
580 2133 777 2195 extulit,
809 2134 875 2183 ad
893 2133 1000 2183 Att.
1024 2133 1074 2195 8,
1101 2134 1150 2196 2,
1171 2133 1222 2180 4.

285 2228 357 2237 -
385 2201 507 2248 Eius
537 2193 858 2263 δαιμόνιον,
892 2201 956 2257 de
985 2201 1145 2251 divin.
1172 2200 1222 2263 l,

285 2269 370 2331 54,
391 2268 491 2318 122
511 2281 622 2330 sqq·
644 2293 716 2303 —-
731 2267 982 2330 Socrates,
1003 2269 1140 2332 quod
1159 2270 1228 2319 ad

287 2336 648 2389 divinationem
697 2338 906 2402 attinet,
955 2339 1141 2389 mansit
1171 2338 1226 2386 in

285 2408 608 2470 antiquorum
639 2405 1063 2474 philosophorum
1109 2421 1225 2456 sen-

285 2478 462 2539 tentia,
500 2477 563 2526 de
582 2477 739 2528 divin.
769 2479 814 2540 l,
837 2477 887 2542 3,
911 2478 962 2528 5.
983 2505 1054 2515 —-
1075 2477 1226 2526 Prae-

287 2546 420 2596 clare
452 2544 688 2595 Socrates
716 2544 848 2596 hanc
871 2547 1005 2596 viam
1029 2545 1095 2595 ad
1115 2543 1226 2610 glo-

284 2615 416 2662 riam
445 2614 730 2678 proximam
756 2622 804 2664 et
823 2617 968 2677 quasi
989 2628 1228 2678 compen-

285 2682 498 2731 diariam
535 2681 730 2730 dicebat
765 2698 903 2742 esse,
943 2685 990 2731 si
1025 2683 1140 2744 quis
1173 2682 1228 2732 id

287 2756 490 2812 ageret,
547 2756 604 2797 nt
644 2750 808 2812 qualis
843 2751 1022 2800 haberi
1057 2748 1226 2814 vellet,

283 2817 402 2866 talis
434 2823 586 2874 esset,
619 2815 682 2864 de
717 2815 813 2866 off.
846 2820 898 2877 2,
931 2819 1016 2877 12,
1048 2817 1133 2868 43.
1157 2846 1229 2856 -—

287 2883 529 2935 Socrates
559 2883 730 2933 dicere
760 2885 956 2934 solebat
979 2901 1152 2936 omnes
1173 2887 1227 2936 in

286 2969 366 3019 eo,
407 2953 543 3016 quod
577 2953 778 3014 scirent,
817 2956 941 3004 satis
977 2969 1089 3004 esse
1121 2955 1227 3005 elo-

288 3032 514 3088 quenteS,
551 3022 615 3072 de
635 3031 760 3073 orat.
783 3024 833 3084 1,
869 3024 952 3083 14,
985 3023 1072 3076 63.
1093 3051 1164 3060 --
1179 3025 1227 3073 A

282 3093 516 3158 principe
538 3091 890 3157 philosophiae
917 3092 1121 3144 Socrate
1143 3108 1226 3142 sa-

283 3163 352 3212 tis
382 3162 568 3211 dictum
602 3169 680 3212 est
707 3163 770 3212 de
791 3163 1104 3212 ubertatibus
1129 3162 1225 3212 vir-

283 3231 408 3279 tutis
429 3238 479 3279 et
497 3230 678 3293 copiis,
700 3231 766 3281 de
783 3246 835 3280 n.
850 3233 900 3282 d.
916 3233 968 3288 2,
991 3231 1076 3295 66,
1104 3231 1225 3282 167.

284 3325 356 3334 --
373 3299 502 3346 Eum
523 3300 810 3362 accepimus
831 3301 1084 3350 exsecrari
1103 3300 1225 3350 soli-

285 3370 394 3413 tum
431 3380 538 3427 ece,
579 3368 665 3426 qui
701 3369 923 3431 primum
957 3368 1225 3416 honestum

288 3437 338 3479 et
373 3433 496 3481 utile
533 3438 714 3482 natura
757 3434 1080 3486 cohaerentia
1116 3435 1226 3499 opi-

1090 190 1464 241 SOCRATES.

1373 349 1524 397 nione
1558 348 1927 411 distr-exissent,
1966 348 2031 398 de
2060 346 2147 396 off.
2179 345 2235 409 3,
2264 346 2325 407 3,

1374 416 1459 469 11.
1480 416 1547 471 cl.
1568 417 1631 466 de
1650 416 1753 481 leg.
1779 416 1824 479 1,
1849 416 1931 475 12,
1954 415 2041 469 33.
2062 416 2135 465 lb.
2158 414 2209 475 1,
2231 415 2319 474 21,

1374 482 1459 537 56.
1472 511 1535 521 --
1561 484 1789 535 Socratis
1809 492 1859 533 et
1876 484 1929 534 C.
1944 484 2109 535 Laelii
2128 498 2322 545 aequa·

1370 553 1541 603 bilitas
1568 553 1622 602 in
1651 554 1793 603 omni
1822 554 1927 603 vita
1949 562 1998 603 et
2020 554 2163 612 idem
2180 566 2320 601 sem-

1370 637 1464 689 per
1481 621 1651 673 vultus
1670 623 1948 684 eademque
1965 620 2130 685 frons,
2152 621 2219 670 de
2230 621 2322 669 off.

1372 691 1422 753 1,
1455 690 1543 752 26,
1574 688 1660 741 90.
1700 690 1765 744 cl.
1788 688 1993 743 Tuscul.
2016 690 2069 750 3,
2106 686 2207 753 15,
2227 686 2317 739 31.

1370 787 1431 797 -
1458 760 1635 809 Parvis
1655 768 1935 819 contentus,
1956 760 2031 809 lb.
2052 757 2105 819 3,
2124 754 2212 817 23,
2230 756 2316 807 56.

1370 856 1443 867 -
1460 828 1625 888 Quum
1642 828 1783 878 aliud
1812 829 2017 886 diceret,
2038 826 2180 875 alind
2198 840 2317 875 sen-

1371 899 1505 963 tiret,
1526 896 1741 947 libenter
1748 898 1823 947 uti
1842 896 2022 947 solitus
2041 901 2119 944 est
2132 910 2193 943 ea
2208 896 2321 944 dis·

1360 965 1710 1027 simulatione,
1750 980 1904 1029 quam
1938 964 2115 1015 Graeci
2154 958 2323 1025 εἰρω-

1370 1031 1533 1083 νείαν
1554 1043 1753 1097 vocant,
1780 1033 1943 1083 Acad.
1972 1048 2051 1099 pr.
2067 1033 2119 1093 2,
2149 1032 2199 1093 5,
2230 1032 2321 1081 15.

1370 1103 1433 1155 cl.
1464 1103 1529 1152 de
1559 1103 1644 1152 off.
1672 1104 1719 1164 1,
1750 1100 1837 1162 30,
1872 1100 1989 1153 108.
2029 1102 2092 1151 de
2112 1106 2239 1149 orat.
2262 1100 2315 1159 2,

1369 1171 1454 1236 67,
1466 1169 1587 1222 270.
1602 1170 1739 1224 Brut.
1756 1170 1843 1234 85,
1858 1168 1979 1221 292.
1993 1166 2317 1219 -Socrates

1370 1256 1525 1303 quum
1554 1240 1835 1305 rogaretur,
1868 1240 2084 1289 cuiatem
2112 1252 2171 1288 se
2200 1250 2317 1287 esse

1370 1310 1577 1373 diceret,
1596 1308 1949 1359 eMundanum’
1961 1307 2144 1369 inquit,
2158 1305 2311 1357 Tusc.

1368 1376 1422 1439 5,
1434 1374 1523 1439 37,
1539 1375 1658 1427 108.
1669 1402 1738 1411 -
1754 1375 1990 1427 Socrates
2000 1375 2202 1425 dicebat
2212 1369 2314 1423 cibi

1370 1446 1742 1497 condimentum
1772 1460 1885 1495 esse
1906 1443 2113 1503 famem,
2145 1442 2312 1507 potio·

1368 1516 1449 1564 nis
1468 1516 1623 1573 sitim,
1650 1514 1714 1563 de
1733 1513 1821 1563 fin.
1846 1515 1899 1578 2,
1918 1512 2002 1579 28,
2020 1511 2107 1563 90.
2131 1538 2201 1546 -
2216 1510 2313 1561 So·

1368 1592 1560 1633 cratem
1594 1582 1788 1645 ferunt,
1848 1596 2004 1645 quum
2041 1596 2205 1643 usque
2243 1580 2312 1629 ad

1367 1666 1635 1719 vesperam
1684 1652 1971 1701 contentius
2031 1649 2313 1699 ambularet

1369 1722 1755 1784 quaesitumque
1783 1726 1917 1771 esset
1936 1734 2003 1769 ex
2024 1734 2104 1779 eo,
2134 1732 2242 1781 qna
2256 1732 2312 1767 re

1366 1790 1424 1839 id
1460 1789 1675 1849 faceret,
1720 1788 2049 1853 respondisse
2084 1802 2169 1849 se,
2208 1800 2314 1848 quo

1366 1858 1552 1909 melius
1582 1865 1811 1917 cenaret,
1852 1870 2104 1923 opsonare
2132 1855 2315 1905 ambu-

1366 1929 1521 1980 lando
1547 1928 1753 1988 famem,
1782 1926 1987 1978 Tuscul.
2012 1922 2065 1988 3,
2097 1922 2185 1989 34,
2220 1920 2313 1975 97.

1366 1995 1629 2059 SocrateS,
1679 1997 1733 2044 in
1784 2009 1976 2061 pompa
2012 2008 2167 2056 quum
2204 2008 2314 2043 ma·

1366 2061 2315 2194 {³332ssnffssffifiinssissssigssffiff‘i?

1366 2204 1493 2268 quit,
1534 2203 1613 2256 Ib.
1646 2202 1697 2262 5,
1732 2201 1819 2262 32,
1859 2199 1943 2252 91.
1975 2225 2048 2236 -
2074 2197 2315 2248 Socrates

1364 2271 1618 2322 Alcibiadi
1648 2271 1901 2335 persuasit
1930 2284 2046 2319 eum
2074 2267 2203 2316 nihil
2219 2267 2314 2315 ho-

1364 2342 1519 2390 minis
1540 2355 1653 2391 esse
1678 2345 1794 2400 etc.,
1830 2339 1903 2388 Ib.
1934 2337 1986 2400 3,
2017 2335 2103 2396 32,
2129 2335 2215 2388 77.
2242 2361 2315 2371 -·

1362 2409 1477 2458 Non
1496 2410 1608 2458 sine
1628 2423 1799 2469 causa,
1822 2421 1978 2470 quum
1988 2405 2218 2456 Orestem
2236 2403 2315 2453 fa-

1363 2478 1538 2528 bulam
1568 2478 1770 2528 doceret
1796 2476 2085 2540 EuripideS,
2117 2475 2315 2538 primos

1366 2552 1469 2596 tres
1498 2561 1677 2596 versus
1706 2559 1972 2597 revocasse
2002 2543 2193 2592 dicitur
2214 2539 2311 2591 So-

1365 2623 1548 2674 crates,
1572 2615 1646 2664 Ib.
1668 2616 1719 2676 4,
1745 2613 1829 2678 29,
1856 2612 1942 2664 63.
1962 2639 2034 2648 -
2050 2610 2311 2661 Socratem

1366 2684 1507 2734 aiunt
1535 2684 1703 2733 dicere
1729 2681 2010 2748 perfectum
2046 2680 2149 2729 sibi
2179 2693 2313 2744 opus

1367 2765 1499 2812 esse,
1534 2753 1577 2801 si
1607 2751 1695 2814 qui
1723 2751 1848 2802 satis
1874 2757 2009 2800 esset
2026 2749 2313 2798 concitatus

1367 2819 1709 2870 cohortatione
1738 2833 1833 2870 sna
1862 2819 1929 2868 ad
1964 2818 2185 2867 studium
2224 2829 2312 2864 co-

1366 2889 1692 2955 gnoscendae
1718 2888 2179 2954 percipiendaeque
2206 2885 2310 2934 vir-

1365 2959 1513 3014 tutis,
1564 2958 1628 3006 de
1664 2965 1790 3006 orat.
1833 2957 1889 3018 1,
1937 2956 2033 3015 47,
2081 2952 2201 3004 204.
2239 2977 2311 2988 ·-

1367 3025 1545 3076 Omnis
1582 3027 1691 3076 eius
1726 3028 1883 3076 oratio
1915 3025 1965 3073 in
1996 3024 2181 3072 virtute
2202 3021 2313 3069 lau-

1368 3096 1537 3145 danda
1565 3102 1613 3143 et
1640 3095 1691 3143 in
1710 3093 2001 3144 hominibus
2022 3093 2087 3141 ad
2106 3088 2311 3140 virtutis

1368 3164 1594 3213 studium
1626 3163 1951 3214 cohortandis
1975 3157 2309 3210 consumeba-

1366 3239 1464 3292 tur,
1498 3233 1657 3282 Acad.
1678 3239 1815 3296 post.
1839 3232 1887 3290 1,
1920 3231 1972 3287 4,
2004 3229 2087 3282 16.
2107 3254 2180 3264 -
2199 3226 2313 3285 Quo

1365 3302 1518 3352 modo
1564 3303 1618 3350 in
1668 3301 1859 3351 iudicio
1897 3300 2078 3362 capitis
2114 3310 2211 3363 pro
2256 3308 2313 3344 se

1367 3371 1481 3434 ipse
1515 3370 1718 3428 dixerit,
1750 3369 1814 3418 de
1838 3376 1963 3417 orat.
1984 3366 2033 3426 1,
2070 3369 2155 3420 54.
2184 3363 2308 3416 231.

1366 3463 1437 3473 -·
1456 3436 1667 3488 Summa
1695 3438 1805 3487 eius
1828 3438 1878 3486 in
1898 3445 2057 3486 morte
2078 3435 2311 3485 obeunda
