2500 3850
133 178 256 240 340
687 185 935 232 RoscrA
965 184 1106 231 Lex
1127 206 1210 215 —
1241 184 1308 243 Q.
1342 180 1651 229 Roscms.

202 354 308 393 tum
353 343 612 405 abripuit,
668 342 830 389 virtus
881 349 1046 389 tamen
1087 342 1140 388 iu

203 414 398 463 caelum
420 410 599 459 dicitur
617 408 904 468 sustulisse,
927 410 989 459 de
1019 424 1058 457 r.
1083 423 1136 473 p.

205 484 252 539 1,
279 481 357 535 16.
390 480 476 532 25.
501 506 564 516 —-
601 479 846 528 Romulus
884 478 969 525 ‘in
1000 478 1140 527 caelo

205 566 316 599 cum
351 550 428 599 dis
459 549 564 613 agit
584 552 818 608 aevom’‚
857 546 1024 596 famae
1051 546 1140 595 ad-

202 620 424 667 sentiens
459 618 587 665 dixit
607 618 828 675 Ennius‚
859 616 1062 664 Tuscul.
1089 615 1137 676 1,

205 688 286 749 12,
320 687 402 737 28.
434 713 500 721 -—
525 685 774 734 Romulus
807 686 955 733 rebus
977 684 1140 749 gestis

205 766 355 818 atque
392 756 657 804 virtutibus
689 754 916 803 escendit
949 755 1001 803 in
1021 768 1140 802 cae-

205 824 308 873 lum
329 862 344 886 ‚
383 824 559 889 parad.
591 824 609 870 1
637 860 648 878 ‚
683 824 732 882 2,
759 823 840 872 11.
866 823 1141 871 —Romu-

205 893 284 943 lus
315 909 378 942 ex
397 894 600 943 homine
623 893 747 941 deus
782 891 974 951 factuS,
1005 892 1068 941 de
1097 906 1138 943 r.

204 977 259 1026 P.
297 962 347 1025 3,
387 962 481 1021 28,
521 959 607 1010 40.
639 987 703 997 —
741 960 870 1009 Eum
906 961 1141 1009 eumdem

205 1044 318 1079 esse
343 1030 604 1088 Quirinum
626 1035 820 1092 putant,
857 1028 920 1077 de
940 1044 991 1081 n.
1012 1029 1062 1078 d.
1087 1030 1138 1087 2,

203 1099 286 1155 24,
309 1100 391 1147 62.
417 1124 482 1131 —-
501 1096 644 1145 Cotta
662 1104 711 1143 et
729 1096 980 1157 Torquato
1001 1112 1135 1149 coss,

206 1182 254 1216 a.
287 1182 336 1213 u.
371 1181 414 1213 c.
449 1164 567 1217 689.
628 1172 791 1213 tactus
829 1174 904 1213 est
929 1164 1140 1214 fulmine

205 1234 324 1292 ille,
382 1234 467 1296 qui
502 1234 631 1283 hanc
668 1234 843 1283 urbem
891 1234 1136 1297 condidit,

203 1302 448 1352 Romulus
464 1339 478 1366 ,
516 1304 568 1351 in
589 1302 736 1354 Catil.
758 1301 790 1353 3
807 1339 819 1362 ‚
841 1304 900 1361 8,
933 1302 1016 1356 19.
1073 1303 1135 1352 cl.

207 1373 271 1421 de
293 1373 450 1425 divin.
482 1374 534 1431 2,
561 1372 646 1431 20,
670 1371 755 1422 45.
777 1395 843 1407 ·-·-
882 1371 947 1421 cf.
970 1386 1061 1437 pro
1082 1370 1136 1420 G.

204 1442 413 1490 Rabirio
440 1442 584 1506 perd.
607 1444 669 1499 4,
709 1440 789 1491 13.
846 1442 908 1490 de
928 1456 977 1489 n.
1003 1442 1053 1490 (1.
1087 1440 1138 1503 3,

134 1576 346 1627 Roscia
361 1578 468 1639 lex,
482 1578 760 1629 theatralis,
775 1577 970 1631 Cornel.
988 1580 1137 1643 prim.

203 1646 384 1709 fragm.
409 1646 490 1695 26.
517 1646 704 1709 p.213.
743 1646 963 1711 Philipp.
981 1649 1033 1708 2,
1061 1648 1139 1711 18,

203 1716 288 1762 44.
329 1714 395 1761 ad
415 1715 518 1763 Att.
540 1716 590 1777 2,
612 1714 694 1776 19,
718 1715 768 1767 3.

133 1780 414 1833 Rosciana
435 1783 648 1835 imitatio
669 1785 824 1849 seniS,
846 1785 910 1835 de
944 1790 1071 1838 orat.
1088 1786 1138 1843 2,

134 1935 396 2000 Roscius,
419 1939 682 2002 municeps
697 1937 880 1988 Velleii
892 1939 1138 2004 Epicurii.

203 2007 534 2070 Epigramma
554 2006 610 2064 Q.
639 2007 802 2056 Catuli
821 2010 872 2057 in
893 2023 1027 2067 eum,
1057 2010 1140 2058 cui

205 2075 300 2124 deo
335 2075 557 2138 pulcrior
589 2076 880 2126 videbatur:
940 2085 990 2134 at
1035 2084 1140 2126 erat

201 2144 602 2206 perversissimis
623 2144 782 2192 oculis
799 2181 812 2208 ‚
853 2147 916 2194 de
935 2160 988 2193 n.
1013 2147 1063 2195 d.
1089 2147 1136 2205 1,

203 2210 289 2273 28,
317 2209 398 2259 79.

134 2294 198 2348 1..
225 2292 496 2360 Roscius,
533 2295 730 2361 legatus
756 2298 936 2362 populi
966 2298 1134 2363 Rom„

202 2368 532 2430 interemptus
583 2383 613 2415 a
651 2367 802 2417 Larte
849 2365 1137 2427 Tolumnio,

149 2476 158 2484 .
199 2436 490 2486 Veientium
509 2451 653 2501 rege,
669 2451 714 2490 a.
727 2453 781 2486 n.
795 2453 838 2486 c.
857 2435 1000 2501 316„
1021 2437 1140 2488 Phi-

204 2505 329 2569 lipp.
359 2505 409 2569 9,
433 2506 482 2566 2,
505 2507 670 2569 4sqq.

133 2587 196 2640 L.
223 2588 464 2640 Roscius
489 2587 660 2654 Otho,
683 2593 745 2654 ie,
770 2592 857 2653 qui
879 2589 1042 2655 legem
1063 2599 1140 2640 tu-

201 2659 276 2719 lit,
314 2667 368 2706 ut
388 2660 438 2706 in
467 2659 662 2707 theatro
684 2659 936 2720 equitibus
955 2659 1138 2708 Roma-

200 2727 280 2774 nis
309 2725 430 2773 XIV
449 2727 652 2775 ordines
681 2727 945 2788 spectandi
977 2727 1138 2789 gratia

203 2795 454 2842 darentur.
527 2793 759 2854 Equestri
791 2793 956 2842 ordini
991 2796 1138 2844 resti-

199 2862 296 2911 tuit
332 2877 430 2911 non
471 2860 636 2910 solum
672 2860 1000 2924 dignitatem,
1041 2865 1135 2912 sed

199 2931 351 2980 etiam
403 2930 734 2993 voluptatem.
821 2929 997 2990 Itaque
1049 2930 1133 2980 lex

200 2999 345 3059 haec,
385 3015 514 3062 quae
535 2997 601 3046 ad
629 2995 778 3046 ludos
797 2997 1031 3062 pertinet,
1057 3009 1133 3050 est

201 3069 424 3118 omnium
455 3066 772 3132 gratissima,
805 3081 898 3130 pro
926 3067 1133 3119 Murena

204 3135 292 3194 19,
333 3135 417 3186 40.
446 3165 511 3172 -
546 3133 674 3185 Otho
710 3136 842 3186 male
874 3144 1130 3198 tractatu5‚

201 3206 266 3254 ad
279 3205 382 3256 Att.
409 3203 490 3268 13,
514 3205 596 3268 29,
616 3205 665 3254 2.
697 3205 758 3254 cl.
781 3207 846 3256 ib.
875 3206 954 3266 12,
977 3206 1062 3269 37,
1079 3211 1128 3259 2.

197 3274 272 3323 Ib.
296 3274 377 3334 12,
394 3273 478 3335 38,
501 3276 551 3328 4.
593 3275 668 3324 Ib.
694 3275 774 3338 12,
801 3269 886 3339 42,
916 3276 962 3334 1,

131 3355 200 3420 Q.
222 3355 462 3408 Roscius
486 3360 786 3424 comoedus,
817 3361 1130 3418 Lanuvinus.

198 3449 264 3459 —-
287 3429 338 3473 ln
362 3425 565 3484 Solonio
581 3443 706 3492 puer
727 3428 1134 3494 circumplicatur

1278 339 1526 401 serpentis
1571 336 1827 400 amplexu.
1908 334 2227 400 Haruspices

1280 406 1499 457 consulti
1540 406 1908 470 responderunt
1954 403 2087 452 nihil
2131 404 2227 453 illo

1278 490 1434 541 puero
1454 474 1659 536 clarius,
1694 472 1819 523 nihil
1838 471 2063 523 nobilius
2092 472 2227 531 fore,

1281 546 1345 593 de
1369 545 1526 594 divin.
1554 544 1601 605 1,
1626 542 1713 603 36,
1736 540 1818 591 79.
1875 542 1937 593 cl.
1960 542 2032 591 ib.
2056 546 2107 602 2,
2133 542 2223 603 31,

1279 612 1365 667 66.
1405 640 1469 648 —
1502 612 1560 671 Q.
1582 612 1797 661 Roscius
1820 608 2108 661 comoedus
2140 626 2226 661 ar-

1278 690 1380 730 tem
1426 680 1775 729 histrionicam
1817 680 1989 729 docuit
2021 679 2225 729 Panur-

1278 766 1401 815 gum
1432 759 1481 799 et
1516 748 1721 800 Erotem
1764 763 1961 798 summo
2001 750 2118 809 otim
2152 749 2227 799 la-

1279 820 1430 879 bore,
1455 817 1714 867 stomacho
1750 818 2088 879 miseriaque,
2124 832 2223 883 pro

1279 889 1428 937 Rosc.
1454 902 1583 939 com.
1615 888 1707 945 11,
1747 886 1831 938 30.
1865 913 1932 921 -
1968 887 2097 935 Eum
2131 888 2223 936 de-

1280 956 1443 1009 fendit
1472 955 1673 1018 Cicero,
1705 954 1779 1008 Ib.
1823 956 1877 1017 1,
1922 956 1950 1005 1
1993 970 2109 1019 sqq.
2150 981 2221 991 —-·

1280 1026 1531 1076 Rosciana
1561 1026 1771 1073 imitatio
1806 1026 1970 1087 seme,
2003 1025 2070 1074 de
2090 1034 2220 1074 orat.

1279 1096 1329 1154 2,
1365 1095 1449 1157 29,
1486 1094 1609 1143 242.
1647 1120 1718 1129 —-
1756 1094 1831 1145 lb.
1872 1093 1932 1152 1,
1970 1096 2056 1153 27,
2096 1094 2220 1143 124.

1280 1192 1345 1199 -
1373 1162 1539 1228 Saepe
1575 1162 1805 1220 dicebat,
1846 1177 1903 1211 se
1936 1162 2107 1211 adhuc
2146 1177 2224 1211 re-

1279 1232 1443 1297 perire
1503 1229 1843 1295 discipulum,
1902 1246 2053 1293 quem
2108 1232 2224 1293 qui-

1282 1302 1393 1350 dem
1446 1300 1713 1364 probaret,
1754 1301 1995 1365 potuisse
2058 1302 2223 1349 nemi-

1279 1384 1422 1431 nem,
1462 1370 1535 1417 Ib.
1575 1368 1634 1429 1,
1672 1368 1764 1429 28,
1802 1368 1917 1421 129.
1958 1397 2023 1404 -
2053 1370 2113 1419 ld
2144 1377 2223 1418 est

1280 1447 1613 1494 consecutus,
1650 1445 1732 1497 ut,
1772 1438 1823 1485 in
1855 1453 1955 1500 quo
2000 1440 2219 1502 quisque

1280 1506 1487 1555 artificio
1526 1505 1819 1567 excelleret,
1852 1507 1897 1555 is
1926 1508 1976 1554 in
2008 1522 2101 1555 suo
2132 1524 2221 1572 ge-

1278 1590 1397 1624 nere
1411 1574 1667 1624 ‘Roscius’
1684 1574 1947 1638 diceretur,
1970 1577 2041 1629 lb.
2069 1578 2111 1634 l,
2130 1577 2215 1637 28,

1284 1643 1398 1695 130.
1447 1670 1519 1681 —-
1564 1642 1730 1708 Saepe
1770 1644 1999 1705 dicebat,
2063 1654 2218 1708 caput

1280 1728 1393 1763 esse
1412 1714 1534 1761 artis
1562 1712 1771 1774 decere,
1794 1713 1866 1762 lb.
1894 1713 1953 1773 1,
1976 1712 2074 1777 29,
2100 1713 2216 1765 132.

1278 1782 1582 1831 —Roscius
1611 1781 1662 1829 in
1693 1788 1947 1831 senectute
1979 1787 2217 1831 numeros

1278 1854 1333 1901 in
1377 1858 1527 1899 cantu
1568 1850 1817 1899 reciderat
1846 1852 2088 1914 ipsasque
2118 1860 2217 1899 tar-

1282 1921 1448 1974 diores
1465 1918 1655 1968 fecerat
1672 1919 1841 1981 tibias,
1880 1920 1943 1969 de
1962 1919 2062 1986 leg.
2094 1920 2143 1980 1,
2166 1925 2215 1977 4,

1281 1989 1365 2041 11.
1407 2015 1477 2024 —
1522 1985 1727 2039 Solebat
1770 1989 1936 2039 dicere
1987 2005 2075 2052 se,
2118 2005 2216 2052 quo

1276 2058 1393 2122 plus
1434 2057 1531 2106 sibi
1566 2058 1743 2107 aetatis
1778 2059 2073 2120 accederet,
2119 2067 2218 2106 tar-

1279 2129 1445 2176 diores
1491 2125 1715 2175 tibicinis
1762 2129 1939 2176 modos
1986 2153 2053 2162 —-
2104 2141 2217 2179 esse

1278 2195 1548 2254 facturum,
1590 2195 1653 2244 de
1673 2203 1799 2244 orat.
1832 2195 1879 2259 l,
1900 2195 1985 2258 60,
2007 2196 2126 2246 254.
2154 2223 2217 2232 -

1277 2265 1401 2322 Eius
1432 2272 1607 2328 gestus
1628 2270 1679 2312 et
1708 2272 1941 2315 venustas
1975 2277 2107 2330 opus
2141 2273 2215 2314 est

1279 2334 1494 2392 oratori,
1533 2333 1604 2380 Ib.
1632 2332 1677 2392 1,
1702 2328 1789 2393 29,
1808 2332 1925 2384 251.
1959 2359 2024 2368 -
2059 2332 2217 2382 Nemo

1277 2409 1379 2451 tam
1416 2403 1583 2453 animo
1620 2402 1809 2466 agresti
1848 2417 1907 2455 ao
1941 2402 2070 2466 duro
2100 2401 2217 2461 fuit,

1278 2478 1335 2520 ut
1350 2470 1525 2519 Roscii
1556 2477 1716 2521 morte
1747 2486 1859 2522 a.u.
1890 2487 1931 2519 c.
1955 2469 2075 2521 693.
2118 2485 2217 2520 non

1281 2539 1721 2591 commoveretur?
1760 2539 1851 2601 qui
1885 2554 2041 2602 quum
2084 2549 2219 2588 esset

1278 2623 1437 2658 senex
1491 2614 1719 2657 mortuus
1740 2645 1753 2668 ,
1794 2615 1964 2659 tamen
2008 2615 2219 2674 propter

1277 2677 1607 2734 excellentem
1628 2683 1787 2732 artem
1816 2691 1876 2729 ac
1898 2685 2215 2726 venustatem

1276 2745 1544 2795 videbatur
1579 2745 1781 2797 omnino
1818 2747 1946 2799 mori
1985 2761 2087 2796 non
2126 2747 2215 2796 de·

1276 2815 1467 2873 buisse,
1502 2829 1594 2878 pro
1618 2813 1807 2865 Archia
1822 2815 1873 2874 8,
1898 2814 1981 2867 17.
2002 2842 2079 2856 --
2096 2816 2216 2864 Per-

1274 2892 1507 2933 sonatum
1532 2897 1595 2932 ue
1626 2881 1867 2935 Roscium
1888 2885 2093 2945 quidem
2126 2897 2217 2933 no-

1274 2952 1365 3006 stri
1406 2966 1555 3000 senes
1605 2965 1788 3016 magno
1834 2966 1987 3016 opere
2035 2953 2215 3002 lauda-

1271 3023 1419 3083 bant,
1455 3021 1519 3069 de
1557 3027 1681 3069 orat.
1724 3019 1785 3082 3,
1830 3019 1929 3084 59,
1974 3023 2094 3074 221.
2146 3049 2211 3058 —-

1272 3089 1516 3143 ‘Roscius
1552 3096 1627 3138 est
1646 3089 1709 3137 fin
1738 3093 1975 3152 scaena3,
2006 3104 2215 3154 prover-

1272 3158 1413 3208 bium
1448 3157 1511 3206 de
1546 3156 1769 3222 perfecto
1808 3165 2029 3214 oratore,
2064 3158 2207 3208 Brut.

1271 3227 1367 3286 84,
1403 3225 1521 3276 290.
1569 3253 1638 3262 —
1674 3225 1739 3274 cf.
1776 3227 1999 3280 demat.
2038 3228 2090 3290 2,
2124 3227 2211 3289 57,

1271 3294 1392 3346 233.
1468 3296 1529 3343 de
1566 3311 1610 3342 r.
1652 3309 1707 3358 p.
1748 3297 1946 3358 4,,12,
1992 3296 2075 3348 14.
2142 3323 2212 3334 ·-

1271 3363 1446 3483 Rgscii
1486 3363 1690 3422 laudes,
1729 3363 1792 3412 de
1838 3372 1961 3414 orat.
2005 3362 2073 3426 3,
2122 3364 2209 3428 26,
