2500 3850
274 181 397 241 252

810 192 1023 242 mos
1056 215 1130 225 --
1166 194 1228 253 Q,
1259 193 1591 242 MINUCIUS
1617 195 1859 243 RUFUS.

338 351 547 402 Phidias
590 351 710 402 fecit
742 349 951 400 Athenis
971 386 985 410 ,
1015 350 1157 402 Brut.
1184 350 1270 409 73,
1341 347 1590 400 Minucia
1611 351 1853 414 portiom,
1893 349 2024 401 facta
2044 366 2075 400 a
2094 352 2166 401 Μ.
2189 351 2360 403 Minu-

338 420 461 474 257.
522 420 587 470 de
630 421 859 499 orat-J,
909 417 961 471 9.
1018 418 1269 484 paradox.

1412 421 1490 468 cio
1512 418 1662 478 Rufo,
1699 418 1919 483 Philipp.
1944 422 1994 482 2,
2014 419 2099 484 34,
2122 421 2214 474 84.

336 503 565 552 prooem.
598 490 647 540 5.
687 515 753 524 -
786 484 983 552 Ερμῆς
1008 501 1282 538 commune·
1340 485 1591 538 Minucia
1617 489 1729 546 via,
1767 489 1926 538 Roma
1955 505 1986 538 a
2013 498 2161 553 porta
2191 491 2354 538 Minu-

342 559 564 608 omnium
586 567 635 606 et
659 557 884 608 Minerva
914 555 1173 622 singulare
1198 563 1276 606 est

339 627 540 693 insigne
559 627 659 676 mei
688 627 970 692 gymnasii,
1010 627 1077 676 ad
1095 627 1197 675 Aa.
1224 626 1273 684 l,

340 699 391 758 4,
414 695 463 747 3.
490 723 561 736 -—
580 698 801 745 Minerva
827 704 959 744 artes
980 693 1273 745 Ciceronem

320 765 539 827 ¹docuit,
585 765 769 830 fragm.
797 780 851 830 p.
890 764 1011 816 342.
1052 791 1119 800 -
1164 764 1274 813 Etsi

340 849 440 883 non
458 849 546 886 sus
569 834 870 895 Minervam,
904 843 960 883 ut
999 835 1163 894 aiunt,
1196 843 1273 882 ta-

339 918 455 953 men
490 905 686 968 inepte,
724 904 957 966 quisquis
995 901 1272 952 Minervam

340 974 507 1031 docet,
534 973 695 1023 Acad.
715 979 849 1037 post.
874 971 923 1032 1,
945 969 996 1030 5,
1021 971 1105 1022 18.

266 1039 471 1092 Minos.
500 1040 700 1091 Cretum
731 1041 936 1104 quidem
964 1039 1122 1105 legeS‚
1143 1057 1271 1102 quas

334 1113 444 1159 sive
480 1111 708 1174 Iuppiter
742 1111 851 1160 sive
879 1109 1045 1158 Minos
1080 1111 1269 1170 sanxit,

334 1179 399 1228 de
416 1180 554 1228 Iovis
584 1178 789 1240 quidem
816 1179 1094 1243 sententia,
1131 1178 1273 1228 labo-

332 1246 473 1296 ribus
514 1248 753 1298 erudiunt
799 1248 1107 1297 iuventutem
1129 1283 1144 1310 ‚
1182 1263 1270 1297 ve-

332 1317 519 1376 nando,
557 1317 825 1379 currendo,
866 1317 1158 1378 esuriendo,
1198 1319 1270 1365 si-

330 1386 520 1448 tiendo,
555 1386 792 1451 algentia,
832 1386 1139 1442 aestuando,
1170 1385 1272 1434 Tu-

332 1454 456 1504 scul.
484 1456 545 1517 2,
573 1456 653 1520 14,
674 1454 760 1506 34.
785 1483 856 1494 -—-
887 1455 1048 1504 Minos
1068 1455 1270 1505 Cretum

332 1521 678 1586 νομοθέτης,
718 1525 781 1574 de
810 1539 852 1576 r.
883 1538 939 1588 p.
972 1525 1022 1587 2,
1049 1525 1096 1586 1,
1120 1524 1173 1574 2.
1203 1549 1268 1559 -

332 1593 376 1640 M
386 1594 498 1641 inos
529 1600 580 1641 et
606 1592 1048 1652 Rhadamanthum,
1088 1595 1268 1642 inexo-

330 1659 524 1709 rabiles
553 1662 749 1711 iudices
774 1662 913 1726 apud
935 1661 1143 1714 inferos.
1163 1661 1269 1710 T'u·

330 1727 456 1778 scul.
483 1729 529 1787 1,
551 1728 602 1786 5,
621 1729 701 1784 10.
769 1731 843 1782 lb.
874 1730 922 1789 1,
951 1729 1039 1793 41,
1064 1730 1152 1782 98.
1205 1732 1269 1780 de

330 1797 419 1846 off.
451 1797 497 1860 1,
525 1797 611 1858 28,
632 1799 719 1850 97.

258 1862 635 1916 Minotaurus.
706 1867 1045 1916 Minotaurum
1097 1868 1268 1918 iocose

329 1935 557 2003 appellat
586 1934 891 1995 Calvisium,
927 1935 986 1995 Q.
1008 1935 1265 1987 Cornificii

327 2005 585 2055 aemulum
641 2014 690 2056 et
746 2007 1008 2055 inimicum
1033 2044 1047 2067 ‚
1110 2012 1128 2039 θ
1150 2022 1266 2056 cum

326 2089 526 2124 summa
554 2075 834 2125 offensione
866 2074 1184 2136 Minotauri’‚
1213 2076 1266 2124 id

325 2152 419 2203 est,
442 2142 649 2194 Calvisii
668 2153 717 2193 et
738 2144 923 2204 Tauri,
945 2144 1011 2193 ad
1031 2144 1154 2194 fam.
1180 2144 1264 2205 12,

254 2276 597 2342 Minturnae,
638 2280 887 2345 oppidum
911 2282 1266 2331 Auruncorum

326 2351 378 2397 in
398 2349 618 2399 confinio
647 2348 954 2414 Campaniae
974 2356 1023 2398 et
1042 2350 1173 2399 Latii
1200 2350 1264 2399 ad

325 2418 458 2469 Liris
490 2419 636 2469 ostia.
676 2445 733 2457 -
766 2417 955 2470 Salicta
975 2419 1041 2467 ad
1057 2418 1264 2467 Mintur-

324 2502 418 2536 nas
439 2489 656 2538 vendere
677 2488 876 2538 volebat
894 2489 950 2541 P.
974 2486 1176 2548 Rullus,
1200 2488 1264 2536 de

323 2557 436 2621 lege
454 2572 564 2621 agr.
589 2560 639 2619 2,
664 2558 746 2615 14,
767 2557 850 2610 36.
892 2583 960 2593 --
996 2555 1051 2610 C.
1074 2557 1262 2605 Marius

326 2626 589 2675 demersus
620 2628 671 2673 in
707 2625 1123 2675 Minturnensium
1164 2639 1259 2688 pa-

324 2693 544 2753 ludibuS,
560 2696 611 2742 in
632 2694 801 2742 Pison.
826 2692 910 2752 19,
931 2693 1017 2745 43.
1042 2721 1107 2729 —
1126 2694 1258 2742 Min-

1413 558 1492 606 cia
1510 557 1836 607 Brundisium
1852 594 1866 618 ,
1898 559 1973 608 ‘ad
1991 559 2093 610 Att.
2116 559 2168 620 9,
2185 559 2240 616 6,
2270 561 2317 609 1.

1343 622 1625 678 Minucius
1647 627 1854 688 quidam
1887 635 2115 682 mortuus
2139 637 2216 678 est
2237 641 2352 678 ante

1413 695 1471 747 C.
1509 697 1721 746 Verrem
1755 703 2036 760 praetorem
2077 699 2349 748 urbanum.

1413 764 1537 813 Eius
1576 773 1932 816 testamentum
1973 774 2081 815 erat
2123 767 2348 816 nullum:

1413 832 1528 898 lege
1563 832 1819 884 hereditas
1848 835 1912 884 ad
1950 843 2152 900 gentem
2185 836 2350 884 Minu-

1411 904 1543 954 ciam
1565 903 1811 964 veniebat,
1855 905 1995 954 Verr.
2035 914 2256 954 accusat.
2300 905 2346 966 1,

1410 971 1636 1032 45,115.

1341 1038 1642 1103 Minucius,
1661 1039 1878 1091 fortasse
1900 1041 2150 1092 Minucius
2166 1042 2345 1092 Ruqu.

1407 1111 1492 1158 Ad
1517 1109 1790 1159 Minucium
1804 1111 2073 1160 Tarentum
2099 1112 2207 1160 vult
2225 1114 2347 1160 scri-

1412 1180 1530 1229 bere
1571 1177 1778 1236 Cicero,
1819 1179 1883 1228 ad
1906 1183 2006 1228 Ait.
2032 1180 2125 1238 11,
2173 1180 2254 1239 14,
2293 1179 2344 1230 3.

1408 1247 1600 1380 gli-211,
1632 1247 1714 1307 15,
1746 1250 1798 1298 2.
1861 1249 1926 1297 ad
1951 1248 2008 1308 Q.
2037 1249 2101 1302 fr.
2126 1248 2186 1313 3,
2214 1250 2271 1310 1,
2293 1249 2342 1299 6.

1343 1383 1442 1434 Cn.
1493 1382 1788 1435 Minucius.
1863 1386 1937 1434 De
1974 1386 2063 1435 Cn.
2105 1387 2342 1448 Minuci0,

1410 1469 1561 1516 quem
1591 1454 1886 1503 Cornificius
1925 1455 2228 1516 quibusdam
2265 1457 2344 1504 lit-

1407 1524 1530 1572 teris
1553 1524 1619 1572 ad
1651 1523 1844 1578 caelum
1875 1523 2114 1573 laudibus
2150 1525 2344 1574 extule—

1406 1601 1511 1650 rat,
1547 1607 1776 1642 rumores
1801 1593 2030 1643 duriores
2071 1601 2237 1654 erant,
2279 1595 2344 1642 ad

1415 1660 1536 1710 fam.
1564 1662 1647 1719 12,
1669 1661 1754 1712 25.
1780 1677 1826 1710 a.
1852 1663 1900 1711 7.

1336 1725 1618 1779 Minucius
1649 1728 1893 1780 Basilus.
1933 1730 2090 1780 Basili
2120 1733 2338 1790 bustum,

1409 1799 1476 1848 ad
1506 1800 1606 1846 Aa.
1631 1801 1680 1858 7,
1705 1798 1757 1858 9,
1783 1799 1829 1848 1.

1337 1863 1404 1914 L.
1457 1863 1739 1917 Minucius
1797 1866 2059 1932 Basilus,
2113 1867 2341 1932 locuples

1407 1936 1575 1987 hom0.
1618 1938 1740 1986 Eius
1760 1946 2111 1987 testamentum
2137 1939 2341 2000 quidam

1407 2022 1435 2056 e
1474 2005 1683 2055 Graecia
1721 2007 2014 2063 attulerunt,
2065 2007 2128 2055 de
2167 2006 2247 2058 off.
2289 2007 2340 2064 3,

1408 2074 1503 2136 18,
1542 2073 1628 2127 73.
1665 2102 1735 2111 —-
1758 2075 2052 2124 Avunculus
2072 2075 2140 2123 M.
2163 2075 2338 2135 Satrii,

1407 2145 1490 2191 cui
1510 2151 1808 2192 testamento
1829 2144 2064 2209 adoptato
2096 2146 2195 2208 ipsi
2215 2159 2342 2207 quo-

1407 2227 1504 2274 que
1521 2220 1700 2276 postea
1723 2227 1904 2262 nomen
1932 2213 2028 2263 fuit
2045 2212 2104 2261 L.
2131 2212 2344 2270 Minucii

1407 2280 1580 2344 Basili,
1622 2282 1693 2335 lb.
1713 2281 1763 2339 3,
1796 2281 1874 2343 18,
1897 2284 1982 2335 74.

1335 2348 1399 2399 1..
1429 2346 1709 2399 Minucius
1743 2346 1966 2400 Basilus
1988 2386 2002 2412 ,
2041 2352 2244 2415 proprie
2263 2350 2336 2399 M.

1405 2416 1623 2478 Satrius,
1645 2418 1874 2467 Caesaris
1895 2418 2121 2485 legatust
2158 2427 2341 2484 postea

1406 2488 1534 2535 inter
1587 2487 1814 2537 Caesaris
1857 2502 2177 2553 percussoues
2219 2489 2338 2547 fuit,

1403 2556 1468 2604 ad
1485 2558 1589 2607 Att.
1619 2556 1698 2619 11,
1719 2558 1770 2616 5,
1791 2554 1841 2606 3.
1879 2582 1938 2592 -—
1977 2557 2037 2605 Ei
2064 2558 2127 2607 de
2153 2556 2340 2607 Caesa-

1401 2627 1473 2673 ris
1520 2626 1674 2674 caede
1723 2626 2102 2690 congratulatur
2141 2624 2336 2687 cicere,

1397 2694 1462 2742 nd
1485 2693 1606 2746 fam.
1629 2694 1680 2751 6,
1705 2694 1785 2745 15.

322 2769 585 2810 turnenses
610 2760 795 2820 coloni,
825 2761 961 2823 quod
974 2762 1029 2812 C.
1044 2762 1254 2812 Marium
1330 2760 1660 2827 (Minucius)
1676 2760 2086 2825 Basilus,homo
2099 2777 2336 2825 nequam,

323 2844 350 2877 e
380 2829 515 2878 civili
541 2828 673 2879 ferro
695 2838 845 2892 atque
870 2845 932 2879 ex
950 2830 1127 2894 impiis
1147 2846 1257 2880 ma-
1397 2832 1620 2895 Philipp.
1647 2832 1677 2879 2
1694 2868 1707 2889 ‚
1731 2832 1817 2889 41,
1844 2830 1957 2881 107.

322 2898 472 2947 nibus
501 2902 813 2962 eripuerunt,
849 2906 1052 2949 aeterna
1070 2900 1123 2947 in
1142 2899 1257 2949 lau·
1326 2899 1404 2950 Μ.
1447 2896 1726 2951 Minucius
1765 2897 1991 2951 Basilus
2036 2900 2085 2947 in
2129 2900 2336 2948 indiciis

321 2968 386 3017 de
406 2975 697 3032 versantur,
717 2982 811 3032 pro
832 2968 1036 3018 Plancio
1059 2967 1143 3034 10,
1166 2969 1253 3023 26.
1397 2969 1614 3034 publicis
1655 2970 1862 3019 florente
1892 2984 1946 3017 re
1973 2969 2112 3032 publ.
2145 2968 2334 3027 floruit,

319 3036 508 3086 Marius
558 3037 606 3085 in
669 3036 941 3101 paludibus
993 3039 1256 3088 demersus
1395 3054 1486 3103 pro
1505 3037 1696 3088 Clucnt.
1724 3038 1816 3096 38,
1839 3039 1954 3090 107.

320 3120 567 3158 concursu
586 3120 645 3155 ac
673 3107 1021 3158 misericordia
1043 3108 1251 3156 Mintur·
1325 3106 1393 3171 Q.
1415 3104 1694 3157 Minucius
1713 3104 1918 3169 Rufus,
1942 3106 2118 3156 consul
2138 3122 2252 3156 cum
2273 3106 2332 3156 C.

319 3175 550 3224 nensium
576 3190 761 3241 corpus
790 3191 851 3226 ac
875 3178 1029 3226 vitam
1050 3190 1253 3226 conser-
1393 3176 1626 3226 Cornelio
1649 3176 1903 3241 Cethego,
1943 3190 1991 3227 a.
2024 3190 2075 3224 u.
2111 3192 2154 3223 c.
2190 3175 2332 3237 557„

316 3245 483 3304 ravit,
524 3254 638 3309 post
658 3245 804 3295 redit.
830 3245 897 3295 ad
916 3246 1055 3305 Quir.
1078 3244 1129 3307 8,
1162 3246 1247 3297 20.
1393 3246 1530 3294 Brut.
1561 3244 1624 3294 18
1641 3282 1655 3304 ,
1678 3245 1761 3296 73.

318 3327 409 3375 pro
430 3311 562 3361 Sest.
585 3314 671 3371 22,
698 3311 786 3366 50.
842 3314 905 3363 ad
928 3317 1027 3362 Aa.
1053 3312 1105 3374 5,
1127 3314 1175 3376 1,
1198 3314 1247 3363 5.
1325 3312 1394 3377 Q.
1421 3310 1703 3363 Minucius
1727 3312 1916 3363 Rufus
1933 3349 1947 3377 ,
1985 3328 2142 3376 eques
2177 3313 2326 3361 Rom.

320 3380 392 3426 ib.
415 3380 465 3438 5,
489 3378 548 3443 3,
572 3381 621 3429 2.
673 3382 748 3431 Ib.
770 3384 820 3442 7,
847 3382 930 3441 13,
953 3382 1006 3432 5.
1068 3382 1141 3432 lb.
1167 3380 1249 3440 16,
1391 3395 1593 3430 causam
1635 3381 1836 3445 Sopatri
1881 3381 2195 3446 Halicyensis
2243 3381 2334 3430 de·

321 3445 401 3507 10,
428 3446 477 3499 1.
1392 3450 1554 3499 feudit
1575 3451 1710 3513 apud
1736 3449 1790 3503 C.
1815 3452 2047 3512 Verrem,
2068 3453 2201 3503 Verr
2243 3464 2330 3497 ac-
