<?xml version="1.0" encoding="UTF-8"?>
<!DOCTYPE html PUBLIC "-//W3C//DTD XHTML 1.0 Transitional//EN"
    "http://www.w3.org/TR/xhtml1/DTD/xhtml1-transitional.dtd">
<html xmlns="http://www.w3.org/1999/xhtml" xml:lang="en" lang="en">
 <head>
  <title>
</title>
<meta http-equiv="Content-Type" content="text/html;charset=utf-8" />
  <meta name='ocr-system' content='tesseract 3.04.00' />
  <meta name='ocr-capabilities' content='ocr_page ocr_carea ocr_par ocr_line ocrx_word'/>
</head>
<body>
  <div class='ocr_page' id='page_1' title='image "./scriptaquaemans04mlgoog_0329.png"; bbox 0 0 2500 3850; ppageno 0'>
   <div class='ocr_carea' id='block_1_1' title="bbox 275 175 2189 262">
    <p class='ocr_par' dir='ltr' id='par_1_1' title="bbox 275 175 2189 262">
     <span class='ocr_line' id='line_1_1' title="bbox 275 175 2189 262; baseline -0.002 -21"><span class='ocrx_word' id='word_1_1' title='bbox 275 196 346 241; x_wconf 77' lang='lat' dir='ltr'><strong>M.</strong></span> <span class='ocrx_word' id='word_1_2' title='bbox 377 193 577 241; x_wconf 70' lang='lat' dir='ltr'><strong>Pone.</strong></span> <span class='ocrx_word' id='word_1_3' title='bbox 615 192 794 239; x_wconf 75' lang='lat' dir='ltr'><strong>cATo</strong></span> <span class='ocrx_word' id='word_1_4' title='bbox 829 178 1303 262; x_wconf 74' lang='lat' dir='ltr'><strong>(L1c1N.)--M.</strong></span> <span class='ocrx_word' id='word_1_5' title='bbox 1330 193 1529 240; x_wconf 68' lang='lat' dir='ltr'><strong>Pone.</strong></span> <span class='ocrx_word' id='word_1_6' title='bbox 1564 192 1743 239; x_wconf 80' lang='lat' dir='ltr'><strong>CATO</strong></span> <span class='ocrx_word' id='word_1_7' title='bbox 1779 175 2017 261; x_wconf 77' lang='lat' dir='ltr'><strong>(nrm.)</strong></span> <span class='ocrx_word' id='word_1_8' title='bbox 2066 176 2189 237; x_wconf 86' lang='lat'><strong>323</strong></span> 
     </span>
    </p>
   </div>
   <div class='ocr_carea' id='block_1_2' title="bbox 0 343 1114 1920">
    <p class='ocr_par' dir='ltr' id='par_1_2' title="bbox 91 343 1114 617">
     <span class='ocr_line' id='line_1_2' title="bbox 91 343 1112 411; baseline -0.004 -12"><span class='ocrx_word' id='word_1_9' title='bbox 91 348 181 399; x_wconf 75' lang='lat' dir='ltr'><strong>M.</strong></span> <span class='ocrx_word' id='word_1_10' title='bbox 246 345 482 397; x_wconf 83' lang='lat' dir='ltr'><strong>Porcius</strong></span> <span class='ocrx_word' id='word_1_11' title='bbox 541 345 682 396; x_wconf 83' lang='lat' dir='ltr'><strong>Cato</strong></span> <span class='ocrx_word' id='word_1_12' title='bbox 741 343 1112 411; x_wconf 78' lang='lat' dir='ltr'><strong>(Licinianus)</strong></span> 
     </span>
     <span class='ocr_line' id='line_1_3' title="bbox 171 414 1114 479; baseline -0.003 -14"><span class='ocrx_word' id='word_1_13' title='bbox 171 416 311 465; x_wconf 86' lang='lat' dir='ltr'><strong>filius</strong></span> <span class='ocrx_word' id='word_1_14' title='bbox 332 416 397 465; x_wconf 91' lang='lat' dir='ltr'><strong>M.</strong></span> <span class='ocrx_word' id='word_1_15' title='bbox 437 415 638 465; x_wconf 88' lang='lat' dir='ltr'><strong>Catonis</strong></span> <span class='ocrx_word' id='word_1_16' title='bbox 668 414 924 475; x_wconf 87' lang='lat' dir='ltr'><strong>Censorii,</strong></span> <span class='ocrx_word' id='word_1_17' title='bbox 959 430 1114 479; x_wconf 83' lang='lat' dir='ltr'><strong>gener</strong></span> 
     </span>
     <span class='ocr_line' id='line_1_4' title="bbox 171 484 1112 543; baseline -0.003 -9"><span class='ocrx_word' id='word_1_18' title='bbox 171 486 232 537; x_wconf 90' lang='lat' dir='ltr'><strong>L.</strong></span> <span class='ocrx_word' id='word_1_19' title='bbox 257 484 459 535; x_wconf 82' lang='lat' dir='ltr'>Aemilii</span> <span class='ocrx_word' id='word_1_20' title='bbox 480 484 643 533; x_wconf 84' lang='lat' dir='ltr'>Paulli</span> <span class='ocrx_word' id='word_1_21' title='bbox 671 484 1014 543; x_wconf 80' lang='lat' dir='ltr'>Macedonici,</span> <span class='ocrx_word' id='word_1_22' title='bbox 1049 484 1112 532; x_wconf 92' lang='lat' dir='ltr'><strong>de</strong></span> 
     </span>
     <span class='ocr_line' id='line_1_5' title="bbox 174 552 1111 617; baseline -0.003 -14"><span class='ocrx_word' id='word_1_23' title='bbox 174 568 284 603; x_wconf 83' lang='lat' dir='ltr'><strong>sen.</strong></span> <span class='ocrx_word' id='word_1_24' title='bbox 304 554 363 613; x_wconf 86' lang='lat'><strong>6,</strong></span> <span class='ocrx_word' id='word_1_25' title='bbox 401 552 480 604; x_wconf 82' lang='grc'><strong>15.</strong></span> <span class='ocrx_word' id='word_1_26' title='bbox 501 579 572 589; x_wconf 89' lang='lat'>—</span> <span class='ocrx_word' id='word_1_27' title='bbox 589 556 795 602; x_wconf 77' lang='lat' dir='ltr'>Praetor</span> <span class='ocrx_word' id='word_1_28' title='bbox 815 553 1111 617; x_wconf 85' lang='lat' dir='ltr'><strong>designatus</strong></span> 
     </span>
    </p>

    <p class='ocr_par' dir='ltr' id='par_1_3' title="bbox 0 618 1112 688">
     <span class='ocr_line' id='line_1_6' title="bbox 0 618 1112 688; baseline -0.003 -17"><span class='ocrx_word' id='word_1_29' title='bbox 0 618 26 688; x_wconf 49' lang='lat' dir='ltr'><strong>&#39;t&#39;</strong></span> <span class='ocrx_word' id='word_1_30' title='bbox 170 630 402 671; x_wconf 85' lang='lat' dir='ltr'><strong>mortuus</strong></span> <span class='ocrx_word' id='word_1_31' title='bbox 441 630 516 669; x_wconf 89' lang='lat' dir='ltr'><strong>est</strong></span> <span class='ocrx_word' id='word_1_32' title='bbox 555 635 603 670; x_wconf 90' lang='lat' dir='ltr'><strong>a.</strong></span> <span class='ocrx_word' id='word_1_33' title='bbox 639 637 690 669; x_wconf 90' lang='lat' dir='ltr'><strong>u.</strong></span> <span class='ocrx_word' id='word_1_34' title='bbox 721 637 766 672; x_wconf 93' lang='lat' dir='ltr'><strong>c.</strong></span> <span class='ocrx_word' id='word_1_35' title='bbox 805 620 923 671; x_wconf 84' lang='grc'><strong>601.</strong></span> <span class='ocrx_word' id='word_1_36' title='bbox 967 628 1112 684; x_wconf 88' lang='lat' dir='ltr'><strong>patre</strong></span> 
     </span>
    </p>

    <p class='ocr_par' dir='ltr' id='par_1_4' title="bbox 0 688 1114 1095">
     <span class='ocr_line' id='line_1_7' title="bbox 0 688 1112 749; baseline -0.003 -8"><span class='ocrx_word' id='word_1_37' title='bbox 0 689 2 696; x_wconf 76' lang='grc'>’</span> <span class='ocrx_word' id='word_1_38' title='bbox 174 692 327 741; x_wconf 90' lang='lat' dir='ltr'><strong>etiam</strong></span> <span class='ocrx_word' id='word_1_39' title='bbox 347 698 467 741; x_wconf 88' lang='lat' dir='ltr'><strong>tunc</strong></span> <span class='ocrx_word' id='word_1_40' title='bbox 484 690 705 749; x_wconf 83' lang='lat' dir='ltr'><strong>vivente,</strong></span> <span class='ocrx_word' id='word_1_41' title='bbox 731 690 803 739; x_wconf 92' lang='lat' dir='ltr'><strong>lb.</strong></span> <span class='ocrx_word' id='word_1_42' title='bbox 831 689 914 749; x_wconf 87' lang='grc'><strong>19,</strong></span> <span class='ocrx_word' id='word_1_43' title='bbox 936 688 1022 739; x_wconf 88' lang='grc'><strong>68.</strong></span> <span class='ocrx_word' id='word_1_44' title='bbox 1047 717 1112 724; x_wconf 93' lang='grc'><strong>-</strong></span> 
     </span>
     <span class='ocr_line' id='line_1_8' title="bbox 171 758 1111 819; baseline -0.003 -10"><span class='ocrx_word' id='word_1_45' title='bbox 171 760 334 809; x_wconf 90' lang='lat' dir='ltr'><strong>Nemo</strong></span> <span class='ocrx_word' id='word_1_46' title='bbox 365 760 438 807; x_wconf 88' lang='lat' dir='ltr'><strong>vir</strong></span> <span class='ocrx_word' id='word_1_47' title='bbox 461 758 640 808; x_wconf 86' lang='lat' dir='ltr'><strong>melior</strong></span> <span class='ocrx_word' id='word_1_48' title='bbox 659 765 806 807; x_wconf 87' lang='lat' dir='ltr'><strong>natus</strong></span> <span class='ocrx_word' id='word_1_49' title='bbox 827 765 933 819; x_wconf 86' lang='lat' dir='ltr'><strong>est,</strong></span> <span class='ocrx_word' id='word_1_50' title='bbox 964 771 1111 806; x_wconf 91' lang='lat' dir='ltr'><strong>nemo</strong></span> 
     </span>
     <span class='ocr_line' id='line_1_9' title="bbox 170 826 1110 894; baseline -0.004 -17"><span class='ocrx_word' id='word_1_51' title='bbox 170 831 360 894; x_wconf 87' lang='lat' dir='ltr'><strong>pietate</strong></span> <span class='ocrx_word' id='word_1_52' title='bbox 392 829 754 892; x_wconf 65' lang='lat' dir='ltr'><strong>praestantior,</strong></span> <span class='ocrx_word' id='word_1_53' title='bbox 791 828 863 875; x_wconf 91' lang='lat' dir='ltr'><strong>lb.</strong></span> <span class='ocrx_word' id='word_1_54' title='bbox 898 826 992 887; x_wconf 87' lang='grc'><strong>23,</strong></span> <span class='ocrx_word' id='word_1_55' title='bbox 1025 826 1110 877; x_wconf 88' lang='grc'><strong>84.</strong></span> 
     </span>
     <span class='ocr_line' id='line_1_10' title="bbox 175 896 1114 955; baseline -0.001 -9"><span class='ocrx_word' id='word_1_56' title='bbox 175 899 244 946; x_wconf 88' lang='lat' dir='ltr'><strong>ad</strong></span> <span class='ocrx_word' id='word_1_57' title='bbox 262 898 382 947; x_wconf 82' lang='lat' dir='ltr'><strong>fam.</strong></span> <span class='ocrx_word' id='word_1_58' title='bbox 405 899 456 955; x_wconf 88' lang='grc'><strong>4,</strong></span> <span class='ocrx_word' id='word_1_59' title='bbox 478 896 527 955; x_wconf 87' lang='grc'><strong>6,</strong></span> <span class='ocrx_word' id='word_1_60' title='bbox 555 898 600 948; x_wconf 90' lang='lat'><strong>1.</strong></span> <span class='ocrx_word' id='word_1_61' title='bbox 617 924 678 931; x_wconf 95' lang='lat'><strong>—</strong></span> <span class='ocrx_word' id='word_1_62' title='bbox 694 898 752 944; x_wconf 90' lang='lat' dir='ltr'><strong>ln</strong></span> <span class='ocrx_word' id='word_1_63' title='bbox 773 896 998 943; x_wconf 84' lang='lat' dir='ltr'><strong>exercitu</strong></span> <span class='ocrx_word' id='word_1_64' title='bbox 1016 896 1114 945; x_wconf 90' lang='lat' dir='ltr'><strong>Po-</strong></span> 
     </span>
     <span class='ocr_line' id='line_1_11' title="bbox 169 963 1112 1030; baseline -0.003 -15"><span class='ocrx_word' id='word_1_65' title='bbox 169 966 310 1030; x_wconf 87' lang='lat' dir='ltr'><strong>pillii</strong></span> <span class='ocrx_word' id='word_1_66' title='bbox 334 966 382 1013; x_wconf 89' lang='lat' dir='ltr'><strong>in</strong></span> <span class='ocrx_word' id='word_1_67' title='bbox 408 966 618 1029; x_wconf 86' lang='lat' dir='ltr'><strong>Liguria</strong></span> <span class='ocrx_word' id='word_1_68' title='bbox 644 965 740 1013; x_wconf 89' lang='lat' dir='ltr'><strong>tiro</strong></span> <span class='ocrx_word' id='word_1_69' title='bbox 764 963 1026 1025; x_wconf 82' lang='lat' dir='ltr'><strong>militavit,</strong></span> <span class='ocrx_word' id='word_1_70' title='bbox 1049 964 1112 1012; x_wconf 88' lang='lat' dir='ltr'><strong>de</strong></span> 
     </span>
     <span class='ocr_line' id='line_1_12' title="bbox 175 1032 550 1095; baseline -0.003 -12"><span class='ocrx_word' id='word_1_71' title='bbox 175 1034 260 1086; x_wconf 82' lang='lat' dir='ltr'><strong>off.</strong></span> <span class='ocrx_word' id='word_1_72' title='bbox 287 1035 334 1095; x_wconf 93' lang='lat'><strong>1,</strong></span> <span class='ocrx_word' id='word_1_73' title='bbox 361 1034 440 1093; x_wconf 92' lang='grc'><strong>11,</strong></span> <span class='ocrx_word' id='word_1_74' title='bbox 467 1032 550 1084; x_wconf 82' lang='lat'><strong>36.</strong></span> 
     </span>
    </p>

    <p class='ocr_par' dir='ltr' id='par_1_5' title="bbox 93 1097 1110 1507">
     <span class='ocr_line' id='line_1_13' title="bbox 93 1097 1110 1166; baseline -0.005 -12"><span class='ocrx_word' id='word_1_75' title='bbox 93 1100 182 1154; x_wconf 88' lang='grc' dir='ltr'><strong>Μ.</strong></span> <span class='ocrx_word' id='word_1_76' title='bbox 235 1100 468 1152; x_wconf 86' lang='lat' dir='ltr'><strong>Porcius</strong></span> <span class='ocrx_word' id='word_1_77' title='bbox 521 1101 660 1152; x_wconf 82' lang='lat' dir='ltr'><strong>Cato</strong></span> <span class='ocrx_word' id='word_1_78' title='bbox 703 1097 1110 1166; x_wconf 77' lang='lat' dir='ltr'><strong>(Salonianus),</strong></span> 
     </span>
     <span class='ocr_line' id='line_1_14' title="bbox 175 1170 1107 1236; baseline -0.003 -17"><span class='ocrx_word' id='word_1_79' title='bbox 175 1186 276 1219; x_wconf 88' lang='lat' dir='ltr'><strong>non</strong></span> <span class='ocrx_word' id='word_1_80' title='bbox 339 1172 544 1236; x_wconf 86' lang='lat' dir='ltr'><strong>proprie</strong></span> <span class='ocrx_word' id='word_1_81' title='bbox 613 1170 855 1219; x_wconf 88' lang='lat' dir='ltr'><strong>dicendus</strong></span> <span class='ocrx_word' id='word_1_82' title='bbox 924 1177 1107 1230; x_wconf 88' lang='lat' dir='ltr'><strong>orator,</strong></span> 
     </span>
     <span class='ocr_line' id='line_1_15' title="bbox 174 1238 1110 1297; baseline -0.004 -8"><span class='ocrx_word' id='word_1_83' title='bbox 174 1239 316 1291; x_wconf 91' lang='lat' dir='ltr'><strong>Brut.</strong></span> <span class='ocrx_word' id='word_1_84' title='bbox 350 1238 416 1289; x_wconf 85' lang='lat'><strong>62</strong></span> <span class='ocrx_word' id='word_1_85' title='bbox 436 1277 448 1297; x_wconf 94' lang='lat'><strong>,</strong></span> <span class='ocrx_word' id='word_1_86' title='bbox 479 1240 598 1290; x_wconf 87' lang='grc'><strong>222.</strong></span> <span class='ocrx_word' id='word_1_87' title='bbox 630 1264 699 1273; x_wconf 91' lang='grc'><strong>--</strong></span> <span class='ocrx_word' id='word_1_88' title='bbox 727 1239 876 1287; x_wconf 87' lang='lat' dir='ltr'><strong>Pater</strong></span> <span class='ocrx_word' id='word_1_89' title='bbox 908 1238 1110 1287; x_wconf 87' lang='lat' dir='ltr'><strong>Catonis</strong></span> 
     </span>
     <span class='ocr_line' id='line_1_16' title="bbox 172 1307 1110 1359; baseline -0.005 -1"><span class='ocrx_word' id='word_1_90' title='bbox 172 1308 442 1359; x_wconf 79' lang='lat' dir='ltr'><strong>Uticensis,</strong></span> <span class='ocrx_word' id='word_1_91' title='bbox 493 1307 750 1356; x_wconf 80' lang='lat' dir='ltr'><strong>Sententia</strong></span> <span class='ocrx_word' id='word_1_92' title='bbox 786 1308 849 1355; x_wconf 87' lang='lat' dir='ltr'><strong>ab</strong></span> <span class='ocrx_word' id='word_1_93' title='bbox 879 1322 937 1355; x_wconf 88' lang='lat' dir='ltr'><strong>eo</strong></span> <span class='ocrx_word' id='word_1_94' title='bbox 975 1308 1110 1355; x_wconf 88' lang='lat' dir='ltr'><strong>dicta</strong></span> 
     </span>
     <span class='ocr_line' id='line_1_17' title="bbox 176 1374 1109 1437; baseline -0.004 -12"><span class='ocrx_word' id='word_1_95' title='bbox 176 1379 230 1425; x_wconf 90' lang='lat' dir='ltr'><strong>in</strong></span> <span class='ocrx_word' id='word_1_96' title='bbox 255 1390 406 1426; x_wconf 86' lang='lat' dir='ltr'><strong>causa</strong></span> <span class='ocrx_word' id='word_1_97' title='bbox 424 1375 479 1424; x_wconf 88' lang='lat' dir='ltr'><strong>T.</strong></span> <span class='ocrx_word' id='word_1_98' title='bbox 503 1374 700 1424; x_wconf 79' lang='lat' dir='ltr'><strong>Claudii</strong></span> <span class='ocrx_word' id='word_1_99' title='bbox 721 1374 1018 1437; x_wconf 83' lang='lat' dir='ltr'><strong>Centumali,</strong></span> <span class='ocrx_word' id='word_1_100' title='bbox 1047 1374 1109 1423; x_wconf 91' lang='lat' dir='ltr'><strong>de</strong></span> 
     </span>
     <span class='ocr_line' id='line_1_18' title="bbox 177 1442 548 1507; baseline -0.013 -12"><span class='ocrx_word' id='word_1_101' title='bbox 177 1445 264 1497; x_wconf 84' lang='lat' dir='ltr'><strong>off.</strong></span> <span class='ocrx_word' id='word_1_102' title='bbox 289 1443 337 1507; x_wconf 86' lang='lat'><strong>3,</strong></span> <span class='ocrx_word' id='word_1_103' title='bbox 363 1443 442 1507; x_wconf 85' lang='lat'><strong>16,</strong></span> <span class='ocrx_word' id='word_1_104' title='bbox 465 1442 548 1493; x_wconf 89' lang='grc'><strong>66.</strong></span> 
     </span>
    </p>

    <p class='ocr_par' dir='ltr' id='par_1_6' title="bbox 97 1506 1111 1920">
     <span class='ocr_line' id='line_1_19' title="bbox 97 1506 1109 1575; baseline -0.006 -12"><span class='ocrx_word' id='word_1_105' title='bbox 97 1511 184 1563; x_wconf 85' lang='grc' dir='ltr'><strong>Μ.</strong></span> <span class='ocrx_word' id='word_1_106' title='bbox 199 1510 434 1563; x_wconf 85' lang='lat' dir='ltr'><strong>Porcius</strong></span> <span class='ocrx_word' id='word_1_107' title='bbox 451 1510 591 1560; x_wconf 79' lang='lat' dir='ltr'><strong>Cato</strong></span> <span class='ocrx_word' id='word_1_108' title='bbox 614 1506 961 1575; x_wconf 82' lang='lat' dir='ltr'><strong>(Uticensis).</strong></span> <span class='ocrx_word' id='word_1_109' title='bbox 983 1509 1109 1557; x_wconf 89' lang='lat' dir='ltr'><strong>Eum</strong></span> 
     </span>
     <span class='ocr_line' id='line_1_20' title="bbox 178 1579 1110 1645; baseline -0.009 -12"><span class='ocrx_word' id='word_1_110' title='bbox 178 1582 354 1633; x_wconf 91' lang='lat' dir='ltr'><strong>Cicero</strong></span> <span class='ocrx_word' id='word_1_111' title='bbox 399 1588 730 1645; x_wconf 83' lang='lat' dir='ltr'><strong>pronepotem</strong></span> <span class='ocrx_word' id='word_1_112' title='bbox 778 1579 940 1627; x_wconf 82' lang='lat' dir='ltr'><strong>fuisse</strong></span> <span class='ocrx_word' id='word_1_113' title='bbox 990 1579 1110 1628; x_wconf 77' lang='lat' dir='ltr'><strong>dicit</strong></span> 
     </span>
     <span class='ocr_line' id='line_1_21' title="bbox 181 1646 1110 1715; baseline -0.004 -17"><span class='ocrx_word' id='word_1_114' title='bbox 181 1650 269 1715; x_wconf 84' lang='lat' dir='ltr'><strong>(ex</strong></span> <span class='ocrx_word' id='word_1_115' title='bbox 293 1651 486 1698; x_wconf 88' lang='lat' dir='ltr'><strong>minore</strong></span> <span class='ocrx_word' id='word_1_116' title='bbox 514 1646 648 1713; x_wconf 86' lang='lat' dir='ltr'><strong>filio)</strong></span> <span class='ocrx_word' id='word_1_117' title='bbox 669 1649 735 1700; x_wconf 94' lang='lat' dir='ltr'><strong>M.</strong></span> <span class='ocrx_word' id='word_1_118' title='bbox 763 1646 964 1697; x_wconf 86' lang='lat' dir='ltr'><strong>Catonis</strong></span> <span class='ocrx_word' id='word_1_119' title='bbox 985 1646 1110 1695; x_wconf 89' lang='lat' dir='ltr'><strong>Cen-</strong></span> 
     </span>
     <span class='ocr_line' id='line_1_22' title="bbox 177 1716 1108 1781; baseline -0.005 -13"><span class='ocrx_word' id='word_1_120' title='bbox 177 1720 324 1777; x_wconf 86' lang='lat' dir='ltr'><strong>sorii,</strong></span> <span class='ocrx_word' id='word_1_121' title='bbox 373 1717 556 1781; x_wconf 82' lang='lat' dir='ltr'><strong>fragm.</strong></span> <span class='ocrx_word' id='word_1_122' title='bbox 607 1732 658 1780; x_wconf 89' lang='lat' dir='ltr'><strong>p.</strong></span> <span class='ocrx_word' id='word_1_123' title='bbox 705 1717 826 1769; x_wconf 89' lang='grc'><strong>294.</strong></span> <span class='ocrx_word' id='word_1_124' title='bbox 873 1742 940 1751; x_wconf 48' lang='grc'><strong>*-</strong></span> <span class='ocrx_word' id='word_1_125' title='bbox 985 1716 1108 1763; x_wconf 88' lang='lat' dir='ltr'><strong>Eius</strong></span> 
     </span>
     <span class='ocr_line' id='line_1_23' title="bbox 180 1784 1106 1844; baseline -0.003 -9"><span class='ocrx_word' id='word_1_126' title='bbox 180 1786 458 1835; x_wconf 87' lang='lat' dir='ltr'><strong>avunculus</strong></span> <span class='ocrx_word' id='word_1_127' title='bbox 485 1786 552 1835; x_wconf 89' lang='lat' dir='ltr'><strong>M.</strong></span> <span class='ocrx_word' id='word_1_128' title='bbox 584 1785 759 1834; x_wconf 88' lang='lat' dir='ltr'><strong>Livius</strong></span> <span class='ocrx_word' id='word_1_129' title='bbox 779 1784 992 1844; x_wconf 78' lang='lat' dir='ltr'><strong>DrusuS,</strong></span> <span class='ocrx_word' id='word_1_130' title='bbox 1017 1786 1106 1833; x_wconf 86' lang='lat' dir='ltr'><strong>tri-</strong></span> 
     </span>
     <span class='ocr_line' id='line_1_24' title="bbox 175 1854 1111 1920; baseline -0.003 -16"><span class='ocrx_word' id='word_1_131' title='bbox 175 1858 342 1905; x_wconf 86' lang='lat' dir='ltr'><strong>bunus</strong></span> <span class='ocrx_word' id='word_1_132' title='bbox 361 1854 430 1920; x_wconf 88' lang='lat' dir='ltr'><strong>pl.</strong></span> <span class='ocrx_word' id='word_1_133' title='bbox 451 1892 465 1918; x_wconf 92' lang='lat'>‚</span> <span class='ocrx_word' id='word_1_134' title='bbox 498 1868 588 1918; x_wconf 87' lang='lat' dir='ltr'><strong>pro</strong></span> <span class='ocrx_word' id='word_1_135' title='bbox 611 1855 716 1903; x_wconf 92' lang='lat' dir='ltr'><strong>Mil.</strong></span> <span class='ocrx_word' id='word_1_136' title='bbox 743 1855 800 1913; x_wconf 86' lang='lat'><strong>7,</strong></span> <span class='ocrx_word' id='word_1_137' title='bbox 827 1854 909 1905; x_wconf 88' lang='lat'><strong>16.</strong></span> <span class='ocrx_word' id='word_1_138' title='bbox 935 1880 1000 1889; x_wconf 87' lang='lat'><strong>—-</strong></span> <span class='ocrx_word' id='word_1_139' title='bbox 1026 1854 1111 1901; x_wconf 91' lang='lat' dir='ltr'><strong>Iu—</strong></span> 
     </span>
    </p>
   </div>
   <div class='ocr_carea' id='block_1_3' title="bbox 179 1920 1207 1984">
    <p class='ocr_par' dir='ltr' id='par_1_7' title="bbox 179 1920 1207 1984">
     <span class='ocr_line' id='line_1_25' title="bbox 179 1920 1207 1984; baseline -0.001 -10"><span class='ocrx_word' id='word_1_140' title='bbox 179 1925 278 1974; x_wconf 85' lang='lat' dir='ltr'><strong>dex</strong></span> <span class='ocrx_word' id='word_1_141' title='bbox 310 1927 360 1973; x_wconf 92' lang='lat' dir='ltr'><strong>in</strong></span> <span class='ocrx_word' id='word_1_142' title='bbox 382 1939 533 1974; x_wconf 86' lang='lat' dir='ltr'><strong>causa</strong></span> <span class='ocrx_word' id='word_1_143' title='bbox 552 1922 782 1984; x_wconf 73' lang='lat' dir='ltr'><strong>MiloniS,</strong></span> <span class='ocrx_word' id='word_1_144' title='bbox 809 1923 880 1976; x_wconf 89' lang='lat' dir='ltr'><strong>Ib.</strong></span> <span class='ocrx_word' id='word_1_145' title='bbox 907 1920 1000 1984; x_wconf 84' lang='lat'><strong>16·‚</strong></span> <span class='ocrx_word' id='word_1_146' title='bbox 1021 1925 1104 1973; x_wconf 83' lang='lat'><strong>44.</strong></span> <span class='ocrx_word' id='word_1_147' title='bbox 1201 1920 1207 1927; x_wconf 83' lang='lat'>&#39;</span> 
     </span>
    </p>
   </div>
   <div class='ocr_carea' id='block_1_4' title="bbox 176 1993 1112 2193">
    <p class='ocr_par' dir='ltr' id='par_1_8' title="bbox 176 1993 1112 2193">
     <span class='ocr_line' id='line_1_26' title="bbox 176 1993 1111 2043; baseline 0 -3"><span class='ocrx_word' id='word_1_148' title='bbox 176 2021 245 2030; x_wconf 88' lang='lat'><strong>--</strong></span> <span class='ocrx_word' id='word_1_149' title='bbox 295 1995 350 2040; x_wconf 90' lang='lat' dir='ltr'><strong>In</strong></span> <span class='ocrx_word' id='word_1_150' title='bbox 409 1993 699 2043; x_wconf 85' lang='lat' dir='ltr'><strong>Catilinaria</strong></span> <span class='ocrx_word' id='word_1_151' title='bbox 766 1993 1111 2042; x_wconf 84' lang='lat' dir='ltr'><strong>coniuratione</strong></span> 
     </span>
     <span class='ocr_line' id='line_1_27' title="bbox 178 2061 1108 2126; baseline -0.001 -16"><span class='ocrx_word' id='word_1_152' title='bbox 178 2065 304 2112; x_wconf 87' lang='lat' dir='ltr'><strong>itum</strong></span> <span class='ocrx_word' id='word_1_153' title='bbox 343 2069 420 2112; x_wconf 86' lang='lat' dir='ltr'><strong>est</strong></span> <span class='ocrx_word' id='word_1_154' title='bbox 462 2063 514 2110; x_wconf 89' lang='lat' dir='ltr'><strong>in</strong></span> <span class='ocrx_word' id='word_1_155' title='bbox 551 2062 850 2111; x_wconf 88' lang='lat' dir='ltr'><strong>sententiam</strong></span> <span class='ocrx_word' id='word_1_156' title='bbox 887 2061 1108 2126; x_wconf 84' lang='lat' dir='ltr'><strong>Catonis,</strong></span> 
     </span>
     <span class='ocr_line' id='line_1_28' title="bbox 180 2129 1112 2193; baseline 0 -15"><span class='ocrx_word' id='word_1_157' title='bbox 180 2133 296 2193; x_wconf 87' lang='lat' dir='ltr'><strong>quia</strong></span> <span class='ocrx_word' id='word_1_158' title='bbox 350 2131 519 2179; x_wconf 85' lang='lat' dir='ltr'><strong>verbis</strong></span> <span class='ocrx_word' id='word_1_159' title='bbox 583 2129 1000 2180; x_wconf 75' lang='lat' dir='ltr'><strong>luculentioribus</strong></span> <span class='ocrx_word' id='word_1_160' title='bbox 1064 2137 1112 2179; x_wconf 86' lang='lat' dir='ltr'><strong>et</strong></span> 
     </span>
    </p>
   </div>
   <div class='ocr_carea' id='block_1_5' title="bbox 177 2198 1158 2263">
    <p class='ocr_par' dir='ltr' id='par_1_9' title="bbox 177 2198 1158 2263">
     <span class='ocr_line' id='line_1_29' title="bbox 177 2198 1158 2263; baseline 0.002 -17"><span class='ocrx_word' id='word_1_161' title='bbox 177 2198 408 2263; x_wconf 87' lang='lat' dir='ltr'><strong>pluribus</strong></span> <span class='ocrx_word' id='word_1_162' title='bbox 435 2213 541 2247; x_wconf 89' lang='lat' dir='ltr'><strong>rem</strong></span> <span class='ocrx_word' id='word_1_163' title='bbox 571 2199 800 2248; x_wconf 86' lang='lat' dir='ltr'><strong>eamdem</strong></span> <span class='ocrx_word' id='word_1_164' title='bbox 822 2213 972 2262; x_wconf 84' lang='lat' dir='ltr'><strong>quam</strong></span> <span class='ocrx_word' id='word_1_165' title='bbox 992 2213 1113 2248; x_wconf 82' lang='lat' dir='ltr'><strong>con·</strong></span> <span class='ocrx_word' id='word_1_166' title='bbox 1151 2203 1158 2212; x_wconf 87' lang='grc'><em>“</em></span> 
     </span>
    </p>
   </div>
   <div class='ocr_carea' id='block_1_6' title="bbox 177 2265 1112 3499">
    <p class='ocr_par' dir='ltr' id='par_1_10' title="bbox 177 2265 1112 3499">
     <span class='ocr_line' id='line_1_30' title="bbox 179 2265 1112 2331; baseline -0.002 -15"><span class='ocrx_word' id='word_1_167' title='bbox 179 2265 376 2322; x_wconf 68' lang='lat' dir='ltr'><strong>salares¹</strong></span> <span class='ocrx_word' id='word_1_168' title='bbox 388 2267 851 2331; x_wconf 81' lang='lat' dir='ltr'><strong>comprehenderat.</strong></span> <span class='ocrx_word' id='word_1_169' title='bbox 888 2267 954 2315; x_wconf 92' lang='grc' dir='ltr'><strong>Μ.</strong></span> <span class='ocrx_word' id='word_1_170' title='bbox 971 2267 1112 2315; x_wconf 84' lang='lat' dir='ltr'><strong>Bruti</strong></span> 
     </span>
     <span class='ocr_line' id='line_1_31' title="bbox 179 2335 1108 2400; baseline 0.002 -18"><span class='ocrx_word' id='word_1_171' title='bbox 179 2338 232 2383; x_wconf 86' lang='lat' dir='ltr'><strong>in</strong></span> <span class='ocrx_word' id='word_1_172' title='bbox 253 2349 312 2383; x_wconf 86' lang='lat' dir='ltr'><strong>ea</strong></span> <span class='ocrx_word' id='word_1_173' title='bbox 333 2349 388 2382; x_wconf 88' lang='lat' dir='ltr'><strong>re</strong></span> <span class='ocrx_word' id='word_1_174' title='bbox 411 2350 574 2396; x_wconf 86' lang='lat' dir='ltr'><strong>error,</strong></span> <span class='ocrx_word' id='word_1_175' title='bbox 607 2336 670 2384; x_wconf 85' lang='lat' dir='ltr'><strong>ad</strong></span> <span class='ocrx_word' id='word_1_176' title='bbox 691 2336 794 2388; x_wconf 87' lang='lat' dir='ltr'><strong>Att.</strong></span> <span class='ocrx_word' id='word_1_177' title='bbox 823 2335 916 2395; x_wconf 84' lang='lat'><strong>12,</strong></span> <span class='ocrx_word' id='word_1_178' title='bbox 939 2335 1004 2384; x_wconf 84' lang='lat'><strong>21</strong></span> <span class='ocrx_word' id='word_1_179' title='bbox 1021 2373 1036 2400; x_wconf 90' lang='lat'><strong>,</strong></span> <span class='ocrx_word' id='word_1_180' title='bbox 1061 2335 1108 2384; x_wconf 90' lang='lat'><strong>1.</strong></span> 
     </span>
     <span class='ocr_line' id='line_1_32' title="bbox 179 2401 1107 2478; baseline 0.003 -28"><span class='ocrx_word' id='word_1_181' title='bbox 179 2401 249 2440; x_wconf 64' lang='lat'><strong>—‘</strong></span> <span class='ocrx_word' id='word_1_182' title='bbox 273 2403 341 2454; x_wconf 91' lang='lat' dir='ltr'><strong>M.</strong></span> <span class='ocrx_word' id='word_1_183' title='bbox 377 2402 498 2452; x_wconf 89' lang='lat' dir='ltr'><strong>Cato</strong></span> <span class='ocrx_word' id='word_1_184' title='bbox 515 2440 530 2467; x_wconf 93' lang='lat'><strong>,</strong></span> <span class='ocrx_word' id='word_1_185' title='bbox 557 2405 789 2452; x_wconf 84' lang='lat' dir='ltr'><strong>tribunus</strong></span> <span class='ocrx_word' id='word_1_186' title='bbox 819 2403 890 2478; x_wconf 76' lang='lat' dir='ltr'><strong>pl.</strong></span> <span class='ocrx_word' id='word_1_187' title='bbox 913 2419 960 2452; x_wconf 90' lang='lat' dir='ltr'><strong>a.</strong></span> <span class='ocrx_word' id='word_1_188' title='bbox 986 2419 1037 2452; x_wconf 87' lang='grc' dir='ltr'><strong>ιι.</strong></span> <span class='ocrx_word' id='word_1_189' title='bbox 1062 2418 1107 2454; x_wconf 90' lang='lat' dir='ltr'><strong>c.</strong></span> 
     </span>
     <span class='ocr_line' id='line_1_33' title="bbox 179 2471 1110 2522; baseline -0.002 0"><span class='ocrx_word' id='word_1_190' title='bbox 179 2471 301 2522; x_wconf 83' lang='lat'><strong>692.</strong></span> <span class='ocrx_word' id='word_1_191' title='bbox 341 2471 464 2522; x_wconf 88' lang='lat' dir='ltr'><strong>Eius</strong></span> <span class='ocrx_word' id='word_1_192' title='bbox 495 2471 672 2521; x_wconf 86' lang='lat' dir='ltr'><strong>laudes</strong></span> <span class='ocrx_word' id='word_1_193' title='bbox 694 2473 747 2520; x_wconf 90' lang='lat' dir='ltr'><strong>in</strong></span> <span class='ocrx_word' id='word_1_194' title='bbox 769 2472 1110 2522; x_wconf 85' lang='lat' dir='ltr'><strong>coniuratione</strong></span> 
     </span>
     <span class='ocr_line' id='line_1_34' title="bbox 181 2539 1108 2604; baseline 0 -14"><span class='ocrx_word' id='word_1_195' title='bbox 181 2540 452 2604; x_wconf 81' lang='lat' dir='ltr'><strong>Catilinae,</strong></span> <span class='ocrx_word' id='word_1_196' title='bbox 473 2555 563 2604; x_wconf 86' lang='lat' dir='ltr'><strong>pro</strong></span> <span class='ocrx_word' id='word_1_197' title='bbox 583 2539 714 2591; x_wconf 87' lang='lat' dir='ltr'><strong>Sest.</strong></span> <span class='ocrx_word' id='word_1_198' title='bbox 739 2542 790 2604; x_wconf 88' lang='lat'><strong>5,</strong></span> <span class='ocrx_word' id='word_1_199' title='bbox 815 2540 894 2588; x_wconf 91' lang='grc'><strong>12.</strong></span> <span class='ocrx_word' id='word_1_200' title='bbox 929 2541 1001 2590; x_wconf 87' lang='lat' dir='ltr'><strong>Ib.</strong></span> <span class='ocrx_word' id='word_1_201' title='bbox 1025 2539 1108 2600; x_wconf 88' lang='lat'><strong>28,</strong></span> 
     </span>
     <span class='ocr_line' id='line_1_35' title="bbox 179 2608 1112 2660; baseline -0.004 0"><span class='ocrx_word' id='word_1_202' title='bbox 179 2609 264 2660; x_wconf 88' lang='lat'><strong>61.</strong></span> <span class='ocrx_word' id='word_1_203' title='bbox 283 2635 352 2646; x_wconf 89' lang='lat'><strong>—-</strong></span> <span class='ocrx_word' id='word_1_204' title='bbox 383 2609 448 2658; x_wconf 91' lang='lat' dir='ltr'><strong>M.</strong></span> <span class='ocrx_word' id='word_1_205' title='bbox 474 2608 592 2658; x_wconf 89' lang='lat' dir='ltr'><strong>Cato</strong></span> <span class='ocrx_word' id='word_1_206' title='bbox 624 2609 884 2658; x_wconf 86' lang='lat' dir='ltr'><strong>accusavit</strong></span> <span class='ocrx_word' id='word_1_207' title='bbox 913 2610 972 2657; x_wconf 90' lang='lat' dir='ltr'><strong>L.</strong></span> <span class='ocrx_word' id='word_1_208' title='bbox 1002 2610 1112 2658; x_wconf 89' lang='lat' dir='ltr'><strong>Mu-</strong></span> 
     </span>
     <span class='ocr_line' id='line_1_36' title="bbox 177 2677 1112 2741; baseline 0 -15"><span class='ocrx_word' id='word_1_209' title='bbox 177 2693 346 2728; x_wconf 82' lang='lat' dir='ltr'><strong>renam</strong></span> <span class='ocrx_word' id='word_1_210' title='bbox 364 2716 379 2740; x_wconf 90' lang='lat'><strong>,</strong></span> <span class='ocrx_word' id='word_1_211' title='bbox 407 2678 470 2727; x_wconf 88' lang='lat' dir='ltr'><strong>de</strong></span> <span class='ocrx_word' id='word_1_212' title='bbox 489 2677 576 2730; x_wconf 87' lang='lat' dir='ltr'><strong>fin.</strong></span> <span class='ocrx_word' id='word_1_213' title='bbox 601 2681 661 2741; x_wconf 89' lang='lat'><strong>4,</strong></span> <span class='ocrx_word' id='word_1_214' title='bbox 694 2679 790 2738; x_wconf 85' lang='lat'><strong>27,</strong></span> <span class='ocrx_word' id='word_1_215' title='bbox 825 2679 910 2731; x_wconf 85' lang='lat'><strong>74.</strong></span> <span class='ocrx_word' id='word_1_216' title='bbox 933 2705 998 2714; x_wconf 87' lang='lat'><strong>--</strong></span> <span class='ocrx_word' id='word_1_217' title='bbox 1016 2678 1112 2726; x_wconf 83' lang='lat' dir='ltr'><strong>Le·-</strong></span> 
     </span>
     <span class='ocr_line' id='line_1_37' title="bbox 177 2746 1110 2812; baseline 0.001 -17"><span class='ocrx_word' id='word_1_218' title='bbox 177 2747 296 2812; x_wconf 87' lang='lat' dir='ltr'><strong>pide</strong></span> <span class='ocrx_word' id='word_1_219' title='bbox 316 2753 521 2811; x_wconf 88' lang='lat' dir='ltr'><strong>propter</strong></span> <span class='ocrx_word' id='word_1_220' title='bbox 540 2749 752 2797; x_wconf 87' lang='lat' dir='ltr'><strong>nimium</strong></span> <span class='ocrx_word' id='word_1_221' title='bbox 773 2746 973 2796; x_wconf 84' lang='lat' dir='ltr'><strong>Stoicae</strong></span> <span class='ocrx_word' id='word_1_222' title='bbox 1005 2747 1110 2796; x_wconf 88' lang='lat' dir='ltr'><strong>dis-</strong></span> 
     </span>
     <span class='ocr_line' id='line_1_38' title="bbox 181 2816 1108 2880; baseline 0 -15"><span class='ocrx_word' id='word_1_223' title='bbox 181 2816 397 2880; x_wconf 82' lang='lat' dir='ltr'><strong>ciplinae</strong></span> <span class='ocrx_word' id='word_1_224' title='bbox 418 2818 638 2879; x_wconf 85' lang='lat' dir='ltr'><strong>rigorem</strong></span> <span class='ocrx_word' id='word_1_225' title='bbox 671 2817 984 2880; x_wconf 78' lang='lat' dir='ltr'><strong>exagitatur,</strong></span> <span class='ocrx_word' id='word_1_226' title='bbox 1015 2831 1108 2880; x_wconf 89' lang='lat' dir='ltr'><strong>pro</strong></span> 
     </span>
     <span class='ocr_line' id='line_1_39' title="bbox 177 2883 1106 2948; baseline -0.002 -14"><span class='ocrx_word' id='word_1_227' title='bbox 177 2886 304 2936; x_wconf 89' lang='lat' dir='ltr'><strong>Mur.</strong></span> <span class='ocrx_word' id='word_1_228' title='bbox 323 2887 381 2948; x_wconf 84' lang='lat'><strong>2,</strong></span> <span class='ocrx_word' id='word_1_229' title='bbox 406 2885 438 2936; x_wconf 86' lang='lat'><strong>3</strong></span> <span class='ocrx_word' id='word_1_230' title='bbox 459 2900 569 2946; x_wconf 85' lang='lat' dir='ltr'><strong>sqq.</strong></span> <span class='ocrx_word' id='word_1_231' title='bbox 584 2921 600 2948; x_wconf 95' lang='lat'><strong>,</strong></span> <span class='ocrx_word' id='word_1_232' title='bbox 630 2886 682 2933; x_wconf 91' lang='lat' dir='ltr'><strong>in</strong></span> <span class='ocrx_word' id='word_1_233' title='bbox 701 2886 882 2948; x_wconf 87' lang='lat' dir='ltr'><strong>primis</strong></span> <span class='ocrx_word' id='word_1_234' title='bbox 901 2883 967 2934; x_wconf 89' lang='grc'><strong>29</strong></span> <span class='ocrx_word' id='word_1_235' title='bbox 982 2921 996 2942; x_wconf 90' lang='grc'><strong>,</strong></span> <span class='ocrx_word' id='word_1_236' title='bbox 1019 2885 1106 2935; x_wconf 89' lang='grc'><strong>61.</strong></span> 
     </span>
     <span class='ocr_line' id='line_1_40' title="bbox 181 2952 1108 3020; baseline 0 -18"><span class='ocrx_word' id='word_1_237' title='bbox 181 2953 242 3002; x_wconf 91' lang='lat' dir='ltr'><strong>cl.</strong></span> <span class='ocrx_word' id='word_1_238' title='bbox 272 2955 343 3002; x_wconf 86' lang='lat' dir='ltr'><strong>ib.</strong></span> <span class='ocrx_word' id='word_1_239' title='bbox 379 2952 474 3013; x_wconf 85' lang='lat'><strong>38,</strong></span> <span class='ocrx_word' id='word_1_240' title='bbox 506 2954 589 3004; x_wconf 82' lang='lat'><strong>81.</strong></span> <span class='ocrx_word' id='word_1_241' title='bbox 615 2979 672 2990; x_wconf 89' lang='lat'><strong>-—-</strong></span> <span class='ocrx_word' id='word_1_242' title='bbox 699 2955 854 3004; x_wconf 89' lang='lat' dir='ltr'><strong>Instat</strong></span> <span class='ocrx_word' id='word_1_243' title='bbox 883 2962 930 3002; x_wconf 92' lang='lat' dir='ltr'><strong>et</strong></span> <span class='ocrx_word' id='word_1_244' title='bbox 959 2959 1108 3020; x_wconf 86' lang='lat' dir='ltr'><strong>urget</strong></span> 
     </span>
     <span class='ocr_line' id='line_1_41' title="bbox 180 3021 1104 3076; baseline 0 -5"><span class='ocrx_word' id='word_1_245' title='bbox 180 3021 296 3072; x_wconf 88' lang='lat' dir='ltr'><strong>Cato</strong></span> <span class='ocrx_word' id='word_1_246' title='bbox 317 3023 382 3072; x_wconf 88' lang='lat' dir='ltr'><strong>de</strong></span> <span class='ocrx_word' id='word_1_247' title='bbox 411 3025 464 3072; x_wconf 90' lang='lat' dir='ltr'><strong>P.</strong></span> <span class='ocrx_word' id='word_1_248' title='bbox 497 3022 658 3074; x_wconf 87' lang='lat' dir='ltr'><strong>Clodii</strong></span> <span class='ocrx_word' id='word_1_249' title='bbox 689 3025 879 3072; x_wconf 86' lang='lat' dir='ltr'><strong>incesto</strong></span> <span class='ocrx_word' id='word_1_250' title='bbox 909 3038 956 3076; x_wconf 86' lang='lat' dir='ltr'><strong>a.</strong></span> <span class='ocrx_word' id='word_1_251' title='bbox 983 3039 1036 3072; x_wconf 94' lang='lat' dir='ltr'><strong>u.</strong></span> <span class='ocrx_word' id='word_1_252' title='bbox 1059 3039 1104 3071; x_wconf 92' lang='lat' dir='ltr'><strong>c.</strong></span> 
     </span>
     <span class='ocr_line' id='line_1_42' title="bbox 177 3090 1106 3155; baseline -0.001 -15"><span class='ocrx_word' id='word_1_253' title='bbox 177 3090 292 3142; x_wconf 86' lang='grc'><strong>693.</strong></span> <span class='ocrx_word' id='word_1_254' title='bbox 309 3128 323 3150; x_wconf 92' lang='grc'><strong>,</strong></span> <span class='ocrx_word' id='word_1_255' title='bbox 347 3092 410 3140; x_wconf 83' lang='lat' dir='ltr'><strong>ad</strong></span> <span class='ocrx_word' id='word_1_256' title='bbox 430 3093 532 3141; x_wconf 90' lang='lat' dir='ltr'><strong>Att.</strong></span> <span class='ocrx_word' id='word_1_257' title='bbox 560 3092 585 3141; x_wconf 89' lang='lat'><em>1</em></span> <span class='ocrx_word' id='word_1_258' title='bbox 603 3128 616 3150; x_wconf 93' lang='lat'><strong>,</strong></span> <span class='ocrx_word' id='word_1_259' title='bbox 644 3090 734 3155; x_wconf 87' lang='grc'><strong>13,</strong></span> <span class='ocrx_word' id='word_1_260' title='bbox 761 3091 810 3141; x_wconf 86' lang='grc'><strong>3.</strong></span> <span class='ocrx_word' id='word_1_261' title='bbox 835 3119 904 3128; x_wconf 91' lang='lat'><strong>—-</strong></span> <span class='ocrx_word' id='word_1_262' title='bbox 924 3091 1106 3142; x_wconf 88' lang='lat' dir='ltr'><strong>Convi-</strong></span> 
     </span>
     <span class='ocr_line' id='line_1_43' title="bbox 181 3160 1103 3210; baseline 0.003 -3"><span class='ocrx_word' id='word_1_263' title='bbox 181 3161 308 3208; x_wconf 87' lang='lat' dir='ltr'><strong>cium</strong></span> <span class='ocrx_word' id='word_1_264' title='bbox 326 3160 496 3209; x_wconf 88' lang='lat' dir='ltr'><strong>Pisoni</strong></span> <span class='ocrx_word' id='word_1_265' title='bbox 524 3161 719 3210; x_wconf 88' lang='lat' dir='ltr'><strong>consuli</strong></span> <span class='ocrx_word' id='word_1_266' title='bbox 745 3160 1009 3210; x_wconf 87' lang='lat' dir='ltr'><strong>mirificum</strong></span> <span class='ocrx_word' id='word_1_267' title='bbox 1030 3161 1103 3210; x_wconf 82' lang='lat' dir='ltr'><strong>fe-</strong></span> 
     </span>
     <span class='ocr_line' id='line_1_44' title="bbox 182 3228 1106 3293; baseline 0.006 -20"><span class='ocrx_word' id='word_1_268' title='bbox 182 3228 246 3275; x_wconf 83' lang='lat' dir='ltr'><strong>cit</strong></span> <span class='ocrx_word' id='word_1_269' title='bbox 264 3265 278 3288; x_wconf 90' lang='lat'>‚</span> <span class='ocrx_word' id='word_1_270' title='bbox 300 3229 373 3280; x_wconf 89' lang='lat' dir='ltr'><strong>lb.</strong></span> <span class='ocrx_word' id='word_1_271' title='bbox 396 3229 488 3293; x_wconf 84' lang='lat'><strong>14,</strong></span> <span class='ocrx_word' id='word_1_272' title='bbox 515 3228 564 3278; x_wconf 86' lang='lat'><strong>5.</strong></span> <span class='ocrx_word' id='word_1_273' title='bbox 588 3255 658 3264; x_wconf 91' lang='lat'><strong>-—</strong></span> <span class='ocrx_word' id='word_1_274' title='bbox 678 3231 802 3278; x_wconf 89' lang='lat' dir='ltr'><strong>Eius</strong></span> <span class='ocrx_word' id='word_1_275' title='bbox 823 3232 1106 3279; x_wconf 85' lang='lat' dir='ltr'><strong>constantia</strong></span> 
     </span>
     <span class='ocr_line' id='line_1_45' title="bbox 179 3296 1106 3362; baseline 0.004 -19"><span class='ocrx_word' id='word_1_276' title='bbox 179 3296 340 3361; x_wconf 84' lang='lat' dir='ltr'><strong>magis</strong></span> <span class='ocrx_word' id='word_1_277' title='bbox 372 3306 421 3345; x_wconf 90' lang='lat' dir='ltr'><strong>et</strong></span> <span class='ocrx_word' id='word_1_278' title='bbox 451 3299 710 3362; x_wconf 83' lang='lat' dir='ltr'><strong>integritas</strong></span> <span class='ocrx_word' id='word_1_279' title='bbox 746 3314 898 3360; x_wconf 89' lang='lat' dir='ltr'><strong>quam</strong></span> <span class='ocrx_word' id='word_1_280' title='bbox 936 3300 1106 3350; x_wconf 87' lang='lat' dir='ltr'><strong>consi-</strong></span> 
     </span>
     <span class='ocr_line' id='line_1_46' title="bbox 181 3365 1104 3432; baseline 0.005 -19"><span class='ocrx_word' id='word_1_281' title='bbox 181 3365 299 3414; x_wconf 88' lang='lat' dir='ltr'><strong>lium</strong></span> <span class='ocrx_word' id='word_1_282' title='bbox 321 3371 406 3414; x_wconf 90' lang='lat' dir='ltr'><strong>aut</strong></span> <span class='ocrx_word' id='word_1_283' title='bbox 429 3366 685 3430; x_wconf 82' lang='lat' dir='ltr'><strong>ingenium</strong></span> <span class='ocrx_word' id='word_1_284' title='bbox 704 3368 756 3414; x_wconf 89' lang='lat' dir='ltr'><strong>in</strong></span> <span class='ocrx_word' id='word_1_285' title='bbox 775 3383 830 3416; x_wconf 75' lang='lat' dir='ltr'><strong>rc</strong></span> <span class='ocrx_word' id='word_1_286' title='bbox 850 3368 991 3432; x_wconf 86' lang='lat' dir='ltr'><strong>publ.</strong></span> <span class='ocrx_word' id='word_1_287' title='bbox 1013 3370 1104 3428; x_wconf 85' lang='lat' dir='ltr'><strong>ad-</strong></span> 
     </span>
     <span class='ocr_line' id='line_1_47' title="bbox 180 3433 1104 3499; baseline 0.003 -17"><span class='ocrx_word' id='word_1_288' title='bbox 180 3433 506 3483; x_wconf 85' lang='lat' dir='ltr'><strong>ministranda</strong></span> <span class='ocrx_word' id='word_1_289' title='bbox 536 3437 859 3499; x_wconf 80' lang='lat' dir='ltr'><strong>agnoscitur,</strong></span> <span class='ocrx_word' id='word_1_290' title='bbox 890 3437 976 3498; x_wconf 88' lang='lat' dir='ltr'><strong>qui</strong></span> <span class='ocrx_word' id='word_1_291' title='bbox 1011 3438 1104 3485; x_wconf 88' lang='lat' dir='ltr'><strong>mi-</strong></span> 
     </span>
    </p>
   </div>
   <div class='ocr_carea' id='block_1_7' title="bbox 1251 344 2191 687">
    <p class='ocr_par' dir='ltr' id='par_1_11' title="bbox 1251 344 2191 687">
     <span class='ocr_line' id='line_1_48' title="bbox 1256 344 2191 411; baseline -0.002 -16"><span class='ocrx_word' id='word_1_292' title='bbox 1256 360 1395 396; x_wconf 89' lang='lat' dir='ltr'><strong>seros</strong></span> <span class='ocrx_word' id='word_1_293' title='bbox 1446 347 1774 411; x_wconf 78' lang='lat' dir='ltr'><strong>publicanOS,</strong></span> <span class='ocrx_word' id='word_1_294' title='bbox 1832 359 1956 407; x_wconf 88' lang='lat' dir='ltr'><strong>quos</strong></span> <span class='ocrx_word' id='word_1_295' title='bbox 2014 344 2191 395; x_wconf 86' lang='lat' dir='ltr'><strong>habuit</strong></span> 
     </span>
     <span class='ocr_line' id='line_1_49' title="bbox 1253 414 2191 478; baseline 0 -14"><span class='ocrx_word' id='word_1_296' title='bbox 1253 417 1628 465; x_wconf 83' lang='lat' dir='ltr'><strong>amantissimos</strong></span> <span class='ocrx_word' id='word_1_297' title='bbox 1674 416 1781 478; x_wconf 84' lang='lat' dir='ltr'><strong>sui,</strong></span> <span class='ocrx_word' id='word_1_298' title='bbox 1838 415 2040 464; x_wconf 88' lang='lat' dir='ltr'><strong>tertium</strong></span> <span class='ocrx_word' id='word_1_299' title='bbox 2088 414 2191 464; x_wconf 84' lang='lat' dir='ltr'><strong>iam</strong></span> 
     </span>
     <span class='ocr_line' id='line_1_50' title="bbox 1254 483 2191 547; baseline -0.001 -13"><span class='ocrx_word' id='word_1_300' title='bbox 1254 499 1477 547; x_wconf 82' lang='lat' dir='ltr'><strong>mensem</strong></span> <span class='ocrx_word' id='word_1_301' title='bbox 1502 491 1677 547; x_wconf 88' lang='lat' dir='ltr'><strong>vexet,</strong></span> <span class='ocrx_word' id='word_1_302' title='bbox 1712 483 1787 535; x_wconf 89' lang='lat' dir='ltr'><strong>Ib.</strong></span> <span class='ocrx_word' id='word_1_303' title='bbox 1823 483 1848 531; x_wconf 91' lang='lat'>1</span> <span class='ocrx_word' id='word_1_304' title='bbox 1870 520 1886 543; x_wconf 92' lang='lat'><strong>,</strong></span> <span class='ocrx_word' id='word_1_305' title='bbox 1921 483 2012 543; x_wconf 88' lang='lat'><strong>18,</strong></span> <span class='ocrx_word' id='word_1_306' title='bbox 2050 484 2099 533; x_wconf 88' lang='lat'><strong>7.</strong></span> <span class='ocrx_word' id='word_1_307' title='bbox 2122 510 2191 519; x_wconf 90' lang='lat'><strong>--</strong></span> 
     </span>
     <span class='ocr_line' id='line_1_51' title="bbox 1251 550 2188 618; baseline -0.001 -17"><span class='ocrx_word' id='word_1_308' title='bbox 1251 554 1690 618; x_wconf 86' lang='lat' dir='ltr'><strong>Intemperantiam</strong></span> <span class='ocrx_word' id='word_1_309' title='bbox 1738 550 1941 600; x_wconf 89' lang='lat' dir='ltr'><strong>illorum</strong></span> <span class='ocrx_word' id='word_1_310' title='bbox 1986 566 2039 599; x_wconf 86' lang='lat' dir='ltr'><strong>se</strong></span> <span class='ocrx_word' id='word_1_311' title='bbox 2078 566 2188 600; x_wconf 85' lang='lat' dir='ltr'><strong>esse</strong></span> 
     </span>
     <span class='ocr_line' id='line_1_52' title="bbox 1252 620 2189 687; baseline -0.003 -16"><span class='ocrx_word' id='word_1_312' title='bbox 1252 630 1517 687; x_wconf 77' lang='lat' dir='ltr'><strong>expertOS,</strong></span> <span class='ocrx_word' id='word_1_313' title='bbox 1549 622 1635 684; x_wconf 89' lang='lat' dir='ltr'><strong>qui</strong></span> <span class='ocrx_word' id='word_1_314' title='bbox 1664 620 1840 671; x_wconf 88' lang='lat' dir='ltr'><strong>Catoni</strong></span> <span class='ocrx_word' id='word_1_315' title='bbox 1878 620 1993 668; x_wconf 86' lang='lat' dir='ltr'><strong>irati</strong></span> <span class='ocrx_word' id='word_1_316' title='bbox 2020 621 2189 668; x_wconf 86' lang='lat' dir='ltr'><strong>omnia</strong></span> 
     </span>
    </p>
   </div>
   <div class='ocr_carea' id='block_1_8' title="bbox 1203 686 2189 756">
    <p class='ocr_par' dir='ltr' id='par_1_12' title="bbox 1203 686 2189 756">
     <span class='ocr_line' id='line_1_53' title="bbox 1203 686 2189 756; baseline -0.003 -16"><span class='ocrx_word' id='word_1_317' title='bbox 1203 728 1206 731; x_wconf 77' lang='lat'>-</span> <span class='ocrx_word' id='word_1_318' title='bbox 1249 691 1569 756; x_wconf 86' lang='lat' dir='ltr'><strong>perdiderint</strong></span> <span class='ocrx_word' id='word_1_319' title='bbox 1602 705 1648 739; x_wconf 90' lang='lat' dir='ltr'><strong>a.</strong></span> <span class='ocrx_word' id='word_1_320' title='bbox 1685 706 1737 737; x_wconf 92' lang='lat' dir='ltr'><strong>u.</strong></span> <span class='ocrx_word' id='word_1_321' title='bbox 1771 704 1815 737; x_wconf 93' lang='lat' dir='ltr'><strong>c.</strong></span> <span class='ocrx_word' id='word_1_322' title='bbox 1848 686 1968 739; x_wconf 85' lang='lat'><strong>695.</strong></span> <span class='ocrx_word' id='word_1_323' title='bbox 1993 724 2006 747; x_wconf 93' lang='lat'><strong>,</strong></span> <span class='ocrx_word' id='word_1_324' title='bbox 2040 688 2114 736; x_wconf 89' lang='lat' dir='ltr'><strong>lb.</strong></span> <span class='ocrx_word' id='word_1_325' title='bbox 2138 690 2189 752; x_wconf 82' lang='lat'><strong>2,</strong></span> 
     </span>
    </p>
   </div>
   <div class='ocr_carea' id='block_1_9' title="bbox 1245 756 2255 1783">
    <p class='ocr_par' dir='ltr' id='par_1_13' title="bbox 1245 756 2255 1783">
     <span class='ocr_line' id='line_1_54' title="bbox 1250 756 2190 825; baseline -0.003 -17"><span class='ocrx_word' id='word_1_326' title='bbox 1250 760 1315 808; x_wconf 87' lang='grc'><strong>21</strong></span> <span class='ocrx_word' id='word_1_327' title='bbox 1338 796 1352 825; x_wconf 92' lang='grc'><strong>,</strong></span> <span class='ocrx_word' id='word_1_328' title='bbox 1386 760 1436 811; x_wconf 91' lang='grc'><strong>1.</strong></span> <span class='ocrx_word' id='word_1_329' title='bbox 1472 786 1540 795; x_wconf 93' lang='lat'><strong>-—·</strong></span> <span class='ocrx_word' id='word_1_330' title='bbox 1572 756 1746 808; x_wconf 89' lang='lat' dir='ltr'><strong>Cicero</strong></span> <span class='ocrx_word' id='word_1_331' title='bbox 1786 757 1964 806; x_wconf 81' lang='lat' dir='ltr'><strong>scribit</strong></span> <span class='ocrx_word' id='word_1_332' title='bbox 1994 766 2190 805; x_wconf 86' lang='lat' dir='ltr'><strong>tantum</strong></span> 
     </span>
     <span class='ocr_line' id='line_1_55' title="bbox 1253 826 2189 877; baseline -0.004 0"><span class='ocrx_word' id='word_1_333' title='bbox 1253 827 1492 877; x_wconf 88' lang='lat' dir='ltr'><strong>Catonem</strong></span> <span class='ocrx_word' id='word_1_334' title='bbox 1522 828 1583 875; x_wconf 86' lang='lat' dir='ltr'><strong>ab</strong></span> <span class='ocrx_word' id='word_1_335' title='bbox 1608 827 1833 877; x_wconf 83' lang='lat' dir='ltr'><strong>invidiae</strong></span> <span class='ocrx_word' id='word_1_336' title='bbox 1853 827 1906 874; x_wconf 88' lang='lat' dir='ltr'><strong>in</strong></span> <span class='ocrx_word' id='word_1_337' title='bbox 1926 840 1981 873; x_wconf 85' lang='lat' dir='ltr'><strong>se</strong></span> <span class='ocrx_word' id='word_1_338' title='bbox 2000 826 2189 874; x_wconf 81' lang='lat' dir='ltr'><strong>scelere</strong></span> 
     </span>
     <span class='ocr_line' id='line_1_56' title="bbox 1254 893 2191 959; baseline -0.004 -14"><span class='ocrx_word' id='word_1_339' title='bbox 1254 897 1471 959; x_wconf 77' lang='lat' dir='ltr'><strong>afuisse,</strong></span> <span class='ocrx_word' id='word_1_340' title='bbox 1522 904 1577 945; x_wconf 89' lang='lat' dir='ltr'><strong>ut</strong></span> <span class='ocrx_word' id='word_1_341' title='bbox 1612 898 1835 945; x_wconf 85' lang='lat' dir='ltr'><strong>maxime</strong></span> <span class='ocrx_word' id='word_1_342' title='bbox 1874 893 2045 943; x_wconf 88' lang='lat' dir='ltr'><strong>doleat</strong></span> <span class='ocrx_word' id='word_1_343' title='bbox 2075 893 2191 959; x_wconf 89' lang='lat' dir='ltr'><strong>plus</strong></span> 
     </span>
     <span class='ocr_line' id='line_1_57' title="bbox 1251 960 2190 1029; baseline -0.003 -16"><span class='ocrx_word' id='word_1_344' title='bbox 1251 966 1388 1029; x_wconf 89' lang='lat' dir='ltr'><strong>apud</strong></span> <span class='ocrx_word' id='word_1_345' title='bbox 1438 980 1492 1014; x_wconf 86' lang='lat' dir='ltr'><strong>se</strong></span> <span class='ocrx_word' id='word_1_346' title='bbox 1544 964 1917 1015; x_wconf 84' lang='lat' dir='ltr'><strong>simulationem</strong></span> <span class='ocrx_word' id='word_1_347' title='bbox 1971 960 2190 1012; x_wconf 86' lang='lat' dir='ltr'><strong>aliorum</strong></span> 
     </span>
     <span class='ocr_line' id='line_1_58' title="bbox 1252 1032 2184 1096; baseline 0.001 -14"><span class='ocrx_word' id='word_1_348' title='bbox 1252 1048 1403 1096; x_wconf 88' lang='lat' dir='ltr'><strong>quam</strong></span> <span class='ocrx_word' id='word_1_349' title='bbox 1423 1036 1569 1082; x_wconf 86' lang='lat' dir='ltr'><strong>istius</strong></span> <span class='ocrx_word' id='word_1_350' title='bbox 1589 1034 1740 1083; x_wconf 86' lang='lat' dir='ltr'><strong>fidem</strong></span> <span class='ocrx_word' id='word_1_351' title='bbox 1760 1032 1985 1081; x_wconf 81' lang='lat' dir='ltr'><strong>valuisse</strong></span> <span class='ocrx_word' id='word_1_352' title='bbox 2001 1046 2049 1079; x_wconf 87' lang='lat' dir='ltr'><strong>a.</strong></span> <span class='ocrx_word' id='word_1_353' title='bbox 2066 1047 2117 1081; x_wconf 89' lang='lat' dir='ltr'><strong>u.</strong></span> <span class='ocrx_word' id='word_1_354' title='bbox 2140 1047 2184 1083; x_wconf 88' lang='lat' dir='ltr'><strong>c.</strong></span> 
     </span>
     <span class='ocr_line' id='line_1_59' title="bbox 1251 1100 2189 1165; baseline -0.004 -12"><span class='ocrx_word' id='word_1_355' title='bbox 1251 1100 1393 1163; x_wconf 71' lang='lat'>696„</span> <span class='ocrx_word' id='word_1_356' title='bbox 1423 1104 1494 1154; x_wconf 90' lang='lat' dir='ltr'><strong>lb.</strong></span> <span class='ocrx_word' id='word_1_357' title='bbox 1518 1102 1568 1163; x_wconf 83' lang='lat'><strong>3,</strong></span> <span class='ocrx_word' id='word_1_358' title='bbox 1596 1103 1671 1164; x_wconf 87' lang='lat'><strong>15,</strong></span> <span class='ocrx_word' id='word_1_359' title='bbox 1694 1103 1743 1151; x_wconf 87' lang='grc'><strong>2.</strong></span> <span class='ocrx_word' id='word_1_360' title='bbox 1766 1128 1834 1138; x_wconf 92' lang='lat'><strong>-·</strong></span> <span class='ocrx_word' id='word_1_361' title='bbox 1854 1100 1977 1151; x_wconf 83' lang='lat' dir='ltr'><strong>Cato</strong></span> <span class='ocrx_word' id='word_1_362' title='bbox 1996 1102 2189 1165; x_wconf 89' lang='lat' dir='ltr'><strong>optimo</strong></span> 
     </span>
     <span class='ocr_line' id='line_1_60' title="bbox 1251 1170 2190 1222; baseline -0.004 -1"><span class='ocrx_word' id='word_1_363' title='bbox 1251 1172 1422 1222; x_wconf 88' lang='lat' dir='ltr'><strong>animo</strong></span> <span class='ocrx_word' id='word_1_364' title='bbox 1442 1178 1585 1219; x_wconf 89' lang='lat' dir='ltr'><strong>utens</strong></span> <span class='ocrx_word' id='word_1_365' title='bbox 1610 1178 1660 1221; x_wconf 92' lang='lat' dir='ltr'><strong>et</strong></span> <span class='ocrx_word' id='word_1_366' title='bbox 1686 1185 1885 1220; x_wconf 88' lang='lat' dir='ltr'><strong>summa</strong></span> <span class='ocrx_word' id='word_1_367' title='bbox 1912 1170 2012 1219; x_wconf 88' lang='lat' dir='ltr'><strong>fide</strong></span> <span class='ocrx_word' id='word_1_368' title='bbox 2041 1177 2190 1218; x_wconf 91' lang='lat' dir='ltr'><strong>nocet</strong></span> 
     </span>
     <span class='ocr_line' id='line_1_61' title="bbox 1250 1238 2189 1303; baseline -0.003 -14"><span class='ocrx_word' id='word_1_369' title='bbox 1250 1240 1501 1289; x_wconf 87' lang='lat' dir='ltr'><strong>interdum</strong></span> <span class='ocrx_word' id='word_1_370' title='bbox 1521 1242 1597 1288; x_wconf 90' lang='lat' dir='ltr'><strong>rei</strong></span> <span class='ocrx_word' id='word_1_371' title='bbox 1616 1240 1871 1303; x_wconf 86' lang='lat' dir='ltr'><strong>publicae.</strong></span> <span class='ocrx_word' id='word_1_372' title='bbox 1901 1238 2033 1287; x_wconf 88' lang='lat' dir='ltr'><strong>Dicit</strong></span> <span class='ocrx_word' id='word_1_373' title='bbox 2054 1240 2189 1287; x_wconf 88' lang='lat' dir='ltr'><strong>enim</strong></span> 
     </span>
     <span class='ocr_line' id='line_1_62' title="bbox 1249 1304 2255 1374; baseline -0.004 -18"><span class='ocrx_word' id='word_1_374' title='bbox 1249 1317 1505 1371; x_wconf 87' lang='lat' dir='ltr'><strong>tamquam</strong></span> <span class='ocrx_word' id='word_1_375' title='bbox 1555 1310 1605 1357; x_wconf 91' lang='lat' dir='ltr'><strong>in</strong></span> <span class='ocrx_word' id='word_1_376' title='bbox 1647 1307 1871 1356; x_wconf 87' lang='lat' dir='ltr'><strong>Platonis</strong></span> <span class='ocrx_word' id='word_1_377' title='bbox 1910 1304 2184 1374; x_wconf 75' lang='grc' dir='ltr'><strong>πολιτείᾳ,</strong></span> <span class='ocrx_word' id='word_1_378' title='bbox 2250 1332 2255 1336; x_wconf 89' lang='lat'><em>-</em></span> 
     </span>
     <span class='ocr_line' id='line_1_63' title="bbox 1250 1376 2185 1437; baseline -0.001 -13"><span class='ocrx_word' id='word_1_379' title='bbox 1250 1391 1351 1425; x_wconf 91' lang='lat' dir='ltr'><strong>non</strong></span> <span class='ocrx_word' id='word_1_380' title='bbox 1397 1385 1656 1437; x_wconf 85' lang='lat' dir='ltr'><strong>tamquam</strong></span> <span class='ocrx_word' id='word_1_381' title='bbox 1708 1376 1761 1423; x_wconf 89' lang='lat' dir='ltr'><strong>in</strong></span> <span class='ocrx_word' id='word_1_382' title='bbox 1804 1376 2006 1423; x_wconf 90' lang='lat' dir='ltr'><strong>Romuli</strong></span> <span class='ocrx_word' id='word_1_383' title='bbox 2044 1376 2185 1423; x_wconf 81' lang='lat' dir='ltr'><strong>faece</strong></span> 
     </span>
     <span class='ocr_line' id='line_1_64' title="bbox 1251 1442 2185 1503; baseline 0.001 -10"><span class='ocrx_word' id='word_1_384' title='bbox 1251 1446 1553 1493; x_wconf 86' lang='lat' dir='ltr'><strong>seutentiam</strong></span> <span class='ocrx_word' id='word_1_385' title='bbox 1594 1451 1685 1493; x_wconf 89' lang='lat' dir='ltr'><strong>etc.</strong></span> <span class='ocrx_word' id='word_1_386' title='bbox 1704 1480 1718 1503; x_wconf 92' lang='lat'><strong>,</strong></span> <span class='ocrx_word' id='word_1_387' title='bbox 1754 1444 1829 1496; x_wconf 89' lang='lat' dir='ltr'><strong>lb.</strong></span> <span class='ocrx_word' id='word_1_388' title='bbox 1853 1444 1885 1492; x_wconf 90' lang='lat'>2</span> <span class='ocrx_word' id='word_1_389' title='bbox 1905 1480 1918 1502; x_wconf 94' lang='lat'><strong>,</strong></span> <span class='ocrx_word' id='word_1_390' title='bbox 1956 1444 2013 1503; x_wconf 90' lang='lat'><strong>1,</strong></span> <span class='ocrx_word' id='word_1_391' title='bbox 2048 1442 2097 1495; x_wconf 88' lang='grc'><strong>8.</strong></span> <span class='ocrx_word' id='word_1_392' title='bbox 2122 1471 2185 1481; x_wconf 89' lang='lat'><strong>—-</strong></span> 
     </span>
     <span class='ocr_line' id='line_1_65' title="bbox 1251 1512 2187 1576; baseline -0.004 -13"><span class='ocrx_word' id='word_1_393' title='bbox 1251 1514 1371 1563; x_wconf 86' lang='lat' dir='ltr'><strong>Cato</strong></span> <span class='ocrx_word' id='word_1_394' title='bbox 1404 1512 1636 1564; x_wconf 86' lang='lat' dir='ltr'><strong>Ciceroni</strong></span> <span class='ocrx_word' id='word_1_395' title='bbox 1666 1526 1797 1561; x_wconf 86' lang='lat' dir='ltr'><strong>unus</strong></span> <span class='ocrx_word' id='word_1_396' title='bbox 1835 1520 1909 1561; x_wconf 87' lang='lat' dir='ltr'><strong>est</strong></span> <span class='ocrx_word' id='word_1_397' title='bbox 1941 1526 2035 1576; x_wconf 91' lang='lat' dir='ltr'><strong>pro</strong></span> <span class='ocrx_word' id='word_1_398' title='bbox 2072 1526 2187 1559; x_wconf 90' lang='lat' dir='ltr'><strong>cen-</strong></span> 
     </span>
     <span class='ocr_line' id='line_1_66' title="bbox 1249 1580 2187 1643; baseline 0 -14"><span class='ocrx_word' id='word_1_399' title='bbox 1249 1591 1353 1630; x_wconf 87' lang='lat' dir='ltr'><strong>tum</strong></span> <span class='ocrx_word' id='word_1_400' title='bbox 1374 1582 1603 1641; x_wconf 85' lang='lat' dir='ltr'><strong>milibus,</strong></span> <span class='ocrx_word' id='word_1_401' title='bbox 1631 1583 1704 1630; x_wconf 90' lang='lat' dir='ltr'><strong>lb.</strong></span> <span class='ocrx_word' id='word_1_402' title='bbox 1727 1582 1777 1639; x_wconf 87' lang='grc'><strong>2,</strong></span> <span class='ocrx_word' id='word_1_403' title='bbox 1796 1580 1847 1643; x_wconf 88' lang='grc'><strong>5,</strong></span> <span class='ocrx_word' id='word_1_404' title='bbox 1874 1581 1917 1628; x_wconf 90' lang='grc'><strong>1.</strong></span> <span class='ocrx_word' id='word_1_405' title='bbox 1944 1606 2006 1615; x_wconf 92' lang='lat'><strong>·—-</strong></span> <span class='ocrx_word' id='word_1_406' title='bbox 2031 1581 2187 1629; x_wconf 88' lang='lat' dir='ltr'><strong>Festi-</strong></span> 
     </span>
     <span class='ocr_line' id='line_1_67' title="bbox 1248 1652 2187 1713; baseline -0.001 -14"><span class='ocrx_word' id='word_1_407' title='bbox 1248 1666 1311 1699; x_wconf 88' lang='lat' dir='ltr'><strong>ve</strong></span> <span class='ocrx_word' id='word_1_408' title='bbox 1342 1658 1390 1699; x_wconf 90' lang='lat' dir='ltr'><strong>et</strong></span> <span class='ocrx_word' id='word_1_409' title='bbox 1416 1652 1611 1699; x_wconf 88' lang='lat' dir='ltr'><strong>minore</strong></span> <span class='ocrx_word' id='word_1_410' title='bbox 1642 1652 1837 1711; x_wconf 82' lang='lat' dir='ltr'><strong>sonitu,</strong></span> <span class='ocrx_word' id='word_1_411' title='bbox 1871 1664 2019 1711; x_wconf 87' lang='lat' dir='ltr'><strong>quam</strong></span> <span class='ocrx_word' id='word_1_412' title='bbox 2042 1657 2187 1713; x_wconf 87' lang='lat' dir='ltr'><strong>puta-</strong></span> 
     </span>
     <span class='ocr_line' id='line_1_68' title="bbox 1245 1718 2187 1783; baseline 0 -16"><span class='ocrx_word' id='word_1_413' title='bbox 1245 1727 1321 1767; x_wconf 82' lang='lat' dir='ltr'><strong>rat</strong></span> <span class='ocrx_word' id='word_1_414' title='bbox 1356 1719 1556 1781; x_wconf 88' lang='lat' dir='ltr'><strong>Cicero,</strong></span> <span class='ocrx_word' id='word_1_415' title='bbox 1589 1720 1725 1768; x_wconf 79' lang='lat' dir='ltr'><strong>orbis</strong></span> <span class='ocrx_word' id='word_1_416' title='bbox 1756 1720 1807 1767; x_wconf 89' lang='lat' dir='ltr'><strong>in</strong></span> <span class='ocrx_word' id='word_1_417' title='bbox 1845 1734 1899 1766; x_wconf 88' lang='lat' dir='ltr'><strong>re</strong></span> <span class='ocrx_word' id='word_1_418' title='bbox 1933 1718 2075 1783; x_wconf 87' lang='lat' dir='ltr'><strong>publ.</strong></span> <span class='ocrx_word' id='word_1_419' title='bbox 2112 1727 2187 1767; x_wconf 88' lang='lat' dir='ltr'><strong>est</strong></span> 
     </span>
    </p>
   </div>
   <div class='ocr_carea' id='block_1_10' title="bbox 1196 1788 2185 1850">
    <p class='ocr_par' dir='ltr' id='par_1_14' title="bbox 1196 1788 2185 1850">
     <span class='ocr_line' id='line_1_69' title="bbox 1196 1788 2185 1850; baseline -0.001 -13"><span class='ocrx_word' id='word_1_420' title='bbox 1196 1810 1202 1812; x_wconf 53' lang='lat'>&gt;</span> <span class='ocrx_word' id='word_1_421' title='bbox 1247 1802 1552 1849; x_wconf 78' lang='lat' dir='ltr'><strong>conversuS,</strong></span> <span class='ocrx_word' id='word_1_422' title='bbox 1591 1790 1739 1841; x_wconf 83' lang='lat' dir='ltr'><strong>citius</strong></span> <span class='ocrx_word' id='word_1_423' title='bbox 1766 1788 1995 1847; x_wconf 86' lang='lat' dir='ltr'><strong>omnino,</strong></span> <span class='ocrx_word' id='word_1_424' title='bbox 2035 1802 2185 1850; x_wconf 87' lang='lat' dir='ltr'><strong>quam</strong></span> 
     </span>
    </p>
   </div>
   <div class='ocr_carea' id='block_1_11' title="bbox 1243 1856 2187 3557">
    <p class='ocr_par' dir='ltr' id='par_1_15' title="bbox 1243 1856 2187 3557">
     <span class='ocr_line' id='line_1_70' title="bbox 1250 1856 2187 1923; baseline -0.001 -17"><span class='ocrx_word' id='word_1_425' title='bbox 1250 1858 1498 1923; x_wconf 82' lang='lat' dir='ltr'><strong>oportuit,</strong></span> <span class='ocrx_word' id='word_1_426' title='bbox 1533 1859 1681 1923; x_wconf 86' lang='lat' dir='ltr'><strong>culpa</strong></span> <span class='ocrx_word' id='word_1_427' title='bbox 1712 1856 1946 1919; x_wconf 79' lang='lat' dir='ltr'><strong>Catonis,</strong></span> <span class='ocrx_word' id='word_1_428' title='bbox 1979 1858 2066 1919; x_wconf 92' lang='lat' dir='ltr'><strong>qui</strong></span> <span class='ocrx_word' id='word_1_429' title='bbox 2090 1859 2187 1905; x_wconf 84' lang='lat' dir='ltr'><strong>mi-</strong></span> 
     </span>
     <span class='ocr_line' id='line_1_71' title="bbox 1249 1925 2184 1992; baseline -0.001 -16"><span class='ocrx_word' id='word_1_430' title='bbox 1249 1942 1393 1977; x_wconf 71' lang='lat' dir='ltr'><strong>seros</strong></span> <span class='ocrx_word' id='word_1_431' title='bbox 1422 1929 1625 1977; x_wconf 84' lang='lat' dir='ltr'><strong>vexavit</strong></span> <span class='ocrx_word' id='word_1_432' title='bbox 1660 1925 1961 1992; x_wconf 87' lang='lat' dir='ltr'><strong>publicanos</strong></span> <span class='ocrx_word' id='word_1_433' title='bbox 1980 1963 1993 1989; x_wconf 96' lang='lat'><strong>,</strong></span> <span class='ocrx_word' id='word_1_434' title='bbox 2028 1928 2101 1975; x_wconf 89' lang='lat' dir='ltr'><strong>Ib.</strong></span> <span class='ocrx_word' id='word_1_435' title='bbox 2132 1927 2184 1985; x_wconf 93' lang='grc'><strong>2,</strong></span> 
     </span>
     <span class='ocr_line' id='line_1_72' title="bbox 1251 1995 2187 2064; baseline -0.003 -18"><span class='ocrx_word' id='word_1_436' title='bbox 1251 1995 1311 2058; x_wconf 87' lang='grc'><strong>9,</strong></span> <span class='ocrx_word' id='word_1_437' title='bbox 1369 1997 1413 2044; x_wconf 93' lang='grc'><strong>1.</strong></span> <span class='ocrx_word' id='word_1_438' title='bbox 1456 2023 1521 2035; x_wconf 92' lang='lat'><strong>--</strong></span> <span class='ocrx_word' id='word_1_439' title='bbox 1563 1997 1870 2064; x_wconf 43' lang='lat' dir='ltr'><strong>Cato&#39;nimis</strong></span> <span class='ocrx_word' id='word_1_440' title='bbox 1902 1996 2187 2058; x_wconf 80' lang='lat' dir='ltr'><strong>praefracte</strong></span> 
     </span>
     <span class='ocr_line' id='line_1_73' title="bbox 1256 2063 2187 2130; baseline 0.002 -15"><span class='ocrx_word' id='word_1_441' title='bbox 1256 2068 1503 2115; x_wconf 86' lang='lat' dir='ltr'><strong>aerarium</strong></span> <span class='ocrx_word' id='word_1_442' title='bbox 1539 2063 1909 2130; x_wconf 79' lang='lat' dir='ltr'><strong>vectigaliaque</strong></span> <span class='ocrx_word' id='word_1_443' title='bbox 1946 2064 2187 2117; x_wconf 83' lang='lat' dir='ltr'><strong>defende·-</strong></span> 
     </span>
     <span class='ocr_line' id='line_1_74' title="bbox 1251 2133 2183 2202; baseline -0.002 -20"><span class='ocrx_word' id='word_1_444' title='bbox 1251 2135 1368 2202; x_wconf 69' lang='lat' dir='ltr'><strong>bat,</strong></span> <span class='ocrx_word' id='word_1_445' title='bbox 1416 2135 1585 2183; x_wconf 83' lang='lat' dir='ltr'><strong>omnia</strong></span> <span class='ocrx_word' id='word_1_446' title='bbox 1631 2133 1913 2198; x_wconf 82' lang='lat' dir='ltr'><strong>publicanis</strong></span> <span class='ocrx_word' id='word_1_447' title='bbox 1949 2135 2183 2198; x_wconf 84' lang='lat' dir='ltr'><strong>negabat,</strong></span> 
     </span>
     <span class='ocr_line' id='line_1_75' title="bbox 1250 2201 2185 2264; baseline 0 -13"><span class='ocrx_word' id='word_1_448' title='bbox 1250 2203 1409 2252; x_wconf 88' lang='lat' dir='ltr'><strong>multa</strong></span> <span class='ocrx_word' id='word_1_449' title='bbox 1428 2203 1609 2264; x_wconf 79' lang='lat' dir='ltr'><strong>sociiS,</strong></span> <span class='ocrx_word' id='word_1_450' title='bbox 1641 2204 1703 2252; x_wconf 88' lang='lat' dir='ltr'><strong>de</strong></span> <span class='ocrx_word' id='word_1_451' title='bbox 1724 2201 1809 2250; x_wconf 83' lang='lat' dir='ltr'><strong>off.</strong></span> <span class='ocrx_word' id='word_1_452' title='bbox 1835 2203 1883 2262; x_wconf 83' lang='lat'><strong>3,</strong></span> <span class='ocrx_word' id='word_1_453' title='bbox 1906 2203 1991 2263; x_wconf 90' lang='grc'><strong>22,</strong></span> <span class='ocrx_word' id='word_1_454' title='bbox 2013 2203 2096 2253; x_wconf 89' lang='grc'><strong>88.</strong></span> <span class='ocrx_word' id='word_1_455' title='bbox 2120 2229 2185 2236; x_wconf 82' lang='lat'><strong>——-</strong></span> 
     </span>
     <span class='ocr_line' id='line_1_76' title="bbox 1252 2269 2181 2338; baseline 0 -20"><span class='ocrx_word' id='word_1_456' title='bbox 1252 2275 1307 2319; x_wconf 83' lang='lat' dir='ltr'><strong>ln</strong></span> <span class='ocrx_word' id='word_1_457' title='bbox 1344 2270 1566 2338; x_wconf 69' lang='lat' dir='ltr'><strong>Cyprum</strong></span> <span class='ocrx_word' id='word_1_458' title='bbox 1602 2273 1789 2320; x_wconf 82' lang='lat' dir='ltr'><strong>missus</strong></span> <span class='ocrx_word' id='word_1_459' title='bbox 1824 2287 1869 2325; x_wconf 82' lang='lat' dir='ltr'><strong>a.</strong></span> <span class='ocrx_word' id='word_1_460' title='bbox 1904 2286 1954 2322; x_wconf 89' lang='lat' dir='ltr'><strong>u.</strong></span> <span class='ocrx_word' id='word_1_461' title='bbox 1990 2287 2033 2322; x_wconf 88' lang='lat' dir='ltr'><strong>c.</strong></span> <span class='ocrx_word' id='word_1_462' title='bbox 2060 2269 2181 2321; x_wconf 81' lang='lat'><strong>696.</strong></span> 
     </span>
     <span class='ocr_line' id='line_1_77' title="bbox 1250 2339 2183 2405; baseline -0.002 -17"><span class='ocrx_word' id='word_1_463' title='bbox 1250 2341 1365 2405; x_wconf 84' lang='lat' dir='ltr'><strong>lege</strong></span> <span class='ocrx_word' id='word_1_464' title='bbox 1392 2341 1449 2388; x_wconf 87' lang='lat' dir='ltr'><strong>P.</strong></span> <span class='ocrx_word' id='word_1_465' title='bbox 1480 2339 1645 2389; x_wconf 89' lang='lat' dir='ltr'><strong>Clodii</strong></span> <span class='ocrx_word' id='word_1_466' title='bbox 1674 2341 1790 2391; x_wconf 89' lang='lat' dir='ltr'><strong>trib.</strong></span> <span class='ocrx_word' id='word_1_467' title='bbox 1826 2340 1900 2404; x_wconf 87' lang='lat' dir='ltr'><strong>pl.</strong></span> <span class='ocrx_word' id='word_1_468' title='bbox 1927 2341 1993 2388; x_wconf 86' lang='lat' dir='ltr'><strong>ad</strong></span> <span class='ocrx_word' id='word_1_469' title='bbox 2014 2339 2183 2402; x_wconf 88' lang='lat' dir='ltr'><strong>publi-</strong></span> 
     </span>
     <span class='ocr_line' id='line_1_78' title="bbox 1252 2407 2185 2472; baseline -0.003 -14"><span class='ocrx_word' id='word_1_470' title='bbox 1252 2408 1467 2458; x_wconf 85' lang='lat' dir='ltr'><strong>candum</strong></span> <span class='ocrx_word' id='word_1_471' title='bbox 1498 2423 1672 2472; x_wconf 86' lang='lat' dir='ltr'><strong>regem</strong></span> <span class='ocrx_word' id='word_1_472' title='bbox 1695 2407 2037 2457; x_wconf 84' lang='lat' dir='ltr'><strong>Ptolemaeum</strong></span> <span class='ocrx_word' id='word_1_473' title='bbox 2052 2445 2067 2470; x_wconf 90' lang='lat'><strong>,</strong></span> <span class='ocrx_word' id='word_1_474' title='bbox 2092 2421 2185 2470; x_wconf 84' lang='lat' dir='ltr'><strong>pro</strong></span> 
     </span>
     <span class='ocr_line' id='line_1_79' title="bbox 1251 2477 2187 2539; baseline -0.004 -13"><span class='ocrx_word' id='word_1_475' title='bbox 1251 2477 1384 2529; x_wconf 87' lang='lat' dir='ltr'><strong>Sest.</strong></span> <span class='ocrx_word' id='word_1_476' title='bbox 1420 2477 1514 2539; x_wconf 91' lang='grc'><strong>28,</strong></span> <span class='ocrx_word' id='word_1_477' title='bbox 1554 2477 1639 2528; x_wconf 90' lang='grc'><strong>60.</strong></span> <span class='ocrx_word' id='word_1_478' title='bbox 1674 2501 1738 2511; x_wconf 91' lang='grc'><strong>·--</strong></span> <span class='ocrx_word' id='word_1_479' title='bbox 1780 2477 1919 2525; x_wconf 86' lang='lat' dir='ltr'><strong>Idem</strong></span> <span class='ocrx_word' id='word_1_480' title='bbox 1956 2483 2187 2524; x_wconf 87' lang='lat' dir='ltr'><strong>narratur</strong></span> 
     </span>
     <span class='ocr_line' id='line_1_80' title="bbox 1250 2543 2181 2608; baseline -0.003 -15"><span class='ocrx_word' id='word_1_481' title='bbox 1250 2559 1362 2595; x_wconf 87' lang='lat' dir='ltr'><strong>cum</strong></span> <span class='ocrx_word' id='word_1_482' title='bbox 1402 2544 1732 2608; x_wconf 76' lang='lat' dir='ltr'><strong>amplissimis</strong></span> <span class='ocrx_word' id='word_1_483' title='bbox 1776 2545 1887 2593; x_wconf 86' lang='lat' dir='ltr'><strong>eius</strong></span> <span class='ocrx_word' id='word_1_484' title='bbox 1925 2543 2181 2605; x_wconf 73' lang='lat' dir='ltr'><strong>laudibuS,</strong></span> 
     </span>
     <span class='ocr_line' id='line_1_81' title="bbox 1251 2612 2182 2677; baseline -0.001 -14"><span class='ocrx_word' id='word_1_485' title='bbox 1251 2615 1313 2663; x_wconf 87' lang='lat' dir='ltr'><strong>de</strong></span> <span class='ocrx_word' id='word_1_486' title='bbox 1333 2614 1481 2663; x_wconf 85' lang='lat' dir='ltr'><strong>domo</strong></span> <span class='ocrx_word' id='word_1_487' title='bbox 1500 2627 1593 2662; x_wconf 84' lang='lat' dir='ltr'><strong>sua</strong></span> <span class='ocrx_word' id='word_1_488' title='bbox 1608 2615 1658 2673; x_wconf 92' lang='grc'><strong>8,</strong></span> <span class='ocrx_word' id='word_1_489' title='bbox 1680 2613 1747 2663; x_wconf 91' lang='grc'><strong>20</strong></span> <span class='ocrx_word' id='word_1_490' title='bbox 1766 2628 1875 2676; x_wconf 87' lang='lat' dir='ltr'><strong>sqq.</strong></span> <span class='ocrx_word' id='word_1_491' title='bbox 1900 2615 1971 2662; x_wconf 82' lang='lat' dir='ltr'><strong>lb.</strong></span> <span class='ocrx_word' id='word_1_492' title='bbox 1996 2614 2080 2677; x_wconf 89' lang='grc'><strong>25,</strong></span> <span class='ocrx_word' id='word_1_493' title='bbox 2096 2612 2182 2662; x_wconf 84' lang='grc'><strong>65.</strong></span> 
     </span>
     <span class='ocr_line' id='line_1_82' title="bbox 1249 2682 2185 2746; baseline 0 -16"><span class='ocrx_word' id='word_1_494' title='bbox 1249 2709 1311 2718; x_wconf 94' lang='lat'><strong>—-</strong></span> <span class='ocrx_word' id='word_1_495' title='bbox 1346 2682 1401 2730; x_wconf 92' lang='lat' dir='ltr'><strong>P.</strong></span> <span class='ocrx_word' id='word_1_496' title='bbox 1440 2683 1635 2733; x_wconf 88' lang='lat' dir='ltr'><strong>Vatinii</strong></span> <span class='ocrx_word' id='word_1_497' title='bbox 1664 2683 1956 2746; x_wconf 82' lang='lat' dir='ltr'><strong>petitionem</strong></span> <span class='ocrx_word' id='word_1_498' title='bbox 1979 2689 2185 2746; x_wconf 87' lang='lat' dir='ltr'><strong>praetu-</strong></span> 
     </span>
     <span class='ocr_line' id='line_1_83' title="bbox 1248 2750 2185 2816; baseline 0.001 -17"><span class='ocrx_word' id='word_1_499' title='bbox 1248 2767 1335 2800; x_wconf 87' lang='lat' dir='ltr'><strong>rae</strong></span> <span class='ocrx_word' id='word_1_500' title='bbox 1358 2750 1533 2800; x_wconf 88' lang='lat' dir='ltr'><strong>Cicero</strong></span> <span class='ocrx_word' id='word_1_501' title='bbox 1565 2753 1883 2816; x_wconf 88' lang='lat' dir='ltr'><strong>gravissimis</strong></span> <span class='ocrx_word' id='word_1_502' title='bbox 1918 2753 1969 2799; x_wconf 88' lang='lat' dir='ltr'><strong>in</strong></span> <span class='ocrx_word' id='word_1_503' title='bbox 2004 2757 2185 2800; x_wconf 85' lang='lat' dir='ltr'><strong>senatu</strong></span> 
     </span>
     <span class='ocr_line' id='line_1_84' title="bbox 1249 2821 2185 2885; baseline 0 -17"><span class='ocrx_word' id='word_1_504' title='bbox 1249 2821 1512 2869; x_wconf 87' lang='lat' dir='ltr'><strong>sententiis</strong></span> <span class='ocrx_word' id='word_1_505' title='bbox 1532 2822 1869 2885; x_wconf 83' lang='lat' dir='ltr'><strong>oppugnavit,</strong></span> <span class='ocrx_word' id='word_1_506' title='bbox 1898 2835 2060 2884; x_wconf 89' lang='lat' dir='ltr'><strong>neque</strong></span> <span class='ocrx_word' id='word_1_507' title='bbox 2080 2828 2185 2870; x_wconf 86' lang='lat' dir='ltr'><strong>tam</strong></span> 
     </span>
     <span class='ocr_line' id='line_1_85' title="bbox 1247 2889 2184 2952; baseline -0.001 -14"><span class='ocrx_word' id='word_1_508' title='bbox 1247 2889 1387 2938; x_wconf 84' lang='lat' dir='ltr'><strong>illius</strong></span> <span class='ocrx_word' id='word_1_509' title='bbox 1406 2890 1645 2940; x_wconf 86' lang='lat' dir='ltr'><strong>laedendi</strong></span> <span class='ocrx_word' id='word_1_510' title='bbox 1664 2905 1818 2940; x_wconf 85' lang='lat' dir='ltr'><strong>causa</strong></span> <span class='ocrx_word' id='word_1_511' title='bbox 1837 2905 1986 2952; x_wconf 88' lang='lat' dir='ltr'><strong>quam</strong></span> <span class='ocrx_word' id='word_1_512' title='bbox 2009 2889 2184 2939; x_wconf 83' lang='lat' dir='ltr'><strong>defen-</strong></span> 
     </span>
     <span class='ocr_line' id='line_1_86' title="bbox 1247 2957 2183 3022; baseline -0.003 -15"><span class='ocrx_word' id='word_1_513' title='bbox 1247 2958 1402 3008; x_wconf 86' lang='lat' dir='ltr'><strong>dendi</strong></span> <span class='ocrx_word' id='word_1_514' title='bbox 1421 2967 1570 3022; x_wconf 90' lang='lat' dir='ltr'><strong>atque</strong></span> <span class='ocrx_word' id='word_1_515' title='bbox 1603 2960 1814 3008; x_wconf 87' lang='lat' dir='ltr'><strong>ornandi</strong></span> <span class='ocrx_word' id='word_1_516' title='bbox 1846 2958 2077 3020; x_wconf 85' lang='lat' dir='ltr'><strong>Catonis,</strong></span> <span class='ocrx_word' id='word_1_517' title='bbox 2118 2957 2183 3004; x_wconf 86' lang='lat' dir='ltr'><strong>ad</strong></span> 
     </span>
     <span class='ocr_line' id='line_1_87' title="bbox 1247 3027 2182 3090; baseline -0.004 -14"><span class='ocrx_word' id='word_1_518' title='bbox 1247 3027 1367 3080; x_wconf 75' lang='lat' dir='ltr'><strong>fam.</strong></span> <span class='ocrx_word' id='word_1_519' title='bbox 1398 3029 1421 3076; x_wconf 91' lang='lat'>1</span> <span class='ocrx_word' id='word_1_520' title='bbox 1441 3063 1455 3090; x_wconf 93' lang='lat'><strong>,</strong></span> <span class='ocrx_word' id='word_1_521' title='bbox 1492 3028 1553 3090; x_wconf 86' lang='lat'><strong>9,</strong></span> <span class='ocrx_word' id='word_1_522' title='bbox 1586 3028 1665 3080; x_wconf 85' lang='lat'><strong>19.</strong></span> <span class='ocrx_word' id='word_1_523' title='bbox 1686 3055 1755 3066; x_wconf 90' lang='lat'><strong>——</strong></span> <span class='ocrx_word' id='word_1_524' title='bbox 1776 3028 1841 3075; x_wconf 92' lang='lat' dir='ltr'><strong>M.</strong></span> <span class='ocrx_word' id='word_1_525' title='bbox 1873 3027 1994 3076; x_wconf 84' lang='lat' dir='ltr'><strong>Cato</strong></span> <span class='ocrx_word' id='word_1_526' title='bbox 2026 3039 2182 3088; x_wconf 84' lang='lat' dir='ltr'><strong>repu-</strong></span> 
     </span>
     <span class='ocr_line' id='line_1_88' title="bbox 1247 3095 2177 3160; baseline -0.001 -15"><span class='ocrx_word' id='word_1_527' title='bbox 1247 3096 1414 3145; x_wconf 85' lang='lat' dir='ltr'><strong>diatus</strong></span> <span class='ocrx_word' id='word_1_528' title='bbox 1442 3111 1470 3144; x_wconf 86' lang='lat' dir='ltr'><strong>a</strong></span> <span class='ocrx_word' id='word_1_529' title='bbox 1494 3099 1734 3160; x_wconf 89' lang='lat' dir='ltr'><strong>Pompeio</strong></span> <span class='ocrx_word' id='word_1_530' title='bbox 1757 3104 1804 3144; x_wconf 89' lang='lat' dir='ltr'><strong>et</strong></span> <span class='ocrx_word' id='word_1_531' title='bbox 1833 3095 2015 3144; x_wconf 86' lang='lat' dir='ltr'><strong>Crasso</strong></span> <span class='ocrx_word' id='word_1_532' title='bbox 2042 3108 2177 3144; x_wconf 79' lang='lat' dir='ltr'><strong>cOSS.</strong></span> 
     </span>
     <span class='ocr_line' id='line_1_89' title="bbox 1246 3159 2177 3226; baseline -0.003 -13"><span class='ocrx_word' id='word_1_533' title='bbox 1246 3181 1293 3217; x_wconf 83' lang='lat' dir='ltr'><strong>a.</strong></span> <span class='ocrx_word' id='word_1_534' title='bbox 1313 3181 1363 3213; x_wconf 91' lang='lat' dir='ltr'><strong>u.</strong></span> <span class='ocrx_word' id='word_1_535' title='bbox 1393 3181 1439 3214; x_wconf 92' lang='lat' dir='ltr'><strong>c.</strong></span> <span class='ocrx_word' id='word_1_536' title='bbox 1476 3165 1597 3218; x_wconf 83' lang='lat'><strong>699.</strong></span> <span class='ocrx_word' id='word_1_537' title='bbox 1614 3200 1628 3223; x_wconf 88' lang='lat'><strong>,</strong></span> <span class='ocrx_word' id='word_1_538' title='bbox 1652 3165 1717 3212; x_wconf 87' lang='lat' dir='ltr'><strong>ad</strong></span> <span class='ocrx_word' id='word_1_539' title='bbox 1738 3164 1796 3222; x_wconf 87' lang='lat' dir='ltr'><strong>Q.</strong></span> <span class='ocrx_word' id='word_1_540' title='bbox 1828 3163 1893 3212; x_wconf 82' lang='lat' dir='ltr'><strong>fr.</strong></span> <span class='ocrx_word' id='word_1_541' title='bbox 1914 3165 1945 3213; x_wconf 87' lang='grc'><strong>2</strong></span> <span class='ocrx_word' id='word_1_542' title='bbox 1964 3199 1977 3222; x_wconf 90' lang='grc'><strong>,</strong></span> <span class='ocrx_word' id='word_1_543' title='bbox 2018 3164 2046 3210; x_wconf 92' lang='grc'><strong>7</strong></span> <span class='ocrx_word' id='word_1_544' title='bbox 2073 3159 2177 3226; x_wconf 88' lang='grc'><strong>(9),</strong></span> 
     </span>
     <span class='ocr_line' id='line_1_90' title="bbox 1245 3229 2176 3296; baseline -0.008 -12"><span class='ocrx_word' id='word_1_545' title='bbox 1245 3233 1294 3284; x_wconf 87' lang='grc'><strong>3.</strong></span> <span class='ocrx_word' id='word_1_546' title='bbox 1316 3261 1383 3269; x_wconf 91' lang='lat'>—</span> <span class='ocrx_word' id='word_1_547' title='bbox 1400 3234 1468 3286; x_wconf 88' lang='lat' dir='ltr'><strong>M.</strong></span> <span class='ocrx_word' id='word_1_548' title='bbox 1492 3234 1612 3284; x_wconf 86' lang='lat' dir='ltr'><strong>Cato</strong></span> <span class='ocrx_word' id='word_1_549' title='bbox 1632 3240 1833 3296; x_wconf 87' lang='lat' dir='ltr'><strong>praetor</strong></span> <span class='ocrx_word' id='word_1_550' title='bbox 1853 3247 1901 3280; x_wconf 88' lang='lat' dir='ltr'><strong>a.</strong></span> <span class='ocrx_word' id='word_1_551' title='bbox 1923 3247 1974 3278; x_wconf 94' lang='lat' dir='ltr'><strong>u.</strong></span> <span class='ocrx_word' id='word_1_552' title='bbox 1998 3248 2039 3280; x_wconf 91' lang='lat' dir='ltr'><strong>c.</strong></span> <span class='ocrx_word' id='word_1_553' title='bbox 2058 3229 2176 3280; x_wconf 89' lang='grc'><strong>700.</strong></span> 
     </span>
     <span class='ocr_line' id='line_1_91' title="bbox 1244 3297 2177 3367; baseline -0.005 -15"><span class='ocrx_word' id='word_1_554' title='bbox 1244 3310 1505 3367; x_wconf 86' lang='lat' dir='ltr'><strong>aegrotare</strong></span> <span class='ocrx_word' id='word_1_555' title='bbox 1524 3302 1733 3361; x_wconf 85' lang='lat' dir='ltr'><strong>dicitur,</strong></span> <span class='ocrx_word' id='word_1_556' title='bbox 1772 3302 1836 3350; x_wconf 90' lang='lat' dir='ltr'><strong>ad</strong></span> <span class='ocrx_word' id='word_1_557' title='bbox 1866 3301 1970 3349; x_wconf 86' lang='lat' dir='ltr'><strong>Att.</strong></span> <span class='ocrx_word' id='word_1_558' title='bbox 1996 3301 2061 3362; x_wconf 89' lang='lat'><strong>4,</strong></span> <span class='ocrx_word' id='word_1_559' title='bbox 2092 3297 2177 3358; x_wconf 92' lang='grc'><strong>16,</strong></span> 
     </span>
     <span class='ocr_line' id='line_1_92' title="bbox 1246 3368 2178 3435; baseline -0.003 -16"><span class='ocrx_word' id='word_1_560' title='bbox 1246 3372 1297 3419; x_wconf 90' lang='grc'><strong>7.</strong></span> <span class='ocrx_word' id='word_1_561' title='bbox 1326 3397 1391 3406; x_wconf 92' lang='lat'><strong>—-</strong></span> <span class='ocrx_word' id='word_1_562' title='bbox 1422 3371 1719 3435; x_wconf 79' lang='lat' dir='ltr'><strong>PomptinO,</strong></span> <span class='ocrx_word' id='word_1_563' title='bbox 1757 3371 1842 3433; x_wconf 88' lang='lat' dir='ltr'><strong>qui</strong></span> <span class='ocrx_word' id='word_1_564' title='bbox 1874 3368 1981 3420; x_wconf 89' lang='lat' dir='ltr'><strong>vult</strong></span> <span class='ocrx_word' id='word_1_565' title='bbox 2000 3369 2178 3416; x_wconf 87' lang='lat' dir='ltr'><strong>trium-</strong></span> 
     </span>
     <span class='ocr_line' id='line_1_93' title="bbox 1243 3437 2179 3503; baseline 0.002 -17"><span class='ocrx_word' id='word_1_566' title='bbox 1243 3437 1433 3503; x_wconf 89' lang='lat' dir='ltr'><strong>phare,</strong></span> <span class='ocrx_word' id='word_1_567' title='bbox 1470 3441 1669 3489; x_wconf 87' lang='lat' dir='ltr'><strong>obviam</strong></span> <span class='ocrx_word' id='word_1_568' title='bbox 1701 3438 1822 3490; x_wconf 85' lang='lat' dir='ltr'><strong>Cato</strong></span> <span class='ocrx_word' id='word_1_569' title='bbox 1852 3446 1901 3489; x_wconf 89' lang='lat' dir='ltr'><strong>et</strong></span> <span class='ocrx_word' id='word_1_570' title='bbox 1933 3437 2179 3489; x_wconf 81' lang='lat' dir='ltr'><strong>Servilius</strong></span> 
     </span>
     <span class='ocr_line' id='line_1_94' title="bbox 1572 3506 1775 3557; baseline 0 -21"><span class='ocrx_word' id='word_1_571' title='bbox 1572 3533 1575 3536; x_wconf 90' lang='lat'><strong>.</strong></span> <span class='ocrx_word' id='word_1_572' title='bbox 1667 3506 1775 3557; x_wconf 64' lang='lat'><strong>21*</strong></span> 
     </span>
    </p>
   </div>
  </div>
 </body>
</html>
