2500 3850
467 197 533 256 Q.
567 196 816 245 FABms
850 197 1165 246 MAXIMUS
1194 219 1282 233 --
1305 197 1366 248 0.
1399 199 1762 248 FABmcms
1793 201 2147 249 Luscmns.
2225 191 2343 250 147

321 353 413 416 pit.
465 351 587 401 Erat
618 351 668 401 in
698 369 759 404 eo
796 324 1031 404 comitate
1060 355 1268 406 condita
1343 354 1410 420 Q.
1452 351 1662 406 Fabius
1699 353 1978 407 Maximus
2017 355 2346 426 Allobrogi-

320 423 567 486 gravitaS.
588 447 657 458 -
674 422 818 472 Bella
838 423 1049 488 gerebat
1066 431 1120 472 ut
1141 425 1267 475 ado·
1305 483 1316 487 Α,

322 491 519 540 lescens
541 498 590 539 ct
614 491 947 542 Hannibalem
972 493 1267 543 iuveniliter

318 559 657 609 exsultantem
685 562 927 626 patientia
950 576 1043 612 sua
1065 561 1266 612 mollie-

316 628 432 692 bat,
459 655 531 666 --
562 643 656 678 nec
690 644 808 680 vero
838 632 891 679 in
928 631 1083 680 armis
1112 646 1263 695 prae-

317 699 533 746 stantior
562 712 715 760 quam
747 701 799 748 in
826 709 948 766 toga
979 699 1035 750 C.
1074 700 1264 749 Flami-

315 767 404 816 nio
434 773 496 816 tr.
528 766 601 832 pl.
620 803 635 828 ,
678 770 848 833 quoad
883 769 1047 834 potuit
1078 770 1266 818 restitit

318 842 446 896 etc.,
491 835 555 885 (18
590 851 699 886 sen.
738 839 799 903 4,
847 838 911 889 10
944 853 1056 902 sqq.
1102 839 1165 888 cl.
1196 840 1264 888 (18

318 913 445 955 orat.
470 906 523 966 2,
547 903 633 970 67,
656 904 777 957 273.
800 934 873 945 -
898 906 1036 956 Brut.
1067 907 1149 970 18,
1176 908 1259 957 72.

314 1001 381 1010 -
415 975 477 1034 Q.
506 975 693 1025 Fabius
722 975 980 1025 Maximus
1012 975 1262 1026 Verruco-

315 1058 405 1094 sus
427 1058 533 1096 cos,
556 1059 670 1093 cum
692 1044 751 1104 Q.
771 1044 950 1096 Fulvio
972 1045 1153 1095 Flacco
1172 1047 1256 1096 IV.

315 1127 362 1162 a.
392 1129 445 1162 u.
482 1128 529 1162 c.
560 1113 683 1166 545.
718 1113 807 1162 His
838 1114 1133 1166 consulibus
1163 1112 1260 1163 Ca·

312 1197 421 1246 pua
456 1181 655 1232 devicta
686 1191 837 1245 atque
867 1190 1016 1249 capta
1048 1190 1155 1248 est,
1194 1184 1258 1233 (18

316 1251 433 1316 lege
460 1265 569 1316 agr.
592 1252 650 1309 2,
672 1250 765 1311 33,
788 1251 874 1305 90.
898 1279 966 1290 -
988 1250 1046 1310 Q.
1068 1251 1256 1302 Fabius

311 1319 571 1370 Maximus
596 1317 864 1372 Cunctator
886 1320 1071 1370 bellum
1101 1322 1258 1371 Puni-

314 1404 429 1438 cum
446 1390 723 1444 secundum
746 1391 1035 1451 enervavit,
1059 1391 1123 1440 (18
1138 1405 1181 1444 r.
1202 1405 1254 1456 p.

314 1459 361 1521 1,
382 1458 433 1520 1,
452 1458 500 1512 1.
516 1459 781 1508 —Filium
797 1459 1115 1510 consularem
1129 1461 1257 1508 ami-

312 1527 394 1586 sit,
417 1527 485 1576 ad
498 1526 621 1580 fam.
643 1531 693 1587 4,
716 1526 768 1587 6,
792 1527 840 1578 1.
868 1529 1072 1581 Tuscul.
1097 1527 1149 1590 3,
1167 1528 1256 1590 28,

314 1597 399 1648 70.
439 1597 502 1646 (18
521 1611 573 1649 n.
601 1598 651 1648 d.
677 1595 727 1658 3,
750 1591 835 1656 32,
854 1597 939 1648 80.
982 1597 1046 1647 (18
1066 1611 1174 1649 sen.
1200 1599 1252 1658 4,

313 1665 397 1715 12.
433 1665 506 1717 Ib.
528 1665 580 1725 6,
602 1664 683 1732 15.
698 1663 899 1716 —Eius
918 1665 1142 1718 laudatio
1163 1665 1258 1714 filii

314 1735 545 1784 exstabat
572 1733 840 1784 ’Ciberonis
874 1743 1131 1799 tempore,
1176 1735 1250 1786 lb.

312 1803 373 1860 4,
400 1804 481 1854 12.
508 1829 576 1840 -
606 1801 821 1854 Honoris
846 1804 1095 1868 templum
1121 1803 1256 1854 bello

310 1872 573 1937 Ligustico
612 1872 893 1933 dedicavit,
932 1873 995 1923 de
1026 1889 1074 1927 n.
1110 1872 1160 1927 d.
1199 1873 1252 1937 2,

310 1942 407 2004 23,
439 1942 523 1994 61.
542 1968 611 1979 ——
638 1943 763 1992 Eius
794 1944 1071 2007 sapientia,
1103 1944 1250 1992 Verr.

314 2018 536 2064 accusat.
559 2012 609 2072 5,
633 2011 715 2071 10,
737 2012 821 2061 25.
838 2012 1035 2061 ——Eius
1056 2026 1254 2061 summa

1408 439 1507 475 cus
1522 460 1536 488 ,
1557 426 1908 489 praecedentis
1923 425 2081 486 filius,
2104 427 2163 475 L.
2183 425 2345 477 Paulli

1406 493 1722 544 Macedonici
1742 509 1929 559 nepos,
1951 497 2127 545 consul
2147 511 2195 548 a.
2221 511 2273 544 u.
2299 511 2342 545 c.

1405 561 1526 614 633.
1572 562 1754 612 litteris
1801 564 1996 614 Latinis
2037 572 2084 614 et
2137 563 2344 614 Graecis

1407 631 1652 696 erudituli,
1673 631 1811 680 Brut.
1837 630 1921 697 28,
1949 632 2064 683 107.
2085 648 2176 697 pro
2195 633 2338 684 Font.

1407 699 1472 752 12
1490 736 1505 760 ,
1533 699 1619 750 26.
1648 727 1719 736 —-
1743 700 1962 766 Epulum
1994 701 2223 753 Africani
2253 717 2342 766 pa-

1404 770 1506 818 trui
1543 770 1624 818 sui
1659 771 1860 820 nomine
1888 771 2077 835 populo
2115 773 2341 821 Romano
2383 799 2385 802 <

1403 838 1564 888 edidit
1603 845 1652 886 et
1688 853 1802 888 eum
1840 855 2080 904 supremo
2119 841 2229 889 eius
2261 840 2344 890 die

1401 906 1660 969 laudavit,
1685 921 1777 972 pro
1805 907 1934 958 Mur.
1959 907 2043 968 36,
2067 908 2152 958 75.

1335 975 1403 1041 Q.
1444 973 1655 1027 Fabius
1691 974 1972 1027 Maximus
2012 975 2342 1044 Allobrogi-

1399 1059 1518 1109 cus,
1537 1045 1672 1096 filius
1694 1044 1751 1103 Q.
1777 1045 1920 1096 Fabii
1937 1045 2148 1096 Maximi
2167 1048 2343 1096 Aemi-

1397 1113 1519 1163 liani
1532 1114 1856 1180 ,Allobrogici
1878 1130 1981 1166 cos,
1999 1131 2047 1166 a.
2063 1133 2114 1166 u.
2134 1131 2178 1164 c.
2197 1115 2339 1179 633„

1398 1197 1560 1248 nepos
1579 1184 1638 1243 Q.
1657 1185 2024 1236 FabiiMaximi
2043 1185 2337 1248 Aemiliani,

1395 1251 1568 1302 fratris
1581 1251 1838 1318 Scipionis
1855 1254 2086 1303 Africani
2106 1255 2339 1304 minoris.

1395 1321 1558 1373 Homo
1592 1320 1724 1370 facie
1754 1324 1938 1385 patris,
1977 1325 2085 1370 vita
2115 1323 2340 1371 omnium

1395 1390 1711 1454 perditorum
1755 1391 1824 1438 ita
1865 1391 2074 1450 similiS,
2114 1397 2170 1438 ut
2205 1397 2340 1438 esset

1397 1458 1550 1507 facile
1572 1458 1903 1522 deterrimuS,
1931 1457 2137 1506 Tuscul.
2163 1457 2222 1519 1,
2251 1457 2336 1517 33,

1397 1525 1482 1577 81.

1329 1596 1398 1662 Q.
1431 1592 1646 1645 Fabius
1666 1592 1947 1646 Maximus
1969 1590 2338 1656 Servilium,

1396 1665 1450 1713 in
1473 1671 1676 1730 gentem
1697 1664 1906 1714 Fabiam
1938 1680 1965 1713 8
1983 1663 2202 1714 Servilia
2225 1678 2255 1712 a
2275 1661 2334 1720 Q.

1395 1734 1552 1783 Fabio
1569 1733 1858 1784 Aemiliano
1889 1735 2190 1798 adoptatus,
2221 1747 2338 1782 con-

1397 1803 1478 1853 sul
1507 1819 1552 1852 a.
1591 1819 1642 1851 u.
1673 1819 1718 1852 c.
1751 1803 1869 1855 612.
1891 1842 1905 1863 ,
1937 1803 2004 1852 ad
2030 1803 2133 1852 Att.
2161 1799 2258 1862 12,
2285 1802 2336 1860 5,

1397 1873 1448 1926 3.
1486 1873 1552 1921 cf.
1579 1873 1642 1922 de
1663 1881 1790 1923 orat.
1816 1873 1864 1937 1,
1889 1871 1975 1935 26,
1998 1871 2116 1922 122.

1297 1992 1299 1996 ,
1326 1939 1398 2006 Q.
1428 1936 1642 1991 Fabius
1661 1938 1944 1993 Maximus
1969 1941 2247 1991 Eburnus.
2287 1940 2337 1988 Is

1395 2017 1603 2077 praetor
1641 2026 1690 2059 a.
1723 2026 1777 2059 u.
1818 2027 1860 2061 c.
1897 2010 2014 2063 635.
2051 2010 2336 2072 quaestioni

1397 2081 1461 2130 de
1503 2080 1766 2129 maiestate
1809 2079 2096 2145 praefuisse
2138 2077 2338 2127 videtur

1394 2150 1447 2197 in
1475 2162 1630 2199 causa
1661 2148 1714 2197 C.
1746 2149 1939 2215 Papirii
1961 2147 2204 2199 Carbonis
2226 2162 2254 2195 a
2273 2146 2332 2194 L.

1395 2217 1578 2268 Crasso
1612 2220 1860 2282 accusati,
1897 2219 1960 2268 (18
1990 2227 2114 2268 orat.
2160 2217 2184 2265 l
2201 2252 2216 2276 ,
2248 2214 2334 2274 26,

1397 2286 1516 2336 121.
1539 2313 1606 2322 —
1627 2286 1813 2335 Consul
1841 2301 1889 2340 a.
1914 2302 1964 2335 u.
1991 2300 2034 2335 c.
2057 2284 2209 2343 638.,
2240 2298 2334 2349 pro

315 2081 618 2141 auctoritas,
642 2080 706 2131 (18
725 2096 834 2129 seu.
860 2080 924 2129 17
940 2117 955 2144 ,
979 2081 1064 2132 61.
1090 2108 1157 2117 -
1177 2081 1253 2130 De

314 2149 425 2198 eius
452 2149 690 2199 facultate
722 2150 957 2209 dicendi,
992 2150 1131 2199 Brut.
1169 2152 1251 2213 14,

314 2218 398 2267 57.
439 2218 513 2268 lb.
547 2218 639 2282 19,
672 2219 757 2271 77.
790 2245 858 2257 -—-·
896 2218 1159 2269 Laudatus
1188 2220 1251 2268 ab

308 2286 473 2337 Ennio
488 2323 502 2346 ‚
534 2286 597 2336 (18
619 2286 703 2337 off.
730 2287 777 2348 1,
800 2290 883 2347 24,
904 2288 991 2341 84.
1015 2316 1081 2323 -
1101 2288 1253 2337 Calli-

312 2355 435 2419 duS,
455 2356 529 2404 lb.
556 2356 610 2415 1,
636 2356 729 2417 30,
770 2357 887 2407 108.
909 2382 978 2393 -
1003 2356 1251 2407 Conside-

214 2451 233 2467 -.
308 2432 449 2473 ratus
468 2433 517 2474 et
536 2423 729 2483 lentuS‚
756 2426 819 2475 (18
843 2442 885 2476 r.
909 2441 961 2490 p.
986 2426 1034 2485 5,
1055 2427 1105 2491 8,
1131 2424 1214 2479 10.

249 2489 315 2557 Q.
336 2490 551 2544 Fabius
569 2491 851 2545 Maximus
867 2530 881 2558 ,
911 2494 1049 2544 filius
1072 2495 1132 2554 Q.
1155 2495 1252 2545 Fa-

311 2563 383 2611 bii
412 2562 752 2624 Cunctatoris,
785 2561 960 2613 consul
990 2563 1087 2614 fuit
1117 2578 1165 2617 a.
1194 2579 1246 2616 u.

312 2647 355 2680 c.
383 2630 503 2682 541.
543 2632 672 2682 Ante
690 2638 883 2697 patrem
915 2640 1161 2695 moi-tuna,
1186 2633 1250 2682 ab

311 2701 490 2751 eodem
511 2708 588 2751 est
603 2702 857 2764 laudatus,
879 2702 943 2752 (18
962 2717 1070 2753 sen.
1092 2705 1143 2761 4,
1165 2701 1251 2755 12.

311 2795 377 2805 -
397 2771 451 2817 In
472 2770 637 2835 gloria
664 2772 739 2820 rei
768 2771 1003 2821 militaris
1027 2772 1253 2820 imitatus

249 2904 297 2972 ρ
314 2839 860 2959 θῗὲιῗέἑὲῗιὲἱῖἓῐξ·
875 2840 1249 2959 iwani·

304 2943 314 2955 ·
1235 2944 1251 2972 2

309 2976 444 3025 filius
468 2977 529 3025 L.
554 2978 761 3027 Aemilii
794 2978 987 3039 Paulli,
1020 2977 1173 3027 frater
1192 2976 1248 3025 P.

312 3044 567 3109 Scipionis
604 3046 835 3097 Africani
878 3048 1093 3096 minoris
1128 3046 1250 3097 ado-

310 3119 479 3179 ptatus
498 3128 529 3163 a
552 3114 607 3173 Q.
624 3116 777 3166 Fabio
800 3116 1040 3175 Maximo,
1062 3116 1125 3165 de
1145 3129 1244 3165 am.
1306 3145 1312 3152 -

314 3180 394 3245 19,
414 3180 501 3233 69.
523 3210 592 3220 -—
612 3185 801 3236 Consul
821 3200 935 3234 cum
955 3186 1013 3235 L.
1035 3184 1247 3235 Hostilio
1319 3178 1590 3242 Fabricii,
1616 3180 1836 3243 Camilli,
1859 3181 1999 3231 Curii
2017 3194 2122 3229 rem
2141 3178 2332 3227 Roma-

311 3250 543 3304 Mancino
564 3268 611 3304 a.
633 3268 684 3301 u.
712 3270 754 3304 c.
780 3253 931 3319 609„
955 3255 1030 3307 lb.
1053 3254 1137 3317 25,
1158 3251 1245 3303 96.
1389 3266 1506 3300 nam
1535 3266 1599 3312 ex
1627 3250 1852 3299 minimis
1870 3256 2058 3298 tantam
2083 3247 2328 3303 fecerunt,

311 3346 377 3355 -
396 3320 457 3370 Ei
477 3321 751 3373 Africanus
768 3324 933 3372 minor
950 3322 1247 3372 hereditatis
1391 3333 1482 3385 pro
1514 3317 1651 3367 Cael.
1678 3318 1762 3379 17,
1788 3318 1874 3370 39.

313 3386 540 3439 L.Paulli
561 3392 725 3457 patris
748 3398 943 3456 partem
963 3407 1107 3443 suam
1130 3404 1247 3440 con·
1323 3388 1386 3439 C.
1411 3382 1706 3437 Fabricius
1725 3384 1999 3437 Luscinus
2020 3401 2126 3437 cos.
2149 3400 2193 3435 a.
2211 3399 2264 3433 u.
2283 3399 2327 3431 8.

286 3495 293 3506 ,
312 3459 487 3521 cessit,
515 3461 693 3524 parad.
714 3460 955 3528 QAS.
1389 3457 1490 3507 472
1511 3462 1558 3505 et
1573 3456 1694 3507 476.
1721 3454 2050 3574 Pyrfgi*be¹¹⁰
2069 3453 2332 3520 praeclare

1393 2354 1520 2407 Mur.
1555 2356 1636 2413 17,
1657 2354 1740 2405 36.

1324 2422 1395 2489 Q.
1428 2419 1642 2473 Fabius
1671 2419 1953 2471 Maximus
1987 2436 2092 2471 cos.
2123 2436 2173 2469 a.
2205 2435 2256 2471 u.
2288 2436 2334 2469 8.

1394 2490 1516 2542 709.
1549 2491 1606 2541 C.
1629 2491 1836 2538 Antonii
1857 2497 2124 2539 accusator
2142 2502 2189 2537 a.
2212 2505 2262 2539 u.
2286 2504 2332 2538 8.

1392 2560 1530 2616 695..
1553 2560 1605 2608 in
1626 2558 1798 2613 Vatiu.
1821 2558 1902 2617 11,
1922 2557 2008 2611 28.
2036 2556 2101 2611 81.
2125 2557 2192 2607 ad
2210 2557 2332 2607 fam.

1392 2632 1444 2692 7,
1465 2628 1548 2685 30,
1571 2628 1619 2678 1.

1330 2698 1398 2764 Q.
1418 2693 1629 2749 Fabius
1657 2694 1973 2763 Maximus,
2004 2696 2152 2747 exsul
2171 2696 2336 2745 Nuce-

1395 2769 1503 2817 riae
1528 2768 1658 2818 vixit
1684 2768 1894 2831 eiusque
1925 2768 2146 2819 civitatis
2170 2765 2339 2815 factus

1393 2844 1470 2887 est
1489 2838 1617 2888 civis
1632 2874 1646 2901 ,
1667 2850 1760 2902 pro
1784 2838 1938 2888 Balbo
1961 2837 2046 2901 11,
2067 2834 2155 2888 28.

1322 2902 1687 2970 Fabrateria,
1743 2906 2042 2958 Volscorum
2085 2904 2334 2969 oppidum

1394 2976 1460 3026 ad
1487 2976 1540 3026 ss.
1573 2974 1810 3037 Trerum,
1852 2976 2006 3026 hodie
2036 2976 2331 3031 Falvatera,

1393 3045 1460 3095 ad
1486 3044 1610 3097 fam.
1635 3042 1695 3107 9,
1719 3044 1816 3108 24,
1852 3044 1900 3095 1.
1923 3070 1990 3080 -
2018 3041 2220 3093 Incolae
2240 3042 2334 3089 Fa-

1389 3113 1640 3177 braterni,
1664 3127 1754 3177 pro
1778 3110 1974 3162 Cluent.
1999 3111 2084 3175 68,
2109 3109 2230 3163 192.
