2500 3850
647 213 1024 261 PASITELES
1052 235 1136 245 ·-
1162 214 1314 261 SEX.
1343 212 1770 259 PEDUCAEUS.

165 368 448 423 Pasiteles
507 370 744 435 egregius
795 369 1016 419 caelator
1035 406 1048 429 ,
1097 367 1178 417 Ci-

239 442 435 490 ceronis
456 440 709 502 aequaliS,
746 438 808 487 de
831 439 994 489 divin.
1021 440 1068 498 1,
1091 436 1174 497 36,

167 574 437 627 Patarani
459 613 475 641 ‚
509 577 651 625 urbis
687 576 900 625 Patarae
934 576 988 622 in
1021 572 1178 638 Lycia

238 646 452 710 incolae,
472 660 567 709 pro
591 644 772 694 Flacco
791 644 876 704 32,
897 642 1004 694 78..

166 712 450 776 Patavini,
489 714 684 763 incolae
723 714 862 762 urbis
892 709 1086 760 Patavii
1123 710 1176 757 iu

239 783 400 833 Gallia
419 782 812 890 Transpadana,
843 780 1064 845 Philipp.
1091 778 1176 842 12,

167 920 339 971 Pater
382 922 674 985 patratus,
715 920 778 971 de
816 925 941 967 orat.
984 918 1048 976 1,
1088 915 1174 975 40,

171 1056 239 1106 Τ.
263 1055 465 1107 Patina
481 1057 794 1117 Lanuvinus,
829 1054 1096 1105 familiaris
1114 1052 1171 1101 Ρ.

240 1124 430 1203 Clodii,
465 1141 556 1191 pro
576 1126 764 1176 Milone
781 1093 864 1181 17,
883 1123 968 1173 46.

170 1190 446 1244 Patiscus.
504 1195 627 1243 Eius
651 1208 803 1258 opera
826 1195 982 1241 utitur
1002 1188 1176 1239 Cicero

235 1262 538 1327 proconsul,
578 1264 643 1313 ad
663 1264 784 1313 fam.
811 1263 870 1321 2,
905 1262 998 1321 11,
1033 1260 1085 1309 2.
1107 1284 1177 1295 -

237 1333 470 1381 Patiscus
482 1331 688 1382 Curioni
709 1332 882 1381 decem
903 1327 1176 1393 pantheras

239 1401 395 1459 misit,
429 1399 628 1449 Caelius
651 1400 716 1449 ad
736 1399 858 1451 farn.
882 1397 932 1456 8,
953 1396 1004 1459 9,
1030 1394 1082 1448 3.
1105 1422 1176 1432 ---

237 1469 470 1517 Patiscus
489 1474 823 1531 proquaestor
847 1482 895 1515 a.
914 1480 966 1513 u.
989 1480 1034 1513 c.
1051 1464 1172 1517 711.

239 1538 292 1584 in
311 1537 539 1600 partibus
561 1536 615 1588 Ο.
633 1536 795 1586 Cassii
824 1542 946 1594 erat,
969 1534 1037 1583 ad
1055 1532 1175 1583 fam.

245 1606 309 1656 12
329 1640 344 1664 ,
391 1604 456 1655 13
471 1640 484 1667 ,
525 1606 574 1653 4.
613 1632 680 1640 —
727 1603 891 1655 Classi
927 1609 1176 1666 praeerat,

242 1673 684 1722 coniunctissimus
713 1674 768 1723 P.
792 1671 1005 1727 Lentulo
1027 1670 1176 1735 Spin-

239 1742 400 1790 theris
459 1740 564 1790 filio
606 1741 923 1805 propraetori
943 1776 956 1798 ,
1003 1740 1076 1789 Ib.
1101 1740 1178 1799 12,

243 1810 337 1869 15,
367 1809 417 1857 2.

169 1874 408 1942 Patrae,
447 1879 569 1928 urbs
587 1877 844 1938 Achaiae,
883 1877 1039 1928 hodie
1068 1876 1176 1926 Pa-

241 1955 387 2006 tras,
425 1947 490 1996 ad
510 1947 630 1996 fam.
657 1947 713 2007 7,
736 1946 831 2007 28,
873 1948 922 1997 1.
991 1947 1066 1998 Ib.
1089 1945 1174 2004 16,

241 2018 289 2075 1,
312 2016 362 2064 2.
398 2014 470 2064 lb.
496 2013 639 2075 16‚5,
661 2017 712 2064 2.
745 2017 817 2066 lb.
844 2014 927 2076 16,
948 2014 998 2078 6,
1020 2017 1074 2064 2.
1109 2015 1176 2064 ad

239 2085 344 2132 Att.
366 2080 416 2142 5,
443 2084 492 2142 9,
520 2085 568 2137 1.
608 2085 680 2133 Ib.
702 2085 753 2144 7,
777 2085 828 2142 2,
849 2082 900 2137 3.

167 2151 384 2203 Patron
402 2185 418 2214 ,
497 2151 833 2216 philosophus
886 2152 1174 2216 Epicurius,

238 2219 458 2268 Phaedri
476 2235 768 2283 successor,
805 2220 871 2269 ad
889 2222 993 2270 Att.
1014 2220 1065 2277 5,
1089 2221 1173 2278 11,

240 2287 291 2341 6.
329 2287 404 2337 lb.
423 2288 476 2348 5,
494 2289 576 2348 19,
599 2288 649 2339 3.
671 2315 738 2326 —-
757 2288 1034 2337 Pudentius
1055 2287 1176 2337 Car-

241 2356 427 2406 neades
448 2371 600 2419 quam
618 2360 795 2414 Patre,
835 2357 911 2408 lb.
933 2357 983 2416 7,
1005 2359 1056 2417 2,
1076 2359 1110 2406 4
1129 2364 1179 2405 et

243 2425 292 2474 5.
332 2451 400 2462 -—-
430 2425 824 2476 commendatur
843 2424 899 2474 C.
918 2425 1174 2486 Memmio,

245 2493 310 2542 ad
330 2494 452 2545 fam.
476 2493 562 2558 13„
587 2495 636 2556 1,
658 2495 707 2543 2.
743 2493 808 2542 ad
824 2492 883 2550 Q.
905 2494 969 2543 fr.
996 2494 1108 2557 1,2,
1123 2494 1175 2541 4.

170 2627 506 2694 Patricoles,
519 2629 733 2680 Achillis
749 2629 1178 2692 amicus,Tuscul.

244 2700 292 2759 2,
315 2699 397 2756 16,
418 2697 502 2749 38.

174 2765 242 2830 Q.
265 2764 584 2830 Patulcius,
625 2769 672 2817 is
701 2769 788 2831 qui
820 2784 866 2817 a.
889 2782 941 2816 ιι.
977 2781 1022 2820 c.
1056 2766 1178 2818 702.

243 2837 499 2885 accusavit
515 2836 755 2895 Milonem
787 2836 848 2886 de
879 2837 948 2885 vi.
986 2861 1060 2874 —·
1085 2836 1179 2886 Pa-

239 2902 519 3021 ‘ffilcianum
571 2919 755 2954 nomen
773 2942 788 2967 ,
843 2905 909 2954 ad
947 2905 1051 2956 Att.
1091 2906 1176 2966 14,

311 3008 325 3033 ,
349 2973 400 3022 2·

169 3036 427 3105 Paullus,
459 3055 552 3106 per
571 3042 845 3092 ludibrium
861 3041 1070 3092 Paullus
1089 3057 1179 3108 ap-

239 3108 460 3173 pellatur
475 3110 532 3160 L.
553 3110 688 3168 Piso,
718 3111 1040 3161 Macedoniae
1060 3125 1180 3176 pro-

243 3179 416 3228 consul
435 3181 500 3228 ab
521 3179 737 3229 Aemilio
771 3180 856 3229 illo
875 3180 1051 3230 Paullo
1071 3179 1178 3228 Ma-

244 3247 506 3310 cedonico,
527 3249 580 3296 in
598 3249 768 3298 Pison.
789 3251 874 3305 17,
895 3248 983 3300 39.
1000 3247 1176 3299 Caete-

241 3329 354 3363 rum
371 3330 422 3368 ν.
443 3317 493 3364 in
512 3313 774 3366 Aemiliis
796 3314 1012 3367 Paulis.

170 3378 486 3434 Pausanias
503 3383 906 3450 AlabandensiS,
945 3386 1014 3434 ad
1049 3385 1173 3436 fam.

244 3448 512 3510 13,,.641

2129 196 2245 259 281
2284 287 2291 291 ·

1247 364 1559 419 Pausanias
1601 363 2073 417 Lacedaemonius
2096 402 2111 429 ,
2150 382 2253 429 quo

1318 437 1470 485 modo
1502 435 1805 499 proditionis
1849 438 2138 493 convictuS,
2176 444 2253 484 to·-

1314 507 1417 570 pic.
1438 503 1524 567 20,
1543 503 1627 553 75.
1663 530 1729 540 —
1760 504 2037 553 Pausanias
2056 505 2251 568 Lysan-

1318 574 1506 633 derque
1556 586 1621 620 ne
1668 572 1877 620 minima
1931 574 2137 635 quidem
2190 588 2253 623 ex

1316 648 1457 705 parte
1475 640 1699 705 Lycurgi
1729 640 1930 705 legibus
1951 651 1999 691 et
2022 642 2227 705 discipli
2248 669 2255 679 ·

1316 724 1411 758 nae
1432 708 1749 769 conferendi,
1790 710 1852 759 de
1873 709 1957 758 off.
1983 711 2030 769 1,
2057 712 2143 771 22,
2165 711 2249 761 76.

1245 775 1591 840 Pausanias,
1628 778 1837 827 libertus
1880 779 2120 843 ignotus,
2158 794 2253 843 po-

1318 848 1523 897 stulavit
1556 846 1623 895 Μ.
1648 846 1921 897 Servilium
1949 855 2158 911 patrono
2180 846 2248 900 M.

1318 916 1488 966 Caelio
1521 930 1570 966 a.
1602 931 1654 965 ιι.
1677 932 1721 965 8.
1744 914 1898 976 703.,
1948 915 2147 967 Caelius
2185 916 2253 965 ad

1316 984 1438 1036 fam.
1446 984 1497 1049 8,
1518 984 1569 1043 8,
1588 987 1637 1037 2.

1247 1021 1595 1117 Pausanias,
1639 1054 1693 1105 P.
1728 1053 1931 1103 Lentuli
1963 1014 2253 1117 Spintheris

1316 1122 1561 1180 libertuS,
1602 1120 1857 1172 Ciceronis
1878 1136 2149 1183 accensus,
2186 1123 2254 1172 ad

1314 1192 1437 1243 fam.
1464 1190 1515 1252 3,
1542 1193 1593 1249 7,
1612 1192 1667 1245 4.

1245 1259 1561 1322 Pedanum,
1604 1258 1833 1309 Caesaris
1864 1260 2015 1323 villa,
2056 1261 2109 1309 in
2128 1274 2253 1325 agro

1314 1330 1545 1389 Pedan0,
1566 1328 1619 1377 id
1650 1334 1726 1377 est
1758 1343 1918 1393 prope
1936 1328 2148 1389 Pedum,
2186 1330 2255 1379 ad

1318 1399 1421 1446 Att.
1444 1398 1495 1456 9,
1522 1396 1601 1457 18,
1625 1396 1677 1450 3.
2304 1445 2307 1448 .

1249 1466 1317 1531 Q.
1340 1463 1569 1528 Pedius,
1595 1464 1824 1515 Caesaris
1844 1463 2042 1529 legatus
2063 1466 2116 1513 in
2136 1463 2255 1515 Gal-

1317 1534 1389 1584 lia
1406 1549 1456 1585 a.
1476 1550 1530 1585 u.
1560 1549 1604 1587 c.
1628 1534 1747 1585 696.
1768 1558 1840 1572 ·-—-
1858 1534 2054 1583 Aedilis
2090 1533 2253 1582 factus

1320 1618 1433 1653 cum
1471 1601 1560 1651 Cn.
1596 1603 1803 1671 Plancio
1842 1617 1890 1656 a.
1931 1618 1983 1654 u.
2025 1618 2067 1653 c.
2111 1600 2251 1661 700.,

1318 1686 1411 1736 pro
1429 1670 1635 1720 Plancio
1661 1674 1711 1731 7,
1735 1672 1818 1724 17.
1874 1672 1947 1723 Π).
1974 1672 2059 1730 22,
2079 1672 2163 1721 54.
2184 1696 2254 1709 -·—

1316 1740 1521 1805 Capuae
1542 1740 1761 1805 degebat
1780 1755 1827 1793 a.
1842 1754 1895 1788 u.
1910 1740 2088 1791 c.705.
2130 1739 2253 1789 Cae-

1319 1811 1449 1858 saris
1479 1810 1544 1857 ad
1564 1824 1677 1858 eum
1708 1808 1906 1858 litterae
1925 1810 2143 1873 missae,
2184 1809 2252 1857 ad

1316 1880 1417 1929 Att.
1444 1878 1496 1940 9,
1514 1880 1596 1940 14,
1623 1879 1670 1930 1.

1244 1946 1542 1997 Peducaea
1581 1949 1779 2012 rogatio
1810 1949 1874 1996 de
1910 1946 2141 2004 incestu,
2190 1949 2253 1996 de

1316 2031 1365 2066 n.
1393 2016 1443 2066 d.
1469 2015 1519 2075 3,
1553 2014 1638 2075 30,
1661 2015 1754 2064 74:
1822 2016 1885 2065 V.
1909 2014 2039 2066 Sex.
2062 2012 2253 2065 Pedu-

1317 2098 1484 2133 caeus
1504 2097 1649 2133 avus.
2258 2131 2265 2133 ,

1251 2151 1311 2201 C.
1353 2151 1680 2202 Peducaeus
1723 2153 1915 2202 interiit
1964 2153 2015 2200 in
2060 2151 2255 2217 proelio

1314 2221 1619 2280 Mutinensi,
1644 2220 1711 2270 ad
1734 2220 1854 2271 fam.
1880 2221 1963 2284 10,
1990 2220 2075 2280 33,
2098 2223 2149 2270 4.

1244 2289 1307 2340 Ῑι.
1327 2288 1675 2351 Peducaeus,
1718 2305 1871 2352 eques
1892 2290 2059 2349 Rom„
2096 2289 2255 2338 iudex

1316 2358 1370 2406 in
1398 2372 1551 2406 causa
1572 2358 1628 2405 L.
1644 2357 1829 2422 Flacci,
1851 2373 1945 2422 pro
1966 2359 2145 2407 Flacco
2164 2357 2252 2417 28,

1248 2493 1376 2544 Sex.

1316 2563 1454 2626 plebi
1485 2577 1532 2615 a.
1562 2578 1612 2611 u.
1636 2579 1679 2611 c.
1712 2562 1829 2614 641.
1868 2563 2029 2611 Huius
2058 2570 2135 2612 est
2172 2577 2254 2612 ro-

1320 2633 1458 2696 gatio
1476 2632 1540 2681 de
1560 2633 1770 2693 incestu,
1788 2633 1849 2682 de
1862 2647 1911 2682 n.
1927 2632 1974 2681 d.
1992 2629 2043 2691 3,
2066 2630 2151 2690 30,
2165 2633 2251 2682 74.

1251 2698 1377 2750 Sex.
1416 2699 1741 2750 Peducaeus
1788 2699 1918 2751 Sex.
1964 2698 2029 2750 F.
2069 2703 2251 2766 pater,

1318 2767 1437 2820 Sex.
1468 2769 1719 2819 Peducaei
1750 2777 1798 2818 et
1815 2770 1976 2834 patris
2007 2777 2055 2819 et
2078 2769 2171 2818 filii
2200 2771 2255 2818 in

1322 2853 1379 2886 se
1419 2838 1815 2888 benevolentiam
1842 2852 1890 2888 et
1920 2839 2253 2890 constantiam

1318 2907 1578 2972 praedicat
1600 2907 1790 2965 Cicero,
1832 2909 1897 2958 ad
1916 2909 2019 2956 Att.
2042 2905 2185 2965 10,1,
2200 2906 2253 2956 1.

1321 2975 1386 3025 cl.
1407 2976 1472 3025 de
1493 2975 1579 3025 fin.
1610 2977 1661 3036 2,
1693 2977 1775 3040 18,
1792 2975 1879 3025 58.
1919 3004 1987 3019 —
2012 2973 2131 3024 Sex.
2160 2973 2254 3022 Pe-

1320 3045 1543 3093 ducaeus
1580 3044 1838 3094 biennium
1869 3042 2097 3092 Siciliam
2132 3056 2253 3106 pro-

1316 3113 1535 3162 vinciam
1556 3113 1797 3162 obtinuit:
1822 3113 1884 3162 de
1902 3126 1962 3160 eo
1980 3124 2127 3160 nemo
2143 3125 2255 3158 um-

1319 3195 1471 3243 quam
1505 3189 1673 3230 arator
1710 3188 1919 3242 questus
1965 3187 2067 3242 est,
2106 3180 2251 3230 Verr.

1319 3255 1542 3298 accusat.
1574 3248 1634 3313 3,
1660 3248 1754 3306 93,
1788 3246 1907 3298 216.
1930 3273 1998 3284 —-
2017 3246 2139 3299 Sex.
2162 3249 2253 3297 Pe-

1320 3319 1543 3368 ducaeus
1573 3318 1761 3380 optime
1794 3317 1857 3366 de
1882 3317 2146 3380 provincia
2176 3314 2252 3365 Si·

1318 3385 1435 3434 cilia
1462 3386 1705 3445 meritus,
1743 3386 1817 3435 Ib.
1838 3387 1891 3446 4,
1923 3384 2010 3447 64,
2047 3385 2251 3436 142.—

1314 3453 1389 3502 Eo
1424 3461 1753 3518 propraetore
1783 3452 1987 3504 Siciliae
2022 3469 2067 3504 a.
2106 3469 2160 3504 ιι.
2203 3468 2243 3501 c.

1412 2492 1773 2556 Peducaeus,
1819 2509 1972 2555 avus,
2021 2494 2255 2544 tribunus
2342 2513 2345 2516 >
