2500 3850
188 158 311 221 344
602 167 900 217 SAmNAE
932 166 1258 215 vmcnms
1294 188 1378 199 —
1409 168 1473 227 Q.
1511 166 1871 215 SALAssUs.

186 324 431 379 Sabinae
443 322 693 391 virgines
705 322 908 373 Romuli
920 323 1193 372 iussuCon-
1265 323 1465 390 Sagra,
1487 324 1672 372 fluvius
1691 322 1998 375 Bruttiorum
2022 327 2158 375 iuter
2178 326 2300 376 Lo·

254 396 482 445 sualibus
506 394 698 461 raptae,
732 393 797 443 de
817 407 856 443 r.
878 406 931 455 p.
954 392 1008 453 2,
1030 392 1079 451 7,
1108 390 1190 440 12.
1333 407 1444 441 cros
1467 400 1516 442 et
1535 390 1828 441 Cauloniam
1847 394 1899 442 in
1911 394 2096 461 Magna
2118 393 2300 445 Grae-

256 490 324 503 -—
361 461 606 512 Romulus
648 462 818 513 curias
856 460 1065 525 triginta
1104 460 1191 508 de-
1333 463 1429 510 cia.
1485 460 1569 510 Ad
1605 476 1722 510 eum
1759 460 2073 513 Crotoniatas
2119 463 2296 513 Locri

256 534 485 597 scripsit,
518 544 644 594 quas
682 530 849 579 curias
884 543 1056 577 earum
1100 543 1191 577 no·
1333 531 1552 581 maximo
1571 530 1770 593 proelio
1789 531 2103 591 devicerunt,
2129 533 2203 582 de
2230 547 2289 581 n.

257 603 390 651 mine
418 600 755 664 nuncupavit,
794 612 921 660 quae
960 612 1026 647 ex
1044 596 1191 646 Sabi·
1330 600 1384 648 d.
1411 600 1463 661 2,
1490 598 1546 662 2,
1561 600 1614 652 6.
1656 600 1729 649 lb.
1752 601 1801 665 5,
1823 598 1873 659 3,
1897 599 1955 649 11
1977 608 2027 649 et
2048 599 2129 651 13.

256 672 337 720 nis
374 669 601 734 virgines
637 678 813 732 raptae
856 673 1037 731 postea
1080 665 1190 715 fue·
1261 664 1560 733 Saguntini
1615 676 1852 732 parentes
1912 683 2032 718 suos
2080 669 2290 719 liberos

258 747 371 789 rant
388 740 632 789 oratrices
641 738 787 802 pacis
806 742 853 784 et
874 735 1111 793 foederis,
1128 734 1191 787 de
1329 738 1487 785 emori
1505 750 1659 799 quam
1679 751 1855 787 servos
1879 740 2048 789 vivere
2079 738 2283 787 malue-

253 825 295 861 r.
320 824 369 873 p.
391 809 443 866 2,
466 806 515 867 8,
540 807 624 857 14.
1329 811 1462 865 runt,
1504 805 1680 869 parad.
1697 804 1746 867 3,
1769 806 1819 865 2,
1840 806 1926 855 24.

185 874 401 931 Sabini.
466 874 660 936 Sabini,
698 872 1008 924 severissimi
1029 870 1189 921 homi·
1262 871 1580 941 Sag-antus,
1618 874 1739 923 urbs
1775 874 2054 937 Hispaniae
2086 872 2288 922 Tarra-

256 962 365 1007 neS,
402 960 577 995 eorum
596 944 760 994 tribus
780 941 980 1007 Sergia,
1006 941 1058 989 in
1084 942 1192 991 Va·
1332 943 1583 993 canensis,
1614 968 1683 981 —-
1712 943 1844 992 Belli
1861 943 2039 993 Punici
2060 943 2288 993 secundi

256 1016 439 1093 tiniam
460 1014 543 1092 153
566 1012 651 1064 36.
668 1038 740 1051 —-
760 1011 884 1062 Cum
905 1008 1108 1059 Sabinis
1128 1010 1191 1059 de
1333 1025 1490 1061 causa
1544 1010 1640 1060 fuit
1677 1008 1892 1077 Sagunti
1935 1012 2285 1077 oppugnatio,

257 1076 1192 1206 armararii&aar.
1332 1080 1886 1215 53¹ss123a.‡02.2.z.
1899 1078 2284 1213 affieri?

260 1225 413 1271 ictum
430 1254 446 1283 ,
480 1233 573 1282 pro
595 1217 752 1267 Balbo
776 1216 867 1281 13,
890 1215 977 1267 31.
1004 1240 1071 1253 -—
1091 1215 1194 1265 Ro·
1332 1219 1416 1279 24,
1440 1217 1528 1267 49.

257 1289 425 1341 mulus
467 1287 771 1338 Sabinorum
808 1284 1026 1337 conubia
1076 1298 1193 1333 con·
1267 1284 1463 1339 Saitae
1493 1287 1734 1351 Aegyptii
1777 1288 1952 1336 colunt
1992 1286 2282 1337 Minervam

260 1360 451 1417 iunxit,
482 1357 549 1407 de
568 1365 691 1409 orat.
711 1357 769 1416 1,
796 1357 845 1414 9,
868 1354 951 1405 37.
990 1380 1063 1391 --
1102 1352 1193 1403 Sa-
1333 1356 1642 1420 secundam,
1675 1354 1789 1405 Nilo
1813 1363 1973 1406 ortam
1997 1391 2012 1416 ,
2051 1356 2114 1405 de
2145 1370 2198 1403 n.
2223 1356 2279 1405 d.

257 1430 366 1479 bini
410 1428 463 1475 in
515 1426 772 1475 civitatem
804 1424 1044 1489 recepti,
1099 1437 1192 1488 pro
1335 1425 1385 1484 3,
1407 1425 1494 1490 23,
1517 1424 1605 1475 59.

258 1496 412 1547 Balbo
442 1494 525 1557 13,
545 1493 631 1546 31.
663 1495 727 1545 de
747 1493 830 1545 off.
858 1494 904 1557 1,
930 1491 1012 1553 11,
1036 1490 1123 1545 35.
1265 1489 1489 1545 Salacia
1529 1492 1746 1557 Neptuni
1787 1506 1819 1540 a
1850 1490 1971 1541 Salo
2015 1491 2167 1542 dicta.
2205 1518 2279 1527 —

191 1563 475 1627 Sabinius,
512 1564 663 1613 homo
682 1564 958 1621 Reatinus,
992 1577 1057 1611 ex
1077 1575 1194 1627 ope·
1335 1560 1534 1613 Salacia
1582 1552 1869 1626 (Τηθὺς)
1942 1560 2282 1624 Oceanusque

260 1637 333 1684 ris
352 1632 627 1692 Clodianis,
667 1648 696 1681 a
716 1632 902 1695 quibus
919 1630 978 1683 P.
998 1629 1194 1681 Sestius
1335 1630 1472 1681 Caeli
1519 1639 1634 1681 satu
1680 1631 1968 1691 Terraeque
2019 1638 2275 1695 conceptu

258 1716 418 1767 prope
446 1701 739 1751 interiectus
770 1708 872 1761 est,
912 1714 1005 1763 pro
1028 1698 1193 1748 Sestio
1335 1701 1591 1765 generati,
1627 1698 1762 1747 Tim.
1794 1699 1879 1748 11.

259 1770 344 1833 37,
376 1768 461 1821 80.
499 1768 561 1816 V.
586 1765 775 1819 Titius
792 1765 1053 1819 Sabinus.
1256 1764 1583 1819 Salaminii.
1636 1767 1908 1817 Homerum
1945 1782 2094 1815 suum
2127 1766 2282 1815 Sala-

194 1836 438 1889 Sabinue
454 1852 610 1903 ager,
651 1838 745 1887 ssos
763 1836 939 1887 Italiae
954 1851 1019 1885 ac
1044 1836 1197 1885 robur
1335 1838 1482 1886 minii
1501 1843 1750 1901 repetunt,
1778 1850 1868 1900 pro
1897 1835 2086 1885 Archia
2108 1833 2161 1896 8,
2185 1835 2271 1886 19.

260 1909 333 1958 rei
350 1906 581 1972 publicae
600 1945 614 1968 ,
651 1922 745 1972 pro
765 1906 974 1973 Ligario
1003 1904 1088 1968 12,
1108 1903 1191 1956 32.
1267 1902 1565 1958 Salaminii
1593 1903 1768 1972 Cyprii
1796 1904 1966 1957 vexati
1996 1918 2025 1954 a
2059 1905 2124 1954 M.
2150 1902 2278 1954 Sca-

263 1978 327 2028 de
345 1977 461 2042 lege
478 1991 587 2042 agr.
608 1978 659 2037 2,
679 1976 765 2036 25,
785 1975 871 2030 66.
926 1976 989 2025 de
1012 1990 1119 2024 sen.
1143 1975 1192 2038 7,
1337 1977 1464 2041 ptio,
1489 1974 1672 2026 adAtt.
1689 1975 1741 2036 5,
1761 1974 1932 2033 21,·10
1951 1989 2063 2036 sqq.
2094 1999 2152 2010 -
2175 1974 2278 2022 Eo-

262 2047 346 2098 24.
1335 2059 1448 2094 rum
1477 2045 1655 2094 civitas
1693 2044 1745 2092 in
1783 2043 1850 2095 M.
1887 2041 2089 2092 Catonis
2125 2049 2176 2091 et
2202 2042 2275 2091 M.

196 2111 436 2230 Salllililpus
456 2110 672 2164 Albius.
710 2115 779 2165 .V.
800 2109 997 2164 Albius
1028 2107 1196 2162 Sabi·
1334 2113 1478 2242 {rga
1498 2113 1598 2163 flde
1617 2113 1798 2174 locata,
1816 2113 1891 2161 lb.
1913 2110 1962 2171 6,
1978 2113 2028 2172 1,
2047 2114 2096 2164 5.
2129 2111 2202 2160 lb.
2216 2111 2276 2172 6,

192 2247 432 2300 Sabinus
452 2283 467 2311 ,
516 2249 755 2299 Trebonii
775 2285 789 2309 ,
846 2249 911 2298 ad
946 2248 1067 2301 fam.
1111 2247 1194 2311 15,
1267 2246 1511 2302 Salamis
1528 2249 1712 2310 insula,
1745 2249 1933 2299 Xerxis
1956 2249 2103 2298 clade
2131 2249 2274 2300 nobi—

262 2317 421 2380 2Ο,-1.
1193 2327 1199 2341 “
1336 2320 1420 2372 lis.
1448 2345 1519 2357 -
1542 2325 1674 2370 Ante
1693 2317 1950 2368 Salamina
1979 2319 2147 2383 ipsam
2172 2317 2270 2367 Ne—

191 2386 367 2440 *Sacer
384 2400 575 2449 mons,
601 2385 743 2438 Brut.
765 2385 848 2445 14,
868 2385 952 2436 54.
977 2361 1195 2440 ’Νεωμ
1335 2398 1526 2454 ptunus
1579 2389 1756 2438 obruet
1809 2402 1962 2451 quam
2009 2385 2276 2438 Salaminii

194 2455 487 2508 Sacerdos.
526 2456 591 2508 V.
634 2453 697 2504 G.
714 2452 973 2507 Licinius
998 2453 1197 2505 Sacer·
1334 2457 1531 2522 tropaei
1550 2458 1864 2517 memoriam,
1885 2455 2093 2506 Tuscul.
2116 2457 2166 2520 1,
2185 2455 2274 2516 46,

262 2525 384 2575 dos.
1340 2525 1458 2578 110.
1499 2527 1562 2576 de
1582 2525 1668 2575 off.
1698 2525 1746 2589 1,
1779 2525 1861 2586 18,
1881 2524 1968 2578 61.

193 2592 469 2645 Sacerdos
487 2628 502 2655 ,
544 2592 824 2642 Archelaus
862 2593 1197 2644 Cumanorum
1267 2591 1545 2658 Salamis,
1583 2594 1736 2660 Cypri
1772 2594 1927 2653 urbs,
1975 2593 2040 2644 ad
2075 2593 2179 2645 Att.
2216 2593 2270 2657 6,

267 2663 525 2720 sacerdos,
544 2661 612 2711 aa
629 2661 750 2712 ram.
773 2661 856 2721 15,
875 2663 926 2723 4,
947 2661 999 2714 6.
1339 2665 1387 2728 1,
1408 2665 1459 2714 6.

196 2727 369 2779 Sacra
384 2726 505 2790 Via,
529 2729 596 2778 ad
609 2730 776 2791 Att.4‚
793 2731 842 2794 5,
866 2729 916 2780 3.
947 2743 1039 2793 pro
1052 2729 1198 2778 Plan-
1254 2730 1551 2796 Salapiai,
1597 2730 1792 2782 incolae
1841 2729 2018 2796 oppidi
2056 2729 2274 2795 Apuliae

264 2799 343 2846 cio
366 2797 415 2858 7,
440 2795 524 2846 17·
702 2833 716 2842 -
1337 2799 1624 2866 Salapinae.
1645 2827 1714 2838 —
1741 2798 2097 2865 Salapinorum
2117 2799 2271 2863 pesti·
2376 2795 2381 2800 ’

196 2863 422 2929 sadala,
436 2878 527 2985 3031
538 2863 799 2924 Thraciae,
812 2867 955 2915 Verr.
970 2876 1193 2916 accusat.
1335 2869 1520 2920 lentiae
1552 2870 1707 2935 fines,
1748 2870 1810 2920 de
1829 2869 1942 2933 lege
1962 2883 2070 2933 agr.
2093 2868 2154 2924 2,
2185 2868 2267 2927 27,

268 2935 315 2994 1,
336 2935 420 2997 24,
509 2968 523 2985 .
1337 2939 1423 2992 τι.

196 2999 443 3054 Safinius
476 3000 683 3053 Atella.
727 3002 962 3053 Staienus
992 3019 1196 3056 causam
1269 3004 1494 3058 Salaria
1535 3008 1620 3055 via
1667 3008 1720 3056 in
1759 3021 1884 3072 agro
1930 3004 2268 3064 Crustumino,

263 3074 511 3122 bonorum
542 3071 719 3123 Safinii
754 3071 951 3122 Atellae
984 3076 1194 3140 recepit,
1339 3077 1404 3127 de
1429 3091 1481 3128 n.
1508 3076 1558 3126 d.
1580 3075 1632 3136 3,
1657 3075 1707 3136 5,
1739 3075 1821 3125 11.

263 3155 356 3206 pro
378 3141 607 3192 Cluentio
629 3139 696 3192 25
712 3177 724 3199 ,
753 3140 841 3196 68.
869 3167 940 3180 --
956 3142 1087 3193 Hinc
1104 3141 1196 3193 Sa·
1268 3142 1523 3196 Salariae
1558 3145 1754 3194 occisus
1786 3157 1818 3192 a
1837 3142 1893 3192 L.
1914 3143 2133 3200 Vareno,
2170 3141 2268 3191 Va·-

264 3209 507 3260 flnianum
532 3210 797 3276 iudicium,
834 3213 909 3262 Ib.
930 3210 1016 3277 36,
1036 3211 1123 3266 99.
1337 3228 1443 3264 ren.
1478 3211 1736 3280 fragmess.
1771 3227 1824 3278 ρ.
1844 3213 1970 3264 244.

194 3273 438 3344 Sagitta,
459 3279 620 3342 sidus,
639 3278 781 3329 Arat-
805 3295 855 3334 v.
868 3280 987 3333 325.
1270 3281 1339 3348 Q.
1369 3279 1662 3343 Salassus,
1700 3283 1756 3332 P.
1783 3281 1944 3331 Curtii
1963 3294 1994 3328 a
2013 3279 2101 3331 Cn.
2129 3278 2269 3328 Pom-

193 3341 605 3410 Sagittipotcna
622 3382 639 3410 ,
690 3348 993 3412 Sagittarius
1032 3350 1196 3400 caele·
1335 3351 1452 3414 peio
1470 3349 1576 3398 filio
1595 3365 1643 3403 a.
1666 3365 1718 3399 u.
1742 3365 1787 3398 c.
1809 3349 1929 3399 709.
1988 3347 2143 3397 occisi
2171 3346 2245 3396 fra

264 3413 356 3460 stis
371 3448 387 3470 ,
408 3416 552 3465 Arat.
570 3430 615 3463 v.
634 3415 753 3465 311.
1338 3425 1432 3477 ter,
1463 3417 1531 3467 ad
1549 3417 1670 3468 fam.
1695 3417 1747 3475 6,
1776 3415 1858 3473 18.
1881 3417 1931 3466 2.
