2500 3850
600 163 967 211 MARIANAE
1013 161 1246 222 AQUAE
1291 181 1375 189 —-
1411 157 1471 205 c,
1520 157 1831 204 uramus..
2131 139 2244 204 241

170 317 463 373 Marianae
497 305 699 384 aquae,
737 333 865 382 quae
904 318 1101 366 fuerant
1123 315 1177 367 C.

234 389 383 440 Marii
403 389 544 454 apud
563 389 813 453 Arpinum
843 389 891 434 in
926 388 1037 435 ioco
1058 385 1179 435 sub-

238 459 513 516 obscoeno,
534 459 602 506 ad
615 459 716 509 Att.
743 457 791 517 1,
819 455 899 514 16,
923 453 1005 505 10.

170 539 489 594 alarinum
514 549 713 590 scutum
747 540 1056 590 Cimbricum
1082 539 1175 587 sub

238 610 424 676 Novis,
462 611 515 659 in
534 623 633 674 quo
658 609 832 659 Gallus
860 615 968 658 erat
987 608 1176 672 pietnS,

239 681 302 730 de
327 686 455 730 orat.
476 680 527 738 2,
555 677 641 736 66,
664 678 783 732 266.

170 760 384 825 Mario,
426 761 683 812 Ciceronis
714 775 889 810 servus
926 761 989 808 ab
1021 775 1081 812 eo
1114 760 1180 808 ad

238 833 479 880 Tironem
497 833 704 889 missu8,
726 830 792 879 ad
812 829 934 880 fam.
957 828 1041 892 16,
1066 829 1176 890 1,2.

239 903 313 1019 gb.
331 901 431 1018 116,
466 901 517 949 2.
576 900 650 997 lb.
686 898 780 960 16,
811 897 860 958 3,
892 899 943 950 2.
996 899 1069 947 lb.
1095 897 1177 957 16,

174 1068 235 1118 C.
258 1065 494 1130 Murius,
536 1067 687 1116 horno
714 1065 997 1130 populariS,
1021 1065 1179 1119 Aoad.

240 1153 321 1202 pr.
340 1139 394 1198 2,
424 1137 475 1197 5,
499 1134 581 1188 13.
605 1165 676 1172 -
710 1137 765 1184 ln
785 1133 1047 1184 iracundia
1066 1147 1181 1198 per-

240 1219 481 1256 severans
498 1241 511 1264 ,
548 1204 770 1268 Philipp.
812 1204 903 1267 ll,
950 1204 997 1268 1,
1040 1203 1089 1256 1.
1112 1229 1183 1241 --

243 1274 297 1326 C.
338 1274 557 1335 Mariua,
615 1287 716 1324 non
758 1272 942 1323 litteris
994 1273 1060 1322 ad
1108 1273 1181 1320 rei
1232 1326 1237 1330 ἡ

242 1345 478 1393 militaris
524 1343 787 1392 scientiam
814 1379 829 1402 ,
884 1343 979 1392 sed
1028 1343 1182 1391 rebus

242 1415 405 1480 gestis
435 1427 495 1462 ac
522 1411 746 1464 victoriis
782 1411 1012 1460 eruditus
1034 1447 1045 1468 ‚
1088 1424 1181 1475 pro

241 1482 451 1532 Fonteio
492 1481 556 1530 15
575 1519 591 1546 ,
646 1479 731 1532 33.
777 1507 843 1516 -
895 1481 1051 1530 Dirus
1088 1479 1187 1530 fuit

242 1552 353 1600 dies
392 1549 635 1600 Sullanus
672 1547 727 1602 C.
758 1550 949 1612 Mario,
993 1549 1058 1598 ad
1078 1550 1181 1598 Att.

246 1620 312 1670 10
333 1658 348 1680 ,
392 1619 454 1678 8,
494 1621 547 1673 7.
586 1645 653 1656 —
704 1617 817 1668 Non
869 1618 1037 1668 medio
1088 1619 1183 1666 cri-

245 1690 342 1739 bus
381 1689 661 1738 inimicitiis
691 1703 751 1737 ac
783 1688 1040 1738 laboribus
1061 1701 1180 1737 con-

242 1758 404 1808 tendit
422 1793 439 1818 ,
492 1764 549 1806 ut
591 1757 658 1807 ad
696 1771 922 1808 summos
962 1757 1181 1806 honores

243 1827 558 1893 perveniret,
585 1827 732 1875 Verr.
756 1833 979 1879 accusat.
1010 1825 1071 1886 5,
1094 1823 1179 1885 70,

247 1896 359 1948 181.
402 1923 471 1934 -
497 1895 683 1948 Multos
716 1895 951 1946 inimicos
984 1893 1181 1955 habuit,

246 1967 309 2015 de
327 1981 473 2031 prov,
497 1980 631 2017 cons.
653 1964 802 2027 8,19.
824 1994 890 2002 -—
912 1965 965 2019 G,
991 1965 1181 2015 Marius

246 2036 483 2085 inimicus
498 2036 557 2095 Q.
575 2034 763 2085 Metelli
780 2034 1051 2099 Numidici,
1064 2042 1185 2099 post

244 2104 441 2155 red..ad
462 2102 602 2162 Quir.
625 2104 683 2165 5,
704 2104 789 2156 11.
813 2130 879 2139 -
901 2104 1101 2154 Eximie
1118 2104 1178 2153 L.

242 2173 465 2223 Plotium
483 2173 679 2236 dilexit,
691 2174 836 2223 cuius
859 2174 1065 2239 ingenio
1085 2188 1184 2237 pu-

245 2244 383 2293 tabat
402 2258 464 2293 ea
485 2257 615 2305 quae
635 2250 865 2307 gesserat
882 2236 1035 2307 posse
1054 2242 1186 2293 cele-

246 2313 401 2375 brari,
424 2324 518 2377 pro
532 2313 720 2363 Archia
736 2310 789 2376 9,
808 2310 894 2364 20.
920 2338 983 2349 —-
1006 2312 1059 2363 G.
1080 2311 1187 2362 Ma-

248 2384 359 2431 rius
396 2378 629 2431 tribunus
676 2381 749 2447 pl.
789 2396 838 2429 a.
877 2396 932 2434 u.
970 2398 1015 2431 c.
1064 2380 1182 2432 635.

244 2451 361 2501 tulit
376 2451 545 2516 legem
559 2486 575 2511 ,
596 2466 726 2514 quae
744 2456 929 2515 pontes
956 2451 1076 2501 fecit
1096 2465 1186 2499 an-

250 2528 452 2587 gustos,
474 2520 539 2569 de
563 2518 669 2585 leg.
682 2520 731 2582 3,
759 2520 843 2583 17,
864 2519 947 2572 38.
988 2520 1053 2573 V.
1079 2519 1181 2569 lex.

246 2586 451 2640 Maria.
482 2614 555 2627 --
589 2588 645 2641 C.
674 2590 893 2651 Marius,
940 2603 1096 2651 quum
1133 2590 1187 2637 in

246 2657 570 2724 Cappadocia
604 2666 773 2719 esset,
812 2658 927 2725 lege
962 2657 1189 2708 Domitia

248 2728 417 2779 factus
456 2734 534 2777 est
572 2742 764 2792 augur,
807 2728 901 2791 Ep.
942 2727 1009 2777 ad
1046 2727 1185 2777 Brut.

251 2797 298 2856 1,
320 2796 371 2847 5.
404 2824 464 2833 -
495 2795 549 2845 G.
574 2796 765 2846 Marius
788 2797 986 2847 duabus
1008 2796 1187 2846 aedili-

245 2867 435 2915 tatibus
477 2865 711 2929 repulsus
750 2866 977 2930 septiens
1010 2865 1190 2915 consul

248 2941 326 2983 est
352 2935 537 2995 factus,
558 2948 651 2999 pro
676 2934 885 2985 Plancio
906 2935 992 2995 21,
1014 2934 1099 2987 51.
1121 2962 1188 2969 -

250 3002 305 3053 C.
335 3003 555 3065 Marius,
584 3002 799 3054 militem
826 3005 914 3067 qni
946 3005 1187 3065 tribuum,

246 3074 334 3135 qui
355 3073 460 3139 ipsi
478 3073 581 3123 vim
600 3070 890 3133 adferebat,
922 3073 1190 3124 interfece-

248 3148 345 3207 rat,
364 3142 557 3191 scelere
576 3141 799 3193 solutum
818 3142 1043 3207 periculo
1063 3142 1189 3197 libe-

246 3213 401 3268 ravit,
444 3226 538 3277 pro
559 3210 749 3261 Milone
768 3216 819 3272 4,
840 3212 891 3264 9.
962 3212 1189 3263 Pseudo-

250 3280 343 3329 oic.
377 3280 445 3330 ad
472 3278 741 3331 Octavium
776 3294 829 3347 p.
862 3280 927 3330 cl.
966 3280 1093 3333 499.
1119 3307 1189 3317 —-

247 3348 511 3399 Laudatur
530 3349 641 3399 eius
661 3350 929 3417 integritas
956 3350 1012 3399 in
1038 3352 1187 3401 aesti-

246 3419 471 3468 matione
504 3418 767 3482 frumenti,
792 3419 939 3470 Verr.
962 3428 1185 3471 accusat.

315 3502 531 3539 emnam

1323 315 1354 364 3
1373 351 1388 374 ,
1419 314 1518 375 90,
1551 311 1672 362 209.
1703 339 1762 348 ——
1783 311 1868 360 Bis
1891 310 2087 359 Italiam
2120 310 2257 360 obsi-

1322 384 1470 432 dione
1493 390 1540 430 et
1561 387 1699 430 metu
1718 381 1978 430 servitutis
2000 378 2255 438 libera‘vit,

1319 453 1372 501 in
1391 450 1535 503 Catil.
1559 451 1593 499 4
1611 487 1625 509 ,
1652 449 1740 509 10,
1767 449 1851 499 21.
1891 475 1962 486 --
1998 449 2258 502 Laudatur

1317 527 1527 585 propter
1553 513 1811 568 Saturnini
1832 516 2056 579 eaedem,-
2083 532 2177 581 pro
2198 515 2251 564 C.

1311 589 1526 638 'Rabirio
1559 587 1704 652 perd.
1731 586 1822 650 10,
1855 588 1942 637 27.
1971 613 2036 621 --
2057 584 2112 637 C.
2151 586 2258 633 Ma-

1317 660 1460 720 rius,
1493 657 1628 706 idem
1669 671 1782 704 oum
1820 655 2080 720 Iugurtha,
2119 654 2268 704 idem.

1319 743 1436 778 cum
1471 725 1719 786 cimbris,
1757 725 1892 774 idem
1935 739 2046 774 eum
2075 723 2258 772 Teuto-

1319 797 1399 846 nis
1429 795 1616 846 bellum
1637 794 2023 854 administravit,
2047 793 2112 843 de
2130 793 2254 856 imp.

1321 865 1412 916 Gn.
1424 865 1602 928 Pomp.
1620 862 1704 928 20,
1715 862 1802 913 60.
1818 891 1879 900 -
1897 861 2259 926 Amplissimae

1322 937 1430 984 eius
1468 933 1680 996 laudea,
1731 947 1822 996 pro
1858 932 2016 982 Balbo
2055 931 2151 991 20,
2189 931 2258 982 46

1324 1019 1437 1066 sqq.
1461 1031 1532 1040 --
1561 1002 1922 1066 Imperatorius
1955 1001 2108 1050 ardor
2139 1013 2257 1048 ocu·

1323 1072 1486 1123 lorum
1516 1073 1654 1136 eius,
1696 1072 1766 1119 lb.
1793 1071 1879 1129 21,
1906 1069 1992 1122 49.
2031 1095 2098 1104 -
2133 1069 2257 1118 Eius

1327 1142 1401 1190 ris
1421 1148 1571 1204 atque
1593 1141 1768 1203 virtus»,
1792 1142 1940 1194 Verr.
1963 1146 2185 1188 accusat.
2206 1138 2256 1201 5,

1325 1209 1406 1270 10,
1427 1210 1514 1260 25.
1537 1236 1603 1246 —
1624 1206 1678 1257 O.
1695 1208 1886 1259 Marius
1900 1243 1915 1268 ,
1937 1216 2262 1258 conservator

1323 1281 1546 1343 patriae,
1593 1292 1686 1340 pro
1725 1277 1893 1326 Sestio
1934 1277 2027 1337 16,
2067 1275 2153 1326 37.
2193 1302 2259 1312 —-

1323 1348 1508 1398 Terror
1524 1345 1767 1406 hostium,
1807 1359 1927 1409 spes
1947 1345 2260 1394 subsidium-

1329 1431 1426 1479 que
1447 1415 1660 1480 patriae,
1680 1414 1753 1462 lb.
1778 1413 1863 1474 17,
1886 1412 1972 1464 38.
1992 1411 2130 1464 -Ο,
2154 1412 2260 1460 Ma-

1325 1487 1460 1549 riuS,
1499 1483 1768 1532 influentes
1801 1483 1851 1530 in
1873 1480 2069 1530 Italiam
2089 1479 2258 1530 Gallo·-

1325 1569 1438 1604 rum
1481 1552 1730 1601 maximas
1777 1551 1954 1614 copias
2001 1550 2258 1615 repressit,

1323 1638 1424 1672 non
1452 1623 1564 1687 ipse
1597 1621 1665 1670 ad
1700 1635 1875 1670 eorum
1904 1619 2055 1670 urbes
2088 1619 2262 1669 sedes-

1322 1708 1420 1754 que
1468 1691 1787 1755 penetravit,
1825 1689 1890 1739 de
1921 1704 2068 1754 prov.
2119 1702 2257 1738 cons.

1325 1759 1408 1825 13,
1430 1757 1608 1814 32..—-
1634 1759 1688 1809 C.
1712 1758 1902 1808 Marius
1921 1759 2160 1808 secundis
2183 1773 2263 1808 re-

1325 1831 1418 1879 bus
1433 1845 1566 1878 unus
1588 1845 1651 1880 ex
1671 1827 1938 1878 fortunatis
1947 1828 2260 1886 hominibus,

1323 1899 1554 1949 adversis
1570 1913 1702 1949 unus
1723 1914 1786 1947 ex
1805 1899 2022 1949 summis
2041 1897 2161 1948 viris
2185 1899 2264 1947 vi-

1323 1969 1566 2029 debatur,
1602 1969 1778 2033 parad.
1813 1970 1864 2028 2,
1889 1968 1970 2019 16.
1993 1992 2059 2003 --·
2081 1965 2138 2015 C.
2155 1966 2263 2016 Ma—

1322 2039 1400 2087 rio
1420 2052 1576 2100 quum
1585 2038 1780 2087 varices
1803 2042 2109 2099 secarentur,
2122 2036 2266 2101 prin-

1325 2108 1460 2173 cipio
1484 2108 1640 2158 vetuit
1667 2122 1723 2155 se
1743 2106 1992 2171 adligari,
2013 2119 2106 2154 neo
2124 2106 2264 2167 quis-

1326 2192 1476 2239 quam
1499 2185 1618 2227 ante
1628 2174 1844 2226 Marium
1863 2175 2062 2225 solutus
2081 2175 2266 2225 dieitur

1327 2261 1440 2297 esse
1461 2254 1651 2296 sectus.
1715 2244 1840 2295 Orus
1863 2253 2034 2295 tamen
2053 2244 2265 2293 alterum

1327 2331 1424 2365 non
1465 2315 1726 2381 praebuit,
1765 2314 1972 2363 Tuscul.
1995 2316 2048 2373 2,
2069 2313 2154 2372 22,
2175 2310 2260 2361 53.

1329 2385 1391 2433 cl.
1432 2385 1504 2436 ib.
1541 2385 1612 2444 2,
1658 2384 1758 2443 15,
1816 2382 1902 2433 35.
1952 2407 2020 2417 —-
2056 2378 2108 2429 C.
2158 2380 2265 2427 Ma-

1327 2456 1434 2503 rius
1455 2490 1470 2514 ‚
1545 2467 1660 2501 eum
1725 2466 1756 2499 a
1823 2465 1916 2515 spe
1972 2447 2265 2498 consulatus

1327 2522 1481 2586 longe
1557 2521 1754 2570 abesset
1777 2555 1790 2578 ,
1861 2518 1921 2577 Q.
1991 2516 2266 2573 Metellum,

1327 2592 1474 2639 cuins
1499 2590 1700 2655 legatus
1743 2594 1878 2651 erat,
1917 2602 2072 2651 quum
2105 2587 2170 2636 ab
2205 2600 2266 2634 eo

1327 2661 1541 2709 Romam
1577 2660 1766 2723 missus
1801 2665 1962 2718 esset,
2001 2655 2140 2721 apud
2173 2668 2268 2719 po-

1328 2726 1506 2794 pulum
1571 2730 1870 2777 criminatus
1923 2734 2018 2777 est.
2091 2726 2270 2788 Itaque

1330 2797 1494 2848 factus
1519 2805 1596 2847 est
1618 2798 1705 2847 ille
1724 2797 1928 2861 quidem
1954 2795 2150 2859 consul,
2175 2793 2270 2843 sed

1329 2883 1362 2916 a
1389 2865 1490 2917 fide
1509 2868 1802 2931 iustitiaque
1824 2868 2078 2928 discessit,
2097 2865 2162 2914 de
2181 2863 2269 2912 off.

1329 2934 1380 2999 3,
1407 2935 1493 2997 20,
1532 2935 1616 2986 79.
1656 2962 1722 2975 -
1755 2937 1810 2988 G.
1833 2936 1991 2985 Mario
2025 2941 2074 2984 et
2093 2932 2152 2991 Q.
2177 2930 2270 2980 Ca-

1330 3004 1438 3054 tulo
1462 3021 1594 3059 coss.
1621 3021 1668 3055 a.
1701 3022 1754 3057 u.
1789 3020 1833 3057 o.
1861 3004 1984 3055 652.
2055 3003 2270 3053 Romam

1330 3076 1470 3124 venit
1486 3075 1736 3125 Archias.
1808 3072 1996 3123 Nactus
2040 3079 2118 3119 est
2151 3082 2269 3119 con-

1329 3142 1470 3193 sules
1515 3159 1602 3195 eos
1623 3182 1638 3207 ,
1678 3156 1891 3206 quorum
1929 3140 2057 3189 alter
2097 3152 2178 3187 res
2206 3138 2273 3186 ad

1331 3214 1652 3262 scribendum
1675 3211 1946 3270 maximas,
1967 3209 2095 3259 alter
2113 3222 2271 3269 quum

1327 3295 1409 3331 res
1459 3288 1632 3345 gestas
1683 3290 1790 3329 tum
1841 3280 1994 3327 etiam
2046 3277 2272 3327 studium

1327 3358 1480 3411 atque
1500 3364 1650 3399 aures
1675 3348 1920 3399 adhibere
1950 3352 2141 3412 posset,
2177 3356 2271 3410 pro

1329 3418 1519 3469 Archia
1537 3416 1589 3482 3,
1609 3420 1660 3477 5,
1679 3448 1748 3463 -.-
1769 3417 1829 3467 Ei
1855 3415 2162 3483 supplicatio
2182 3414 2274 3465 dc·-
