<?xml version="1.0" encoding="UTF-8"?>
<!DOCTYPE html PUBLIC "-//W3C//DTD XHTML 1.0 Transitional//EN"
    "http://www.w3.org/TR/xhtml1/DTD/xhtml1-transitional.dtd">
<html xmlns="http://www.w3.org/1999/xhtml" xml:lang="en" lang="en">
 <head>
  <title>
</title>
<meta http-equiv="Content-Type" content="text/html;charset=utf-8" />
  <meta name='ocr-system' content='tesseract 3.04.00' />
  <meta name='ocr-capabilities' content='ocr_page ocr_carea ocr_par ocr_line ocrx_word'/>
</head>
<body>
  <div class='ocr_page' id='page_1' title='image "./scriptaquaemans04mlgoog_0196.png"; bbox 0 0 2500 3850; ppageno 0'>
   <div class='ocr_carea' id='block_1_1' title="bbox 314 212 428 274">
    <p class='ocr_par' dir='ltr' id='par_1_1' title="bbox 314 212 428 274">
     <span class='ocr_line' id='line_1_1' title="bbox 314 212 428 274; baseline 0.018 -2"><span class='ocrx_word' id='word_1_1' title='bbox 314 212 428 274; x_wconf 88' lang='grc'>190</span> 
     </span>
    </p>
   </div>
   <div class='ocr_carea' id='block_1_2' title="bbox 367 377 1311 1326">
    <p class='ocr_par' dir='ltr' id='par_1_2' title="bbox 367 377 1311 1326">
     <span class='ocr_line' id='line_1_2' title="bbox 375 377 1309 442; baseline -0.004 -12"><span class='ocrx_word' id='word_1_2' title='bbox 375 379 664 430; x_wconf 80' lang='lat' dir='ltr'><strong>Ciceronem</strong></span> <span class='ocrx_word' id='word_1_3' title='bbox 710 379 775 427; x_wconf 88' lang='lat' dir='ltr'>ad</span> <span class='ocrx_word' id='word_1_4' title='bbox 822 393 1002 442; x_wconf 88' lang='lat' dir='ltr'>pacem</span> <span class='ocrx_word' id='word_1_5' title='bbox 1058 377 1309 442; x_wconf 81' lang='lat' dir='ltr'><strong>hortatur,</strong></span> 
     </span>
     <span class='ocr_line' id='line_1_3' title="bbox 372 445 1311 511; baseline -0.004 -13"><span class='ocrx_word' id='word_1_6' title='bbox 372 451 447 500; x_wconf 84' lang='lat' dir='ltr'>lb.</span> <span class='ocrx_word' id='word_1_7' title='bbox 474 449 521 510; x_wconf 87' lang='lat'>7,</span> <span class='ocrx_word' id='word_1_8' title='bbox 544 447 626 507; x_wconf 83' lang='lat'>21,</span> <span class='ocrx_word' id='word_1_9' title='bbox 649 447 697 496; x_wconf 88' lang='grc'>3.</span> <span class='ocrx_word' id='word_1_10' title='bbox 736 449 787 506; x_wconf 88' lang='grc'>7,</span> <span class='ocrx_word' id='word_1_11' title='bbox 808 445 894 511; x_wconf 85' lang='grc'>23,</span> <span class='ocrx_word' id='word_1_12' title='bbox 917 447 967 497; x_wconf 89' lang='grc'>3.</span> <span class='ocrx_word' id='word_1_13' title='bbox 990 473 1056 482; x_wconf 87' lang='grc'>-·</span> <span class='ocrx_word' id='word_1_14' title='bbox 1084 446 1157 494; x_wconf 90' lang='lat' dir='ltr'>De</span> <span class='ocrx_word' id='word_1_15' title='bbox 1178 447 1311 495; x_wconf 89' lang='lat' dir='ltr'>cele-</span> 
     </span>
     <span class='ocr_line' id='line_1_4' title="bbox 373 513 1306 568; baseline 0.003 -3"><span class='ocrx_word' id='word_1_16' title='bbox 373 519 518 565; x_wconf 78' lang='lat' dir='ltr'>ritate</span> <span class='ocrx_word' id='word_1_17' title='bbox 536 516 820 564; x_wconf 82' lang='lat' dir='ltr'>incredibili</span> <span class='ocrx_word' id='word_1_18' title='bbox 840 513 1073 565; x_wconf 80' lang='lat' dir='ltr'>Caesaris</span> <span class='ocrx_word' id='word_1_19' title='bbox 1098 525 1193 568; x_wconf 90' lang='lat' dir='ltr'>etc.</span> <span class='ocrx_word' id='word_1_20' title='bbox 1230 517 1306 568; x_wconf 85' lang='lat' dir='ltr'>lb.</span> 
     </span>
     <span class='ocr_line' id='line_1_5' title="bbox 373 585 1310 648; baseline -0.001 -14"><span class='ocrx_word' id='word_1_21' title='bbox 373 585 423 647; x_wconf 85' lang='lat'>3,</span> <span class='ocrx_word' id='word_1_22' title='bbox 446 586 529 646; x_wconf 88' lang='lat'>22,</span> <span class='ocrx_word' id='word_1_23' title='bbox 560 586 607 634; x_wconf 92' lang='lat'>1.</span> <span class='ocrx_word' id='word_1_24' title='bbox 650 611 715 620; x_wconf 86' lang='lat'>-—</span> <span class='ocrx_word' id='word_1_25' title='bbox 752 586 909 648; x_wconf 88' lang='lat' dir='ltr'>Eum,</span> <span class='ocrx_word' id='word_1_26' title='bbox 948 587 1029 634; x_wconf 89' lang='lat' dir='ltr'>cui</span> <span class='ocrx_word' id='word_1_27' title='bbox 1051 585 1141 636; x_wconf 90' lang='lat' dir='ltr'>Cn.</span> <span class='ocrx_word' id='word_1_28' title='bbox 1163 585 1310 634; x_wconf 90' lang='lat' dir='ltr'>Pom·</span> 
     </span>
     <span class='ocr_line' id='line_1_6' title="bbox 372 653 1310 718; baseline 0 -16"><span class='ocrx_word' id='word_1_29' title='bbox 372 655 519 718; x_wconf 86' lang='lat' dir='ltr'>peius</span> <span class='ocrx_word' id='word_1_30' title='bbox 581 653 792 702; x_wconf 88' lang='lat' dir='ltr'>alterum</span> <span class='ocrx_word' id='word_1_31' title='bbox 856 653 1173 704; x_wconf 87' lang='lat' dir='ltr'>consulatum</span> <span class='ocrx_word' id='word_1_32' title='bbox 1223 655 1310 702; x_wconf 88' lang='lat' dir='ltr'>de-</span> 
     </span>
     <span class='ocr_line' id='line_1_7' title="bbox 371 721 1310 787; baseline -0.002 -16"><span class='ocrx_word' id='word_1_33' title='bbox 371 725 521 772; x_wconf 81' lang='lat' dir='ltr'>ferret</span> <span class='ocrx_word' id='word_1_34' title='bbox 566 731 615 771; x_wconf 91' lang='lat' dir='ltr'>et</span> <span class='ocrx_word' id='word_1_35' title='bbox 654 721 965 787; x_wconf 89' lang='lat' dir='ltr'>triumphum</span> <span class='ocrx_word' id='word_1_36' title='bbox 986 759 1001 782; x_wconf 89' lang='lat'>,</span> <span class='ocrx_word' id='word_1_37' title='bbox 1051 723 1310 772; x_wconf 89' lang='lat' dir='ltr'>inimicum</span> 
     </span>
     <span class='ocr_line' id='line_1_8' title="bbox 370 791 1306 855; baseline -0.001 -15"><span class='ocrx_word' id='word_1_38' title='bbox 370 793 559 841; x_wconf 87' lang='lat' dir='ltr'>habere</span> <span class='ocrx_word' id='word_1_39' title='bbox 606 791 833 841; x_wconf 90' lang='lat' dir='ltr'>noluerat</span> <span class='ocrx_word' id='word_1_40' title='bbox 882 791 1085 855; x_wconf 87' lang='lat' dir='ltr'>Cicero,</span> <span class='ocrx_word' id='word_1_41' title='bbox 1152 793 1226 840; x_wconf 89' lang='lat' dir='ltr'>Ib.</span> <span class='ocrx_word' id='word_1_42' title='bbox 1258 792 1306 847; x_wconf 92' lang='lat'>7,</span> 
     </span>
     <span class='ocr_line' id='line_1_9' title="bbox 370 859 1308 922; baseline -0.001 -12"><span class='ocrx_word' id='word_1_43' title='bbox 370 861 454 922; x_wconf 86' lang='grc'>26,</span> <span class='ocrx_word' id='word_1_44' title='bbox 478 864 527 912; x_wconf 91' lang='grc'>2.</span> <span class='ocrx_word' id='word_1_45' title='bbox 564 886 633 896; x_wconf 86' lang='grc'><strong>-</strong></span> <span class='ocrx_word' id='word_1_46' title='bbox 668 859 743 909; x_wconf 92' lang='lat' dir='ltr'>De</span> <span class='ocrx_word' id='word_1_47' title='bbox 765 861 1020 911; x_wconf 84' lang='lat' dir='ltr'>Ciceronis</span> <span class='ocrx_word' id='word_1_48' title='bbox 1039 859 1219 909; x_wconf 88' lang='lat' dir='ltr'>litteris</span> <span class='ocrx_word' id='word_1_49' title='bbox 1240 861 1308 909; x_wconf 90' lang='lat' dir='ltr'>ad</span> 
     </span>
     <span class='ocr_line' id='line_1_10' title="bbox 372 929 1301 993; baseline -0.001 -15"><span class='ocrx_word' id='word_1_50' title='bbox 372 930 635 979; x_wconf 86' lang='lat' dir='ltr'>Caesarem</span> <span class='ocrx_word' id='word_1_51' title='bbox 656 929 831 993; x_wconf 80' lang='lat' dir='ltr'><strong>Capua</strong></span> <span class='ocrx_word' id='word_1_52' title='bbox 853 930 1011 988; x_wconf 89' lang='lat' dir='ltr'>datis,</span> <span class='ocrx_word' id='word_1_53' title='bbox 1050 930 1121 978; x_wconf 87' lang='lat' dir='ltr'>lb.</span> <span class='ocrx_word' id='word_1_54' title='bbox 1156 929 1215 990; x_wconf 92' lang='lat'>8,</span> <span class='ocrx_word' id='word_1_55' title='bbox 1249 929 1301 991; x_wconf 88' lang='lat'>2,</span> 
     </span>
     <span class='ocr_line' id='line_1_11' title="bbox 371 995 1300 1056; baseline -0.004 -8"><span class='ocrx_word' id='word_1_56' title='bbox 371 1000 419 1048; x_wconf 89' lang='lat'>1.</span> <span class='ocrx_word' id='word_1_57' title='bbox 460 1025 529 1034; x_wconf 91' lang='lat'>—</span> <span class='ocrx_word' id='word_1_58' title='bbox 572 997 757 1047; x_wconf 87' lang='lat' dir='ltr'>Caesar</span> <span class='ocrx_word' id='word_1_59' title='bbox 787 999 853 1047; x_wconf 92' lang='lat' dir='ltr'>ad</span> <span class='ocrx_word' id='word_1_60' title='bbox 885 995 1158 1047; x_wconf 87' lang='lat' dir='ltr'>Corfinium</span> <span class='ocrx_word' id='word_1_61' title='bbox 1178 1034 1191 1056; x_wconf 88' lang='lat'><em>‚</em></span> <span class='ocrx_word' id='word_1_62' title='bbox 1224 998 1300 1046; x_wconf 87' lang='lat' dir='ltr'>Ib.</span> 
     </span>
     <span class='ocr_line' id='line_1_12' title="bbox 368 1066 1304 1131; baseline -0.002 -15"><span class='ocrx_word' id='word_1_63' title='bbox 368 1067 417 1128; x_wconf 83' lang='lat'>8,</span> <span class='ocrx_word' id='word_1_64' title='bbox 440 1067 491 1130; x_wconf 89' lang='lat'>3,</span> <span class='ocrx_word' id='word_1_65' title='bbox 514 1067 562 1116; x_wconf 87' lang='lat'>7.</span> <span class='ocrx_word' id='word_1_66' title='bbox 596 1093 665 1101; x_wconf 91' lang='lat'><em>-</em></span> <span class='ocrx_word' id='word_1_67' title='bbox 694 1067 767 1114; x_wconf 88' lang='lat' dir='ltr'>De</span> <span class='ocrx_word' id='word_1_68' title='bbox 790 1066 1021 1116; x_wconf 83' lang='lat' dir='ltr'>Caesaris</span> <span class='ocrx_word' id='word_1_69' title='bbox 1053 1067 1304 1131; x_wconf 86' lang='lat' dir='ltr'>sapientia</span> 
     </span>
     <span class='ocr_line' id='line_1_13' title="bbox 368 1133 1305 1196; baseline -0.001 -12"><span class='ocrx_word' id='word_1_70' title='bbox 368 1135 684 1194; x_wconf 87' lang='lat' dir='ltr'>admirabili,</span> <span class='ocrx_word' id='word_1_71' title='bbox 717 1136 789 1187; x_wconf 88' lang='lat' dir='ltr'>Ib.</span> <span class='ocrx_word' id='word_1_72' title='bbox 822 1135 884 1196; x_wconf 88' lang='lat'>8,</span> <span class='ocrx_word' id='word_1_73' title='bbox 918 1135 985 1196; x_wconf 88' lang='lat'>9,</span> <span class='ocrx_word' id='word_1_74' title='bbox 1026 1135 1073 1186; x_wconf 93' lang='grc'>1.</span> <span class='ocrx_word' id='word_1_75' title='bbox 1106 1163 1173 1171; x_wconf 94' lang='grc'>-</span> <span class='ocrx_word' id='word_1_76' title='bbox 1210 1133 1305 1183; x_wconf 90' lang='lat' dir='ltr'>Ce-</span> 
     </span>
     <span class='ocr_line' id='line_1_14' title="bbox 368 1203 1310 1267; baseline 0 -15"><span class='ocrx_word' id='word_1_77' title='bbox 368 1205 541 1254; x_wconf 89' lang='lat' dir='ltr'>leritas</span> <span class='ocrx_word' id='word_1_78' title='bbox 560 1206 609 1253; x_wconf 91' lang='lat' dir='ltr'>in</span> <span class='ocrx_word' id='word_1_79' title='bbox 626 1203 841 1254; x_wconf 87' lang='lat' dir='ltr'>Caesare</span> <span class='ocrx_word' id='word_1_80' title='bbox 862 1205 1176 1254; x_wconf 87' lang='lat' dir='ltr'>desideratur</span> <span class='ocrx_word' id='word_1_81' title='bbox 1196 1211 1310 1267; x_wconf 87' lang='lat' dir='ltr'>post</span> 
     </span>
     <span class='ocr_line' id='line_1_15' title="bbox 367 1271 1304 1326; baseline -0.002 -5"><span class='ocrx_word' id='word_1_82' title='bbox 367 1274 631 1323; x_wconf 86' lang='lat' dir='ltr'>victoriam</span> <span class='ocrx_word' id='word_1_83' title='bbox 662 1273 1033 1326; x_wconf 84' lang='lat' dir='ltr'>Pharsalicam,</span> <span class='ocrx_word' id='word_1_84' title='bbox 1080 1273 1146 1322; x_wconf 85' lang='lat' dir='ltr'>ad</span> <span class='ocrx_word' id='word_1_85' title='bbox 1181 1271 1304 1320; x_wconf 79' lang='lat' dir='ltr'>fam.</span> 
     </span>
    </p>
   </div>
   <div class='ocr_carea' id='block_1_3' title="bbox 370 1342 1354 1404">
    <p class='ocr_par' dir='ltr' id='par_1_3' title="bbox 370 1342 1354 1404">
     <span class='ocr_line' id='line_1_16' title="bbox 370 1342 1354 1404; baseline -0.004 -12"><span class='ocrx_word' id='word_1_86' title='bbox 370 1343 463 1402; x_wconf 83' lang='lat'>15,</span> <span class='ocrx_word' id='word_1_87' title='bbox 508 1344 603 1404; x_wconf 88' lang='lat'>15,</span> <span class='ocrx_word' id='word_1_88' title='bbox 642 1343 691 1392; x_wconf 90' lang='grc'>2.</span> <span class='ocrx_word' id='word_1_89' title='bbox 727 1369 793 1378; x_wconf 87' lang='lat'>--</span> <span class='ocrx_word' id='word_1_90' title='bbox 840 1342 1027 1392; x_wconf 88' lang='lat' dir='ltr'>Caesar</span> <span class='ocrx_word' id='word_1_91' title='bbox 1064 1342 1306 1392; x_wconf 87' lang='lat' dir='ltr'>adversus</span> <span class='ocrx_word' id='word_1_92' title='bbox 1351 1371 1354 1380; x_wconf 83' lang='lat'>-</span> 
     </span>
    </p>
   </div>
   <div class='ocr_carea' id='block_1_4' title="bbox 302 1411 1307 3535">
    <p class='ocr_par' dir='ltr' id='par_1_4' title="bbox 302 1411 1307 3535">
     <span class='ocr_line' id='line_1_17' title="bbox 366 1411 1307 1476; baseline -0.002 -16"><span class='ocrx_word' id='word_1_93' title='bbox 366 1412 611 1460; x_wconf 89' lang='lat' dir='ltr'>monitum</span> <span class='ocrx_word' id='word_1_94' title='bbox 664 1413 850 1460; x_wconf 88' lang='lat' dir='ltr'>summi</span> <span class='ocrx_word' id='word_1_95' title='bbox 910 1411 1200 1476; x_wconf 85' lang='lat' dir='ltr'>haruspicis</span> <span class='ocrx_word' id='word_1_96' title='bbox 1252 1411 1307 1458; x_wconf 81' lang='lat' dir='ltr'>in</span> 
     </span>
     <span class='ocr_line' id='line_1_18' title="bbox 364 1478 1301 1541; baseline -0.003 -13"><span class='ocrx_word' id='word_1_97' title='bbox 364 1480 593 1530; x_wconf 84' lang='lat' dir='ltr'>Africam</span> <span class='ocrx_word' id='word_1_98' title='bbox 622 1488 737 1530; x_wconf 88' lang='lat' dir='ltr'>ante</span> <span class='ocrx_word' id='word_1_99' title='bbox 758 1483 986 1530; x_wconf 86' lang='lat' dir='ltr'>brumam</span> <span class='ocrx_word' id='word_1_100' title='bbox 1008 1478 1301 1541; x_wconf 82' lang='lat' dir='ltr'>transmisit,</span> 
     </span>
     <span class='ocr_line' id='line_1_19' title="bbox 366 1549 1302 1610; baseline -0.002 -12"><span class='ocrx_word' id='word_1_101' title='bbox 366 1550 428 1598; x_wconf 92' lang='lat' dir='ltr'>de</span> <span class='ocrx_word' id='word_1_102' title='bbox 456 1550 613 1598; x_wconf 85' lang='lat' dir='ltr'>divin.</span> <span class='ocrx_word' id='word_1_103' title='bbox 636 1552 687 1610; x_wconf 86' lang='lat'>2,</span> <span class='ocrx_word' id='word_1_104' title='bbox 716 1551 801 1610; x_wconf 85' lang='lat'>24,</span> <span class='ocrx_word' id='word_1_105' title='bbox 823 1550 911 1601; x_wconf 84' lang='lat'>52.</span> <span class='ocrx_word' id='word_1_106' title='bbox 949 1577 1015 1584; x_wconf 92' lang='lat'><strong>—</strong></span> <span class='ocrx_word' id='word_1_107' title='bbox 1054 1549 1302 1598; x_wconf 84' lang='lat' dir='ltr'>Redditae</span> 
     </span>
     <span class='ocr_line' id='line_1_20' title="bbox 366 1617 1300 1668; baseline -0.001 -3"><span class='ocrx_word' id='word_1_108' title='bbox 366 1617 598 1668; x_wconf 85' lang='lat' dir='ltr'>Ciceroni</span> <span class='ocrx_word' id='word_1_109' title='bbox 634 1626 749 1666; x_wconf 91' lang='lat' dir='ltr'>sunt</span> <span class='ocrx_word' id='word_1_110' title='bbox 786 1634 815 1667; x_wconf 90' lang='lat' dir='ltr'>a</span> <span class='ocrx_word' id='word_1_111' title='bbox 850 1617 1065 1666; x_wconf 83' lang='lat' dir='ltr'>Caesare</span> <span class='ocrx_word' id='word_1_112' title='bbox 1103 1617 1300 1666; x_wconf 86' lang='lat' dir='ltr'>litterae</span> 
     </span>
     <span class='ocr_line' id='line_1_21' title="bbox 364 1685 1302 1749; baseline -0.001 -15"><span class='ocrx_word' id='word_1_113' title='bbox 364 1688 487 1734; x_wconf 86' lang='lat' dir='ltr'>satis</span> <span class='ocrx_word' id='word_1_114' title='bbox 530 1687 763 1736; x_wconf 88' lang='lat' dir='ltr'>liberales</span> <span class='ocrx_word' id='word_1_115' title='bbox 800 1703 848 1735; x_wconf 86' lang='lat' dir='ltr'>a.</span> <span class='ocrx_word' id='word_1_116' title='bbox 876 1702 928 1738; x_wconf 89' lang='lat' dir='ltr'>u.</span> <span class='ocrx_word' id='word_1_117' title='bbox 963 1702 1008 1738; x_wconf 90' lang='lat' dir='ltr'>c.</span> <span class='ocrx_word' id='word_1_118' title='bbox 1049 1685 1197 1749; x_wconf 89' lang='grc'>707.,</span> <span class='ocrx_word' id='word_1_119' title='bbox 1234 1685 1302 1733; x_wconf 89' lang='lat' dir='ltr'>ad</span> 
     </span>
     <span class='ocr_line' id='line_1_22' title="bbox 363 1753 1301 1816; baseline -0.002 -12"><span class='ocrx_word' id='word_1_120' title='bbox 363 1755 485 1804; x_wconf 84' lang='lat' dir='ltr'>fam.</span> <span class='ocrx_word' id='word_1_121' title='bbox 514 1756 594 1816; x_wconf 82' lang='lat'>14,</span> <span class='ocrx_word' id='word_1_122' title='bbox 632 1754 716 1806; x_wconf 84' lang='lat'>23.</span> <span class='ocrx_word' id='word_1_123' title='bbox 744 1782 809 1790; x_wconf 90' lang='lat'>-—</span> <span class='ocrx_word' id='word_1_124' title='bbox 842 1754 1027 1804; x_wconf 88' lang='lat' dir='ltr'>Caesar</span> <span class='ocrx_word' id='word_1_125' title='bbox 1059 1756 1130 1804; x_wconf 86' lang='lat' dir='ltr'>ita</span> <span class='ocrx_word' id='word_1_126' title='bbox 1156 1753 1301 1802; x_wconf 88' lang='lat' dir='ltr'>vide-</span> 
     </span>
     <span class='ocr_line' id='line_1_23' title="bbox 362 1823 1300 1886; baseline 0 -16"><span class='ocrx_word' id='word_1_127' title='bbox 362 1831 447 1871; x_wconf 89' lang='lat' dir='ltr'>tur</span> <span class='ocrx_word' id='word_1_128' title='bbox 474 1823 850 1872; x_wconf 86' lang='lat' dir='ltr'>Alexandream</span> <span class='ocrx_word' id='word_1_129' title='bbox 872 1830 1041 1872; x_wconf 87' lang='lat' dir='ltr'>tenere</span> <span class='ocrx_word' id='word_1_130' title='bbox 1058 1859 1071 1886; x_wconf 92' lang='lat'>,</span> <span class='ocrx_word' id='word_1_131' title='bbox 1102 1829 1157 1871; x_wconf 89' lang='lat' dir='ltr'>ut</span> <span class='ocrx_word' id='word_1_132' title='bbox 1184 1837 1300 1872; x_wconf 89' lang='lat' dir='ltr'>enm</span> 
     </span>
     <span class='ocr_line' id='line_1_24' title="bbox 364 1891 1301 1955; baseline 0 -14"><span class='ocrx_word' id='word_1_133' title='bbox 364 1893 589 1944; x_wconf 89' lang='lat' dir='ltr'>scribere</span> <span class='ocrx_word' id='word_1_134' title='bbox 610 1893 759 1941; x_wconf 87' lang='lat' dir='ltr'>etiam</span> <span class='ocrx_word' id='word_1_135' title='bbox 791 1892 981 1955; x_wconf 84' lang='lat' dir='ltr'>pudeat</span> <span class='ocrx_word' id='word_1_136' title='bbox 1002 1892 1065 1941; x_wconf 87' lang='lat' dir='ltr'>de</span> <span class='ocrx_word' id='word_1_137' title='bbox 1088 1891 1191 1941; x_wconf 90' lang='lat' dir='ltr'>illis</span> <span class='ocrx_word' id='word_1_138' title='bbox 1220 1907 1301 1941; x_wconf 90' lang='lat' dir='ltr'>re-</span> 
     </span>
     <span class='ocr_line' id='line_1_25' title="bbox 364 1958 1296 2023; baseline 0 -12"><span class='ocrx_word' id='word_1_139' title='bbox 364 1963 457 2011; x_wconf 84' lang='lat' dir='ltr'>bus</span> <span class='ocrx_word' id='word_1_140' title='bbox 494 1976 539 2011; x_wconf 88' lang='lat' dir='ltr'>a.</span> <span class='ocrx_word' id='word_1_141' title='bbox 562 1978 612 2011; x_wconf 90' lang='lat' dir='ltr'>u.</span> <span class='ocrx_word' id='word_1_142' title='bbox 634 1977 676 2009; x_wconf 91' lang='lat' dir='ltr'>c.</span> <span class='ocrx_word' id='word_1_143' title='bbox 700 1958 840 2020; x_wconf 88' lang='grc'>707.,</span> <span class='ocrx_word' id='word_1_144' title='bbox 875 1962 939 2010; x_wconf 86' lang='lat' dir='ltr'>ad</span> <span class='ocrx_word' id='word_1_145' title='bbox 963 1962 1067 2009; x_wconf 90' lang='lat' dir='ltr'>Att.</span> <span class='ocrx_word' id='word_1_146' title='bbox 1092 1960 1173 2019; x_wconf 91' lang='lat'>11,</span> <span class='ocrx_word' id='word_1_147' title='bbox 1214 1959 1296 2023; x_wconf 85' lang='lat'>15,</span> 
     </span>
     <span class='ocr_line' id='line_1_26' title="bbox 364 2029 1300 2084; baseline -0.003 -4"><span class='ocrx_word' id='word_1_148' title='bbox 364 2030 413 2084; x_wconf 94' lang='lat'>1.</span> <span class='ocrx_word' id='word_1_149' title='bbox 456 2058 521 2067; x_wconf 90' lang='lat'>—--</span> <span class='ocrx_word' id='word_1_150' title='bbox 561 2030 829 2081; x_wconf 85' lang='lat' dir='ltr'>Caesarem</span> <span class='ocrx_word' id='word_1_151' title='bbox 868 2031 931 2079; x_wconf 90' lang='lat' dir='ltr'>ab</span> <span class='ocrx_word' id='word_1_152' title='bbox 972 2029 1300 2079; x_wconf 85' lang='lat' dir='ltr'>Alexandrea</span> 
     </span>
     <span class='ocr_line' id='line_1_27' title="bbox 364 2100 1298 2149; baseline -0.003 0"><span class='ocrx_word' id='word_1_153' title='bbox 364 2101 661 2149; x_wconf 85' lang='lat' dir='ltr'>discessisse</span> <span class='ocrx_word' id='word_1_154' title='bbox 694 2114 840 2149; x_wconf 91' lang='lat' dir='ltr'>nemo</span> <span class='ocrx_word' id='word_1_155' title='bbox 861 2100 1067 2148; x_wconf 86' lang='lat' dir='ltr'>nunciat</span> <span class='ocrx_word' id='word_1_156' title='bbox 1094 2100 1298 2147; x_wconf 89' lang='lat' dir='ltr'>ineunte</span> 
     </span>
     <span class='ocr_line' id='line_1_28' title="bbox 362 2166 1296 2226; baseline -0.002 -7"><span class='ocrx_word' id='word_1_157' title='bbox 362 2184 481 2219; x_wconf 72' lang='lat' dir='ltr'>a0u.</span> <span class='ocrx_word' id='word_1_158' title='bbox 519 2184 561 2217; x_wconf 91' lang='lat' dir='ltr'>c.</span> <span class='ocrx_word' id='word_1_159' title='bbox 587 2166 704 2220; x_wconf 88' lang='grc'><strong>707.</strong></span> <span class='ocrx_word' id='word_1_160' title='bbox 772 2168 843 2217; x_wconf 90' lang='lat' dir='ltr'>lb.</span> <span class='ocrx_word' id='word_1_161' title='bbox 871 2168 963 2226; x_wconf 93' lang='grc'>11,</span> <span class='ocrx_word' id='word_1_162' title='bbox 1004 2168 1094 2226; x_wconf 88' lang='grc'>17,</span> <span class='ocrx_word' id='word_1_163' title='bbox 1136 2168 1184 2219; x_wconf 84' lang='grc'>3.</span> <span class='ocrx_word' id='word_1_164' title='bbox 1230 2168 1296 2217; x_wconf 85' lang='lat' dir='ltr'>cl.</span> 
     </span>
     <span class='ocr_line' id='line_1_29' title="bbox 360 2234 1296 2298; baseline -0.002 -11"><span class='ocrx_word' id='word_1_165' title='bbox 360 2238 431 2289; x_wconf 89' lang='lat' dir='ltr'>ib.</span> <span class='ocrx_word' id='word_1_166' title='bbox 461 2237 541 2296; x_wconf 89' lang='grc'>11,</span> <span class='ocrx_word' id='word_1_167' title='bbox 565 2237 647 2298; x_wconf 87' lang='grc'>18,</span> <span class='ocrx_word' id='word_1_168' title='bbox 670 2238 717 2287; x_wconf 92' lang='grc'>1.</span> <span class='ocrx_word' id='word_1_169' title='bbox 748 2264 815 2273; x_wconf 85' lang='lat'>—-</span> <span class='ocrx_word' id='word_1_170' title='bbox 849 2234 1035 2285; x_wconf 84' lang='lat' dir='ltr'>Caesar</span> <span class='ocrx_word' id='word_1_171' title='bbox 1055 2235 1296 2285; x_wconf 83' lang='lat' dir='ltr'>Sallustio</span> 
     </span>
     <span class='ocr_line' id='line_1_30' title="bbox 360 2303 1298 2373; baseline -0.002 -18"><span class='ocrx_word' id='word_1_172' title='bbox 360 2306 574 2373; x_wconf 83' lang='lat' dir='ltr'>ignovit,</span> <span class='ocrx_word' id='word_1_173' title='bbox 614 2307 685 2355; x_wconf 90' lang='lat' dir='ltr'>lb.</span> <span class='ocrx_word' id='word_1_174' title='bbox 711 2306 793 2365; x_wconf 91' lang='grc'>11,</span> <span class='ocrx_word' id='word_1_175' title='bbox 828 2303 911 2367; x_wconf 93' lang='grc'>20,</span> <span class='ocrx_word' id='word_1_176' title='bbox 942 2306 995 2356; x_wconf 87' lang='grc'>2.</span> <span class='ocrx_word' id='word_1_177' title='bbox 1034 2331 1102 2341; x_wconf 90' lang='grc'><strong>-</strong></span> <span class='ocrx_word' id='word_1_178' title='bbox 1134 2304 1298 2353; x_wconf 87' lang='lat' dir='ltr'>Multa</span> 
     </span>
     <span class='ocr_line' id='line_1_31' title="bbox 361 2374 1295 2434; baseline -0.003 -9"><span class='ocrx_word' id='word_1_179' title='bbox 361 2391 476 2425; x_wconf 91' lang='lat' dir='ltr'>eum</span> <span class='ocrx_word' id='word_1_180' title='bbox 529 2376 583 2424; x_wconf 92' lang='lat' dir='ltr'>in</span> <span class='ocrx_word' id='word_1_181' title='bbox 635 2376 762 2423; x_wconf 89' lang='lat' dir='ltr'>Asia</span> <span class='ocrx_word' id='word_1_182' title='bbox 814 2374 1047 2423; x_wconf 88' lang='lat' dir='ltr'>dicuntur</span> <span class='ocrx_word' id='word_1_183' title='bbox 1092 2375 1295 2434; x_wconf 89' lang='lat' dir='ltr'>morari,</span> 
     </span>
     <span class='ocr_line' id='line_1_32' title="bbox 360 2443 1293 2504; baseline -0.002 -11"><span class='ocrx_word' id='word_1_184' title='bbox 360 2446 579 2495; x_wconf 86' lang='lat' dir='ltr'>maxime</span> <span class='ocrx_word' id='word_1_185' title='bbox 598 2445 882 2494; x_wconf 87' lang='lat' dir='ltr'>Pharnaces</span> <span class='ocrx_word' id='word_1_186' title='bbox 896 2482 911 2504; x_wconf 87' lang='lat'>,</span> <span class='ocrx_word' id='word_1_187' title='bbox 935 2445 1006 2493; x_wconf 92' lang='lat' dir='ltr'>Ib.</span> <span class='ocrx_word' id='word_1_188' title='bbox 1032 2443 1116 2504; x_wconf 93' lang='grc'>11,</span> <span class='ocrx_word' id='word_1_189' title='bbox 1137 2443 1221 2503; x_wconf 87' lang='grc'>21,</span> <span class='ocrx_word' id='word_1_190' title='bbox 1244 2445 1293 2491; x_wconf 87' lang='grc'>2.</span> 
     </span>
     <span class='ocr_line' id='line_1_33' title="bbox 357 2512 1294 2575; baseline -0.004 -12"><span class='ocrx_word' id='word_1_191' title='bbox 357 2542 425 2552; x_wconf 88' lang='grc'><strong>-</strong></span> <span class='ocrx_word' id='word_1_192' title='bbox 454 2514 527 2563; x_wconf 92' lang='lat' dir='ltr'>De</span> <span class='ocrx_word' id='word_1_193' title='bbox 548 2514 777 2563; x_wconf 84' lang='lat' dir='ltr'>Caesaris</span> <span class='ocrx_word' id='word_1_194' title='bbox 797 2512 1094 2562; x_wconf 90' lang='lat' dir='ltr'>condicione</span> <span class='ocrx_word' id='word_1_195' title='bbox 1109 2549 1122 2572; x_wconf 92' lang='lat'>‚</span> <span class='ocrx_word' id='word_1_196' title='bbox 1148 2519 1294 2575; x_wconf 90' lang='lat' dir='ltr'>post-</span> 
     </span>
     <span class='ocr_line' id='line_1_34' title="bbox 359 2578 1293 2647; baseline -0.006 -15"><span class='ocrx_word' id='word_1_197' title='bbox 359 2598 510 2647; x_wconf 90' lang='lat' dir='ltr'>quam</span> <span class='ocrx_word' id='word_1_198' title='bbox 525 2582 837 2631; x_wconf 85' lang='lat' dir='ltr'>Alexandria</span> <span class='ocrx_word' id='word_1_199' title='bbox 856 2596 912 2630; x_wconf 89' lang='lat' dir='ltr'>se</span> <span class='ocrx_word' id='word_1_200' title='bbox 931 2582 1137 2645; x_wconf 89' lang='lat' dir='ltr'>recepit,</span> <span class='ocrx_word' id='word_1_201' title='bbox 1175 2578 1293 2627; x_wconf 87' lang='lat' dir='ltr'>Phi-</span> 
     </span>
     <span class='ocr_line' id='line_1_35' title="bbox 356 2647 1294 2715; baseline -0.002 -16"><span class='ocrx_word' id='word_1_202' title='bbox 356 2652 481 2715; x_wconf 85' lang='lat' dir='ltr'>lipp.</span> <span class='ocrx_word' id='word_1_203' title='bbox 506 2654 567 2711; x_wconf 87' lang='lat'>2,</span> <span class='ocrx_word' id='word_1_204' title='bbox 599 2650 697 2712; x_wconf 89' lang='grc'>26,</span> <span class='ocrx_word' id='word_1_205' title='bbox 736 2650 823 2705; x_wconf 84' lang='grc'>64.</span> <span class='ocrx_word' id='word_1_206' title='bbox 860 2676 929 2685; x_wconf 91' lang='lat'>-—</span> <span class='ocrx_word' id='word_1_207' title='bbox 963 2651 1083 2699; x_wconf 90' lang='lat' dir='ltr'>Post</span> <span class='ocrx_word' id='word_1_208' title='bbox 1102 2647 1294 2699; x_wconf 90' lang='lat' dir='ltr'>bellum</span> 
     </span>
     <span class='ocr_line' id='line_1_36' title="bbox 357 2716 1293 2784; baseline 0 -17"><span class='ocrx_word' id='word_1_209' title='bbox 357 2720 695 2784; x_wconf 87' lang='lat' dir='ltr'>Hispaniense</span> <span class='ocrx_word' id='word_1_210' title='bbox 736 2718 899 2768; x_wconf 83' lang='lat' dir='ltr'>factus</span> <span class='ocrx_word' id='word_1_211' title='bbox 954 2726 1030 2767; x_wconf 88' lang='lat' dir='ltr'>est</span> <span class='ocrx_word' id='word_1_212' title='bbox 1084 2716 1293 2767; x_wconf 85' lang='lat' dir='ltr'>Caesari</span> 
     </span>
     <span class='ocr_line' id='line_1_37' title="bbox 357 2786 1294 2847; baseline -0.002 -12"><span class='ocrx_word' id='word_1_213' title='bbox 357 2802 529 2836; x_wconf 87' lang='lat' dir='ltr'>rursus</span> <span class='ocrx_word' id='word_1_214' title='bbox 562 2788 829 2836; x_wconf 75' lang='lat' dir='ltr'>familiaris</span> <span class='ocrx_word' id='word_1_215' title='bbox 847 2788 1122 2846; x_wconf 87' lang='lat' dir='ltr'>Antonius,</span> <span class='ocrx_word' id='word_1_216' title='bbox 1156 2786 1294 2847; x_wconf 91' lang='lat' dir='ltr'>quod</span> 
     </span>
     <span class='ocr_line' id='line_1_38' title="bbox 358 2856 1292 2921; baseline -0.001 -18"><span class='ocrx_word' id='word_1_217' title='bbox 358 2857 435 2916; x_wconf 91' lang='lat' dir='ltr'>is,</span> <span class='ocrx_word' id='word_1_218' title='bbox 490 2872 639 2919; x_wconf 91' lang='lat' dir='ltr'>quem</span> <span class='ocrx_word' id='word_1_219' title='bbox 687 2856 841 2921; x_wconf 88' lang='lat' dir='ltr'>plane</span> <span class='ocrx_word' id='word_1_220' title='bbox 881 2857 1135 2920; x_wconf 87' lang='lat' dir='ltr'>perditum</span> <span class='ocrx_word' id='word_1_221' title='bbox 1176 2869 1292 2903; x_wconf 86' lang='lat' dir='ltr'>aere</span> 
     </span>
     <span class='ocr_line' id='line_1_39' title="bbox 359 2924 1290 2990; baseline -0.003 -17"><span class='ocrx_word' id='word_1_222' title='bbox 359 2924 522 2973; x_wconf 85' lang='lat' dir='ltr'>alieno</span> <span class='ocrx_word' id='word_1_223' title='bbox 559 2934 924 2990; x_wconf 82' lang='lat' dir='ltr'>egentemque,</span> <span class='ocrx_word' id='word_1_224' title='bbox 962 2927 1009 2975; x_wconf 87' lang='lat' dir='ltr'>si</span> <span class='ocrx_word' id='word_1_225' title='bbox 1054 2924 1290 2973; x_wconf 88' lang='lat' dir='ltr'>eumdem</span> 
     </span>
     <span class='ocr_line' id='line_1_40' title="bbox 358 2993 1290 3057; baseline -0.002 -16"><span class='ocrx_word' id='word_1_226' title='bbox 358 3008 570 3057; x_wconf 80' lang='lat' dir='ltr'>nequam</span> <span class='ocrx_word' id='word_1_227' title='bbox 626 2994 883 3044; x_wconf 89' lang='lat' dir='ltr'>hominem</span> <span class='ocrx_word' id='word_1_228' title='bbox 944 2993 1290 3052; x_wconf 87' lang='lat' dir='ltr'>audacemque</span> 
     </span>
     <span class='ocr_line' id='line_1_41' title="bbox 357 3060 1290 3127; baseline 0 -18"><span class='ocrx_word' id='word_1_229' title='bbox 357 3070 623 3127; x_wconf 83' lang='lat' dir='ltr'>cognorat,</span> <span class='ocrx_word' id='word_1_230' title='bbox 666 3064 801 3114; x_wconf 89' lang='lat' dir='ltr'>hunc</span> <span class='ocrx_word' id='word_1_231' title='bbox 821 3066 871 3111; x_wconf 88' lang='lat' dir='ltr'>in</span> <span class='ocrx_word' id='word_1_232' title='bbox 891 3060 1290 3110; x_wconf 86' lang='lat' dir='ltr'>familiaritatem</span> 
     </span>
     <span class='ocr_line' id='line_1_42' title="bbox 355 3127 1284 3195; baseline 0 -18"><span class='ocrx_word' id='word_1_233' title='bbox 355 3130 686 3181; x_wconf 85' lang='lat' dir='ltr'>libentissime</span> <span class='ocrx_word' id='word_1_234' title='bbox 716 3132 1019 3195; x_wconf 90' lang='lat' dir='ltr'>recipiebat,</span> <span class='ocrx_word' id='word_1_235' title='bbox 1060 3127 1284 3191; x_wconf 86' lang='lat' dir='ltr'>Philipp.</span> 
     </span>
     <span class='ocr_line' id='line_1_43' title="bbox 356 3196 1290 3261; baseline -0.005 -12"><span class='ocrx_word' id='word_1_236' title='bbox 356 3198 416 3261; x_wconf 82' lang='lat'>2,</span> <span class='ocrx_word' id='word_1_237' title='bbox 440 3198 523 3255; x_wconf 84' lang='lat'>32,</span> <span class='ocrx_word' id='word_1_238' title='bbox 546 3200 631 3252; x_wconf 87' lang='lat'>78.</span> <span class='ocrx_word' id='word_1_239' title='bbox 656 3228 720 3235; x_wconf 90' lang='lat'>—-</span> <span class='ocrx_word' id='word_1_240' title='bbox 744 3199 925 3249; x_wconf 82' lang='lat' dir='ltr'>Caesar</span> <span class='ocrx_word' id='word_1_241' title='bbox 945 3198 1012 3247; x_wconf 89' lang='lat' dir='ltr'>ad</span> <span class='ocrx_word' id='word_1_242' title='bbox 1032 3199 1087 3247; x_wconf 88' lang='lat' dir='ltr'>P.</span> <span class='ocrx_word' id='word_1_243' title='bbox 1112 3196 1290 3246; x_wconf 88' lang='lat' dir='ltr'>Servi-</span> 
     </span>
     <span class='ocr_line' id='line_1_44' title="bbox 357 3266 1291 3333; baseline 0 -20"><span class='ocrx_word' id='word_1_244' title='bbox 357 3266 479 3315; x_wconf 89' lang='lat' dir='ltr'>lium</span> <span class='ocrx_word' id='word_1_245' title='bbox 514 3268 761 3333; x_wconf 87' lang='lat' dir='ltr'>collegam</span> <span class='ocrx_word' id='word_1_246' title='bbox 800 3266 965 3315; x_wconf 80' lang='lat' dir='ltr'>nullas</span> <span class='ocrx_word' id='word_1_247' title='bbox 1004 3266 1196 3313; x_wconf 85' lang='lat' dir='ltr'>litteras</span> <span class='ocrx_word' id='word_1_248' title='bbox 1228 3266 1291 3314; x_wconf 91' lang='lat' dir='ltr'>de</span> 
     </span>
     <span class='ocr_line' id='line_1_45' title="bbox 354 3335 1291 3398; baseline 0.001 -17"><span class='ocrx_word' id='word_1_249' title='bbox 354 3348 525 3398; x_wconf 84' lang='lat' dir='ltr'>pugna</span> <span class='ocrx_word' id='word_1_250' title='bbox 555 3335 841 3383; x_wconf 88' lang='lat' dir='ltr'>Pharsalica</span> <span class='ocrx_word' id='word_1_251' title='bbox 878 3336 1015 3383; x_wconf 86' lang='lat' dir='ltr'>misit</span> <span class='ocrx_word' id='word_1_252' title='bbox 1054 3348 1146 3382; x_wconf 88' lang='lat' dir='ltr'>nec</span> <span class='ocrx_word' id='word_1_253' title='bbox 1174 3349 1291 3382; x_wconf 90' lang='lat' dir='ltr'>eum</span> 
     </span>
     <span class='ocr_line' id='line_1_46' title="bbox 357 3402 1284 3465; baseline 0.004 -16"><span class='ocrx_word' id='word_1_254' title='bbox 357 3402 419 3450; x_wconf 89' lang='lat' dir='ltr'>de</span> <span class='ocrx_word' id='word_1_255' title='bbox 465 3403 835 3465; x_wconf 87' lang='lat' dir='ltr'>supplicatione</span> <span class='ocrx_word' id='word_1_256' title='bbox 872 3404 1030 3453; x_wconf 87' lang='lat' dir='ltr'>voluit</span> <span class='ocrx_word' id='word_1_257' title='bbox 1075 3402 1284 3453; x_wconf 84' lang='lat' dir='ltr'>referre.</span> 
     </span>
     <span class='ocr_line' id='line_1_47' title="bbox 302 3470 1286 3535; baseline 0.002 -19"><span class='ocrx_word' id='word_1_258' title='bbox 302 3504 305 3509; x_wconf 86' lang='lat'>.</span> <span class='ocrx_word' id='word_1_259' title='bbox 354 3474 421 3517; x_wconf 84' lang='lat' dir='ltr'>At</span> <span class='ocrx_word' id='word_1_260' title='bbox 456 3471 591 3518; x_wconf 87' lang='lat' dir='ltr'>misit</span> <span class='ocrx_word' id='word_1_261' title='bbox 640 3478 817 3535; x_wconf 86' lang='lat' dir='ltr'>postea</span> <span class='ocrx_word' id='word_1_262' title='bbox 856 3472 917 3519; x_wconf 87' lang='lat' dir='ltr'>dc</span> <span class='ocrx_word' id='word_1_263' title='bbox 956 3470 1286 3530; x_wconf 85' lang='lat' dir='ltr'>Alexandria,</span> 
     </span>
    </p>
   </div>
   <div class='ocr_carea' id='block_1_5' title="bbox 1030 187 1709 270">
    <p class='ocr_par' dir='ltr' id='par_1_5' title="bbox 1030 187 1709 270">
     <span class='ocr_line' id='line_1_48' title="bbox 1030 187 1709 270; baseline 0 -2"><span class='ocrx_word' id='word_1_264' title='bbox 1030 187 1038 192; x_wconf 57' lang='grc'><strong>’</strong></span> <span class='ocrx_word' id='word_1_265' title='bbox 1076 222 1135 268; x_wconf 84' lang='lat' dir='ltr'>C.</span> <span class='ocrx_word' id='word_1_266' title='bbox 1162 221 1390 270; x_wconf 66' lang='lat' dir='ltr'>minos</span> <span class='ocrx_word' id='word_1_267' title='bbox 1419 221 1709 269; x_wconf 80' lang='lat' dir='ltr'>CAESAR.</span> 
     </span>
    </p>
   </div>
   <div class='ocr_carea' id='block_1_6' title="bbox 1429 375 2398 3521">
    <p class='ocr_par' dir='ltr' id='par_1_6' title="bbox 1429 375 2398 3521">
     <span class='ocr_line' id='line_1_49' title="bbox 1456 375 2398 436; baseline 0.003 -10"><span class='ocrx_word' id='word_1_268' title='bbox 1456 378 1519 426; x_wconf 90' lang='lat' dir='ltr'>de</span> <span class='ocrx_word' id='word_1_269' title='bbox 1559 375 1852 436; x_wconf 89' lang='lat' dir='ltr'>Pharnace,</span> <span class='ocrx_word' id='word_1_270' title='bbox 1901 376 2226 428; x_wconf 86' lang='lat' dir='ltr'>Pharsalicae</span> <span class='ocrx_word' id='word_1_271' title='bbox 2279 396 2398 429; x_wconf 90' lang='lat' dir='ltr'>vero</span> 
     </span>
     <span class='ocr_line' id='line_1_50' title="bbox 1451 445 2397 510; baseline 0.004 -16"><span class='ocrx_word' id='word_1_272' title='bbox 1451 460 1654 510; x_wconf 83' lang='lat' dir='ltr'>pugnae</span> <span class='ocrx_word' id='word_1_273' title='bbox 1709 460 1772 494; x_wconf 90' lang='lat' dir='ltr'>ne</span> <span class='ocrx_word' id='word_1_274' title='bbox 1827 445 2142 509; x_wconf 88' lang='lat' dir='ltr'>triumphum</span> <span class='ocrx_word' id='word_1_275' title='bbox 2189 449 2397 510; x_wconf 88' lang='lat' dir='ltr'>quidem</span> 
     </span>
     <span class='ocr_line' id='line_1_51' title="bbox 1453 513 2396 580; baseline 0.004 -16"><span class='ocrx_word' id='word_1_276' title='bbox 1453 516 1591 580; x_wconf 79' lang='lat' dir='ltr'>egit,</span> <span class='ocrx_word' id='word_1_277' title='bbox 1626 514 1849 579; x_wconf 87' lang='lat' dir='ltr'>Philipp.</span> <span class='ocrx_word' id='word_1_278' title='bbox 1884 514 1966 576; x_wconf 83' lang='lat'>14,</span> <span class='ocrx_word' id='word_1_279' title='bbox 2005 515 2056 574; x_wconf 90' lang='grc'>8,</span> <span class='ocrx_word' id='word_1_280' title='bbox 2086 513 2171 568; x_wconf 88' lang='grc'>23.</span> <span class='ocrx_word' id='word_1_281' title='bbox 2213 542 2282 552; x_wconf 89' lang='grc'>-</span> <span class='ocrx_word' id='word_1_282' title='bbox 2321 519 2396 568; x_wconf 89' lang='lat' dir='ltr'>De</span> 
     </span>
     <span class='ocr_line' id='line_1_52' title="bbox 1452 584 2396 637; baseline 0.005 -5"><span class='ocrx_word' id='word_1_283' title='bbox 1452 584 1684 632; x_wconf 85' lang='lat' dir='ltr'>Caesaris</span> <span class='ocrx_word' id='word_1_284' title='bbox 1715 584 1768 630; x_wconf 88' lang='lat' dir='ltr'>in</span> <span class='ocrx_word' id='word_1_285' title='bbox 1799 597 1857 631; x_wconf 88' lang='lat' dir='ltr'>se</span> <span class='ocrx_word' id='word_1_286' title='bbox 1875 585 2042 632; x_wconf 89' lang='lat' dir='ltr'>animo</span> <span class='ocrx_word' id='word_1_287' title='bbox 2067 599 2165 635; x_wconf 87' lang='lat' dir='ltr'>non</span> <span class='ocrx_word' id='word_1_288' title='bbox 2199 585 2396 637; x_wconf 85' lang='lat' dir='ltr'>offenso</span> 
     </span>
     <span class='ocr_line' id='line_1_53' title="bbox 1452 649 2386 718; baseline 0.001 -16"><span class='ocrx_word' id='word_1_289' title='bbox 1452 653 1626 702; x_wconf 86' lang='lat' dir='ltr'>scribit</span> <span class='ocrx_word' id='word_1_290' title='bbox 1651 649 1825 701; x_wconf 88' lang='lat' dir='ltr'>Cicero</span> <span class='ocrx_word' id='word_1_291' title='bbox 1846 689 1860 712; x_wconf 92' lang='lat'>,</span> <span class='ocrx_word' id='word_1_292' title='bbox 1901 653 1968 701; x_wconf 86' lang='lat' dir='ltr'>ad</span> <span class='ocrx_word' id='word_1_293' title='bbox 1997 653 2121 706; x_wconf 86' lang='lat' dir='ltr'>fam.</span> <span class='ocrx_word' id='word_1_294' title='bbox 2144 651 2196 718; x_wconf 87' lang='lat'>9,</span> <span class='ocrx_word' id='word_1_295' title='bbox 2223 655 2305 714; x_wconf 84' lang='lat'>16,</span> <span class='ocrx_word' id='word_1_296' title='bbox 2333 659 2386 704; x_wconf 91' lang='grc'>4.</span> 
     </span>
     <span class='ocr_line' id='line_1_54' title="bbox 1449 720 2394 780; baseline 0.002 -10"><span class='ocrx_word' id='word_1_297' title='bbox 1449 748 1518 758; x_wconf 87' lang='grc'><strong>-</strong></span> <span class='ocrx_word' id='word_1_298' title='bbox 1557 720 1790 770; x_wconf 83' lang='lat' dir='ltr'>Caesaris</span> <span class='ocrx_word' id='word_1_299' title='bbox 1829 721 2166 780; x_wconf 66' lang='lat' dir='ltr'>adventusjn</span> <span class='ocrx_word' id='word_1_300' title='bbox 2195 723 2394 772; x_wconf 87' lang='lat' dir='ltr'>Italiam</span> 
     </span>
     <span class='ocr_line' id='line_1_55' title="bbox 1449 787 2393 856; baseline 0 -17"><span class='ocrx_word' id='word_1_301' title='bbox 1449 806 1498 839; x_wconf 87' lang='lat' dir='ltr'>a.</span> <span class='ocrx_word' id='word_1_302' title='bbox 1536 806 1588 838; x_wconf 88' lang='lat' dir='ltr'>u.</span> <span class='ocrx_word' id='word_1_303' title='bbox 1630 805 1674 842; x_wconf 89' lang='lat' dir='ltr'>c.</span> <span class='ocrx_word' id='word_1_304' title='bbox 1722 787 1866 848; x_wconf 68' lang='lat'>708„</span> <span class='ocrx_word' id='word_1_305' title='bbox 1904 790 1970 838; x_wconf 85' lang='lat' dir='ltr'>ad</span> <span class='ocrx_word' id='word_1_306' title='bbox 2007 790 2130 844; x_wconf 85' lang='lat' dir='ltr'>farn.</span> <span class='ocrx_word' id='word_1_307' title='bbox 2163 791 2215 854; x_wconf 90' lang='lat'>9,</span> <span class='ocrx_word' id='word_1_308' title='bbox 2252 791 2306 856; x_wconf 90' lang='grc'>6,</span> <span class='ocrx_word' id='word_1_309' title='bbox 2343 793 2393 841; x_wconf 90' lang='grc'>1.</span> 
     </span>
     <span class='ocr_line' id='line_1_56' title="bbox 1448 857 2392 922; baseline 0 -14"><span class='ocrx_word' id='word_1_310' title='bbox 1448 858 1589 922; x_wconf 87' lang='lat' dir='ltr'>ib.9,</span> <span class='ocrx_word' id='word_1_311' title='bbox 1623 857 1674 917; x_wconf 90' lang='lat'>8,</span> <span class='ocrx_word' id='word_1_312' title='bbox 1702 859 1754 908; x_wconf 91' lang='grc'>2.</span> <span class='ocrx_word' id='word_1_313' title='bbox 1792 885 1858 894; x_wconf 85' lang='lat'><em>-</em></span> <span class='ocrx_word' id='word_1_314' title='bbox 1907 860 2027 908; x_wconf 89' lang='lat' dir='ltr'>Post</span> <span class='ocrx_word' id='word_1_315' title='bbox 2064 859 2284 908; x_wconf 89' lang='lat' dir='ltr'>reditum</span> <span class='ocrx_word' id='word_1_316' title='bbox 2327 877 2392 909; x_wconf 86' lang='lat' dir='ltr'>ex</span> 
     </span>
     <span class='ocr_line' id='line_1_57' title="bbox 1447 928 2392 992; baseline -0.001 -14"><span class='ocrx_word' id='word_1_317' title='bbox 1447 928 1623 978; x_wconf 79' lang='lat' dir='ltr'>Africa</span> <span class='ocrx_word' id='word_1_318' title='bbox 1641 928 1943 991; x_wconf 88' lang='lat' dir='ltr'>contempsit</span> <span class='ocrx_word' id='word_1_319' title='bbox 1962 929 2240 978; x_wconf 86' lang='lat' dir='ltr'>Antonium</span> <span class='ocrx_word' id='word_1_320' title='bbox 2257 963 2275 992; x_wconf 90' lang='lat'>,</span> <span class='ocrx_word' id='word_1_321' title='bbox 2301 945 2392 992; x_wconf 89' lang='lat' dir='ltr'>ap-</span> 
     </span>
     <span class='ocr_line' id='line_1_58' title="bbox 1446 997 2391 1062; baseline -0.001 -16"><span class='ocrx_word' id='word_1_322' title='bbox 1446 997 1658 1062; x_wconf 86' lang='lat' dir='ltr'>pellavit</span> <span class='ocrx_word' id='word_1_323' title='bbox 1701 1011 1817 1046; x_wconf 89' lang='lat' dir='ltr'>eum</span> <span class='ocrx_word' id='word_1_324' title='bbox 1857 997 1922 1045; x_wconf 89' lang='lat' dir='ltr'>de</span> <span class='ocrx_word' id='word_1_325' title='bbox 1959 998 2210 1060; x_wconf 84' lang='lat' dir='ltr'>pecunia,</span> <span class='ocrx_word' id='word_1_326' title='bbox 2268 997 2391 1046; x_wconf 82' lang='lat' dir='ltr'>Phi-</span> 
     </span>
     <span class='ocr_line' id='line_1_59' title="bbox 1447 1064 2390 1132; baseline -0.001 -18"><span class='ocrx_word' id='word_1_327' title='bbox 1447 1067 1576 1132; x_wconf 87' lang='lat' dir='ltr'>lipp.</span> <span class='ocrx_word' id='word_1_328' title='bbox 1599 1066 1631 1114; x_wconf 83' lang='lat'><strong>2</strong></span> <span class='ocrx_word' id='word_1_329' title='bbox 1647 1102 1662 1126; x_wconf 90' lang='lat'>,</span> <span class='ocrx_word' id='word_1_330' title='bbox 1681 1064 1768 1124; x_wconf 84' lang='lat'>29,</span> <span class='ocrx_word' id='word_1_331' title='bbox 1790 1066 1876 1114; x_wconf 88' lang='lat'>71.</span> <span class='ocrx_word' id='word_1_332' title='bbox 1916 1091 1982 1100; x_wconf 91' lang='lat'>—-</span> <span class='ocrx_word' id='word_1_333' title='bbox 2021 1066 2088 1115; x_wconf 88' lang='lat' dir='ltr'>Iis</span> <span class='ocrx_word' id='word_1_334' title='bbox 2111 1066 2243 1130; x_wconf 85' lang='lat' dir='ltr'>ipsis</span> <span class='ocrx_word' id='word_1_335' title='bbox 2262 1074 2390 1114; x_wconf 89' lang='lat' dir='ltr'>tem-</span> 
     </span>
     <span class='ocr_line' id='line_1_60' title="bbox 1448 1135 2392 1200; baseline 0 -16"><span class='ocrx_word' id='word_1_336' title='bbox 1448 1135 1661 1200; x_wconf 90' lang='lat' dir='ltr'>poribus</span> <span class='ocrx_word' id='word_1_337' title='bbox 1695 1135 1834 1183; x_wconf 89' lang='lat' dir='ltr'>domi</span> <span class='ocrx_word' id='word_1_338' title='bbox 1862 1146 2152 1198; x_wconf 88' lang='lat' dir='ltr'>percussor,</span> <span class='ocrx_word' id='word_1_339' title='bbox 2190 1135 2252 1184; x_wconf 91' lang='lat' dir='ltr'>ab</span> <span class='ocrx_word' id='word_1_340' title='bbox 2284 1137 2392 1184; x_wconf 87' lang='lat' dir='ltr'>An-</span> 
     </span>
     <span class='ocr_line' id='line_1_61' title="bbox 1447 1202 2390 1267; baseline 0 -15"><span class='ocrx_word' id='word_1_341' title='bbox 1447 1205 1588 1252; x_wconf 89' lang='lat' dir='ltr'>tonio</span> <span class='ocrx_word' id='word_1_342' title='bbox 1623 1205 1848 1261; x_wconf 86' lang='lat' dir='ltr'>missus,</span> <span class='ocrx_word' id='word_1_343' title='bbox 1887 1202 2234 1267; x_wconf 86' lang='lat' dir='ltr'>deprehensus</span> <span class='ocrx_word' id='word_1_344' title='bbox 2271 1218 2390 1253; x_wconf 84' lang='lat' dir='ltr'>esse</span> 
     </span>
     <span class='ocr_line' id='line_1_62' title="bbox 1450 1271 2389 1333; baseline 0.001 -13"><span class='ocrx_word' id='word_1_345' title='bbox 1450 1271 1713 1322; x_wconf 87' lang='lat' dir='ltr'>dicebatur</span> <span class='ocrx_word' id='word_1_346' title='bbox 1732 1287 1846 1321; x_wconf 89' lang='lat' dir='ltr'>cum</span> <span class='ocrx_word' id='word_1_347' title='bbox 1865 1273 2002 1331; x_wconf 85' lang='lat' dir='ltr'>sica,</span> <span class='ocrx_word' id='word_1_348' title='bbox 2039 1272 2103 1320; x_wconf 90' lang='lat' dir='ltr'>de</span> <span class='ocrx_word' id='word_1_349' title='bbox 2135 1287 2234 1333; x_wconf 89' lang='lat' dir='ltr'>quo</span> <span class='ocrx_word' id='word_1_350' title='bbox 2259 1271 2389 1321; x_wconf 87' lang='lat' dir='ltr'>Cae-</span> 
     </span>
     <span class='ocr_line' id='line_1_63' title="bbox 1448 1341 2389 1404; baseline 0.001 -14"><span class='ocrx_word' id='word_1_351' title='bbox 1448 1357 1533 1390; x_wconf 89' lang='lat' dir='ltr'>sar</span> <span class='ocrx_word' id='word_1_352' title='bbox 1571 1342 1622 1388; x_wconf 88' lang='lat' dir='ltr'>in</span> <span class='ocrx_word' id='word_1_353' title='bbox 1659 1349 1836 1390; x_wconf 86' lang='lat' dir='ltr'>senatu</span> <span class='ocrx_word' id='word_1_354' title='bbox 1858 1377 1873 1404; x_wconf 90' lang='lat'>,</span> <span class='ocrx_word' id='word_1_355' title='bbox 1921 1351 2094 1404; x_wconf 87' lang='lat' dir='ltr'>aperte</span> <span class='ocrx_word' id='word_1_356' title='bbox 2138 1343 2191 1389; x_wconf 88' lang='lat' dir='ltr'>in</span> <span class='ocrx_word' id='word_1_357' title='bbox 2228 1341 2389 1391; x_wconf 89' lang='lat' dir='ltr'>Anto-</span> 
     </span>
     <span class='ocr_line' id='line_1_64' title="bbox 1445 1409 2363 1471; baseline 0 -13"><span class='ocrx_word' id='word_1_358' title='bbox 1445 1412 1584 1471; x_wconf 80' lang='lat' dir='ltr'>nium</span> <span class='ocrx_word' id='word_1_359' title='bbox 1618 1409 1892 1471; x_wconf 64' lang='lat' dir='ltr'>invehenti,</span> <span class='ocrx_word' id='word_1_360' title='bbox 1929 1416 2136 1470; x_wconf 89' lang='lat' dir='ltr'>questus</span> <span class='ocrx_word' id='word_1_361' title='bbox 2167 1418 2272 1468; x_wconf 89' lang='lat' dir='ltr'>est,</span> <span class='ocrx_word' id='word_1_362' title='bbox 2309 1410 2363 1458; x_wconf 89' lang='lat' dir='ltr'>Ib</span> 
     </span>
     <span class='ocr_line' id='line_1_65' title="bbox 1444 1477 2388 1542; baseline -0.002 -14"><span class='ocrx_word' id='word_1_363' title='bbox 1444 1480 1506 1538; x_wconf 91' lang='lat'>2,</span> <span class='ocrx_word' id='word_1_364' title='bbox 1546 1477 1641 1538; x_wconf 88' lang='grc'>29,</span> <span class='ocrx_word' id='word_1_365' title='bbox 1683 1480 1768 1528; x_wconf 89' lang='lat'>74.</span> <span class='ocrx_word' id='word_1_366' title='bbox 1819 1503 1885 1514; x_wconf 87' lang='lat'><em>-</em></span> <span class='ocrx_word' id='word_1_367' title='bbox 1923 1477 2022 1526; x_wconf 87' lang='lat' dir='ltr'>Ter</span> <span class='ocrx_word' id='word_1_368' title='bbox 2069 1479 2388 1542; x_wconf 85' lang='lat' dir='ltr'>depugnavit</span> 
     </span>
     <span class='ocr_line' id='line_1_66' title="bbox 1447 1547 2384 1610; baseline -0.002 -12"><span class='ocrx_word' id='word_1_369' title='bbox 1447 1547 1633 1598; x_wconf 86' lang='lat' dir='ltr'>Caesar</span> <span class='ocrx_word' id='word_1_370' title='bbox 1669 1562 1784 1596; x_wconf 90' lang='lat' dir='ltr'>cum</span> <span class='ocrx_word' id='word_1_371' title='bbox 1812 1547 2036 1610; x_wconf 88' lang='lat' dir='ltr'>civibus,</span> <span class='ocrx_word' id='word_1_372' title='bbox 2075 1547 2128 1594; x_wconf 92' lang='lat' dir='ltr'>in</span> <span class='ocrx_word' id='word_1_373' title='bbox 2162 1547 2384 1596; x_wconf 86' lang='lat' dir='ltr'>Thessa-</span> 
     </span>
     <span class='ocr_line' id='line_1_67' title="bbox 1441 1613 2381 1680; baseline 0.001 -16"><span class='ocrx_word' id='word_1_374' title='bbox 1441 1615 1534 1678; x_wconf 90' lang='lat' dir='ltr'>lia,</span> <span class='ocrx_word' id='word_1_375' title='bbox 1571 1614 1772 1675; x_wconf 73' lang='lat' dir='ltr'>Africa‚</span> <span class='ocrx_word' id='word_1_376' title='bbox 1791 1613 2074 1680; x_wconf 73' lang='lat' dir='ltr'>Hispania,</span> <span class='ocrx_word' id='word_1_377' title='bbox 2092 1615 2166 1664; x_wconf 86' lang='lat' dir='ltr'>lb.</span> <span class='ocrx_word' id='word_1_378' title='bbox 2189 1615 2275 1676; x_wconf 88' lang='lat'>30,</span> <span class='ocrx_word' id='word_1_379' title='bbox 2297 1617 2381 1666; x_wconf 87' lang='lat'>75.</span> 
     </span>
     <span class='ocr_line' id='line_1_68' title="bbox 1441 1682 2379 1749; baseline 0.006 -17"><span class='ocrx_word' id='word_1_380' title='bbox 1441 1711 1510 1720; x_wconf 93' lang='lat'>·—</span> <span class='ocrx_word' id='word_1_381' title='bbox 1548 1682 1730 1749; x_wconf 86' lang='lat' dir='ltr'>Sperat</span> <span class='ocrx_word' id='word_1_382' title='bbox 1764 1685 1942 1735; x_wconf 89' lang='lat' dir='ltr'>Cicero</span> <span class='ocrx_word' id='word_1_383' title='bbox 1983 1699 2031 1738; x_wconf 84' lang='lat' dir='ltr'>a.</span> <span class='ocrx_word' id='word_1_384' title='bbox 2076 1699 2129 1737; x_wconf 88' lang='lat' dir='ltr'>u.</span> <span class='ocrx_word' id='word_1_385' title='bbox 2180 1699 2221 1734; x_wconf 85' lang='lat' dir='ltr'>c.</span> <span class='ocrx_word' id='word_1_386' title='bbox 2257 1683 2379 1738; x_wconf 70' lang='lat'>708.</span> 
     </span>
     <span class='ocr_line' id='line_1_69' title="bbox 1443 1753 2383 1816; baseline -0.004 -12"><span class='ocrx_word' id='word_1_387' title='bbox 1443 1753 1646 1804; x_wconf 84' lang='lat' dir='ltr'>Caesari</span> <span class='ocrx_word' id='word_1_388' title='bbox 1671 1753 1778 1802; x_wconf 80' lang='lat' dir='ltr'>fore</span> <span class='ocrx_word' id='word_1_389' title='bbox 1801 1768 1954 1802; x_wconf 87' lang='lat' dir='ltr'>curae</span> <span class='ocrx_word' id='word_1_390' title='bbox 1973 1760 2023 1801; x_wconf 90' lang='lat' dir='ltr'>et</span> <span class='ocrx_word' id='word_1_391' title='bbox 2043 1767 2186 1816; x_wconf 88' lang='lat' dir='ltr'>esse,</span> <span class='ocrx_word' id='word_1_392' title='bbox 2215 1762 2269 1801; x_wconf 86' lang='lat' dir='ltr'>ut</span> <span class='ocrx_word' id='word_1_393' title='bbox 2287 1753 2383 1801; x_wconf 89' lang='lat' dir='ltr'>ha-</span> 
     </span>
     <span class='ocr_line' id='line_1_70' title="bbox 1439 1822 2381 1886; baseline 0.001 -15"><span class='ocrx_word' id='word_1_394' title='bbox 1439 1824 1589 1871; x_wconf 88' lang='lat' dir='ltr'>beant</span> <span class='ocrx_word' id='word_1_395' title='bbox 1628 1823 1766 1872; x_wconf 87' lang='lat' dir='ltr'>cives</span> <span class='ocrx_word' id='word_1_396' title='bbox 1805 1822 2030 1884; x_wconf 89' lang='lat' dir='ltr'>aliquam</span> <span class='ocrx_word' id='word_1_397' title='bbox 2067 1837 2175 1870; x_wconf 86' lang='lat' dir='ltr'>rem</span> <span class='ocrx_word' id='word_1_398' title='bbox 2213 1823 2381 1886; x_wconf 67' lang='lat' dir='ltr'>publ„</span> 
     </span>
     <span class='ocr_line' id='line_1_71' title="bbox 1441 1889 2378 1957; baseline 0.001 -17"><span class='ocrx_word' id='word_1_399' title='bbox 1441 1892 1507 1941; x_wconf 87' lang='lat' dir='ltr'>ad</span> <span class='ocrx_word' id='word_1_400' title='bbox 1527 1891 1650 1941; x_wconf 82' lang='lat' dir='ltr'>fam.</span> <span class='ocrx_word' id='word_1_401' title='bbox 1676 1889 1758 1954; x_wconf 84' lang='lat'>13,</span> <span class='ocrx_word' id='word_1_402' title='bbox 1785 1889 1871 1954; x_wconf 82' lang='lat'>68,</span> <span class='ocrx_word' id='word_1_403' title='bbox 1893 1892 1942 1941; x_wconf 91' lang='grc'>2.</span> <span class='ocrx_word' id='word_1_404' title='bbox 1984 1916 2052 1927; x_wconf 91' lang='grc'><strong>-</strong></span> <span class='ocrx_word' id='word_1_405' title='bbox 2087 1889 2161 1941; x_wconf 90' lang='lat' dir='ltr'>De</span> <span class='ocrx_word' id='word_1_406' title='bbox 2183 1905 2311 1957; x_wconf 79' lang='lat' dir='ltr'>pace</span> <span class='ocrx_word' id='word_1_407' title='bbox 2330 1906 2378 1941; x_wconf 88' lang='lat' dir='ltr'>a.</span> 
     </span>
     <span class='ocr_line' id='line_1_72' title="bbox 1443 1959 2382 2025; baseline 0.002 -18"><span class='ocrx_word' id='word_1_408' title='bbox 1443 1977 1492 2013; x_wconf 89' lang='lat' dir='ltr'>u.</span> <span class='ocrx_word' id='word_1_409' title='bbox 1515 1977 1561 2009; x_wconf 90' lang='lat' dir='ltr'>c.</span> <span class='ocrx_word' id='word_1_410' title='bbox 1589 1959 1709 2022; x_wconf 84' lang='lat'>709,</span> <span class='ocrx_word' id='word_1_411' title='bbox 1747 1960 1912 2021; x_wconf 81' lang='lat' dir='ltr'>facta,</span> <span class='ocrx_word' id='word_1_412' title='bbox 1949 1975 2014 2009; x_wconf 90' lang='lat' dir='ltr'>ne</span> <span class='ocrx_word' id='word_1_413' title='bbox 2044 1960 2144 2025; x_wconf 88' lang='lat' dir='ltr'>ipsi</span> <span class='ocrx_word' id='word_1_414' title='bbox 2175 1960 2382 2023; x_wconf 88' lang='lat' dir='ltr'>quidem</span> 
     </span>
     <span class='ocr_line' id='line_1_73' title="bbox 1441 2028 2385 2093; baseline -0.002 -16"><span class='ocrx_word' id='word_1_415' title='bbox 1441 2028 1646 2078; x_wconf 84' lang='lat' dir='ltr'>Caesari</span> <span class='ocrx_word' id='word_1_416' title='bbox 1687 2044 1750 2079; x_wconf 85' lang='lat' dir='ltr'>ex</span> <span class='ocrx_word' id='word_1_417' title='bbox 1793 2030 1931 2079; x_wconf 90' lang='lat' dir='ltr'>omni</span> <span class='ocrx_word' id='word_1_418' title='bbox 1974 2036 2119 2093; x_wconf 84' lang='lat' dir='ltr'>parte</span> <span class='ocrx_word' id='word_1_419' title='bbox 2155 2035 2385 2093; x_wconf 82' lang='lat' dir='ltr'>accepta,</span> 
     </span>
     <span class='ocr_line' id='line_1_74' title="bbox 1441 2096 2382 2158; baseline 0 -13"><span class='ocrx_word' id='word_1_420' title='bbox 1441 2099 1512 2147; x_wconf 91' lang='lat' dir='ltr'>lb.</span> <span class='ocrx_word' id='word_1_421' title='bbox 1563 2097 1657 2157; x_wconf 88' lang='grc'>12,</span> <span class='ocrx_word' id='word_1_422' title='bbox 1704 2098 1787 2158; x_wconf 88' lang='grc'>18,</span> <span class='ocrx_word' id='word_1_423' title='bbox 1826 2099 1878 2147; x_wconf 90' lang='grc'>2.</span> <span class='ocrx_word' id='word_1_424' title='bbox 1924 2124 1994 2133; x_wconf 93' lang='lat'>-—-</span> <span class='ocrx_word' id='word_1_425' title='bbox 2032 2096 2264 2149; x_wconf 88' lang='lat' dir='ltr'>Ciceroni</span> <span class='ocrx_word' id='word_1_426' title='bbox 2301 2099 2382 2145; x_wconf 91' lang='lat' dir='ltr'>iu-</span> 
     </span>
     <span class='ocr_line' id='line_1_75' title="bbox 1439 2166 2384 2230; baseline 0 -15"><span class='ocrx_word' id='word_1_427' title='bbox 1439 2167 1660 2215; x_wconf 88' lang='lat' dir='ltr'>dicatum</span> <span class='ocrx_word' id='word_1_428' title='bbox 1681 2175 1784 2230; x_wconf 88' lang='lat' dir='ltr'>est,</span> <span class='ocrx_word' id='word_1_429' title='bbox 1823 2168 1868 2215; x_wconf 88' lang='lat' dir='ltr'>si</span> <span class='ocrx_word' id='word_1_430' title='bbox 1892 2166 2043 2216; x_wconf 89' lang='lat' dir='ltr'>modo</span> <span class='ocrx_word' id='word_1_431' title='bbox 2076 2166 2173 2215; x_wconf 89' lang='lat' dir='ltr'>hoc</span> <span class='ocrx_word' id='word_1_432' title='bbox 2194 2168 2384 2217; x_wconf 86' lang='lat' dir='ltr'>Caesar</span> 
     </span>
     <span class='ocr_line' id='line_1_76' title="bbox 1439 2236 2382 2300; baseline 0.003 -17"><span class='ocrx_word' id='word_1_433' title='bbox 1439 2243 1524 2284; x_wconf 82' lang='lat' dir='ltr'>aut</span> <span class='ocrx_word' id='word_1_434' title='bbox 1555 2236 1779 2299; x_wconf 83' lang='lat' dir='ltr'>patietur</span> <span class='ocrx_word' id='word_1_435' title='bbox 1811 2243 1897 2285; x_wconf 84' lang='lat' dir='ltr'>aut</span> <span class='ocrx_word' id='word_1_436' title='bbox 1919 2236 2084 2294; x_wconf 86' lang='lat' dir='ltr'>volet,</span> <span class='ocrx_word' id='word_1_437' title='bbox 2123 2237 2382 2300; x_wconf 86' lang='lat' dir='ltr'>deponere</span> 
     </span>
     <span class='ocr_line' id='line_1_77' title="bbox 1438 2304 2382 2369; baseline 0.001 -17"><span class='ocrx_word' id='word_1_438' title='bbox 1438 2304 1581 2353; x_wconf 85' lang='lat' dir='ltr'>illam</span> <span class='ocrx_word' id='word_1_439' title='bbox 1623 2304 1724 2353; x_wconf 89' lang='lat' dir='ltr'>iarn</span> <span class='ocrx_word' id='word_1_440' title='bbox 1761 2319 2030 2369; x_wconf 88' lang='lat' dir='ltr'>personam</span> <span class='ocrx_word' id='word_1_441' title='bbox 2051 2341 2066 2368; x_wconf 93' lang='lat'>,</span> <span class='ocrx_word' id='word_1_442' title='bbox 2107 2306 2160 2354; x_wconf 89' lang='lat' dir='ltr'>in</span> <span class='ocrx_word' id='word_1_443' title='bbox 2187 2320 2289 2366; x_wconf 84' lang='lat' dir='ltr'>qua</span> <span class='ocrx_word' id='word_1_444' title='bbox 2323 2319 2382 2353; x_wconf 89' lang='lat' dir='ltr'>se</span> 
     </span>
     <span class='ocr_line' id='line_1_78' title="bbox 1439 2372 2382 2437; baseline 0.001 -16"><span class='ocrx_word' id='word_1_445' title='bbox 1439 2388 1597 2437; x_wconf 87' lang='lat' dir='ltr'>saepe</span> <span class='ocrx_word' id='word_1_446' title='bbox 1617 2372 1693 2421; x_wconf 89' lang='lat' dir='ltr'>illi</span> <span class='ocrx_word' id='word_1_447' title='bbox 1725 2373 1827 2437; x_wconf 90' lang='lat' dir='ltr'>ipsi</span> <span class='ocrx_word' id='word_1_448' title='bbox 1862 2374 2186 2437; x_wconf 87' lang='lat' dir='ltr'>probaverit,</span> <span class='ocrx_word' id='word_1_449' title='bbox 2221 2388 2282 2421; x_wconf 91' lang='lat' dir='ltr'>ac</span> <span class='ocrx_word' id='word_1_450' title='bbox 2323 2388 2382 2423; x_wconf 92' lang='lat' dir='ltr'>se</span> 
     </span>
     <span class='ocr_line' id='line_1_79' title="bbox 1438 2440 2380 2501; baseline 0.001 -12"><span class='ocrx_word' id='word_1_451' title='bbox 1438 2448 1599 2491; x_wconf 86' lang='lat' dir='ltr'>totum</span> <span class='ocrx_word' id='word_1_452' title='bbox 1629 2443 1682 2490; x_wconf 90' lang='lat' dir='ltr'>in</span> <span class='ocrx_word' id='word_1_453' title='bbox 1721 2440 1915 2493; x_wconf 83' lang='lat' dir='ltr'>litteras</span> <span class='ocrx_word' id='word_1_454' title='bbox 1961 2442 2170 2500; x_wconf 73' lang='lat' dir='ltr'>abdere,</span> <span class='ocrx_word' id='word_1_455' title='bbox 2212 2444 2286 2491; x_wconf 87' lang='lat' dir='ltr'>Ib.</span> <span class='ocrx_word' id='word_1_456' title='bbox 2327 2444 2380 2501; x_wconf 88' lang='lat'>7,</span> 
     </span>
     <span class='ocr_line' id='line_1_80' title="bbox 1435 2509 2382 2575; baseline -0.002 -14"><span class='ocrx_word' id='word_1_457' title='bbox 1435 2509 1534 2573; x_wconf 83' lang='lat'>33,</span> <span class='ocrx_word' id='word_1_458' title='bbox 1577 2511 1626 2559; x_wconf 80' lang='lat'>2.</span> <span class='ocrx_word' id='word_1_459' title='bbox 1683 2537 1752 2547; x_wconf 89' lang='lat'>—</span> <span class='ocrx_word' id='word_1_460' title='bbox 1808 2511 2067 2575; x_wconf 88' lang='lat' dir='ltr'>Epistolae</span> <span class='ocrx_word' id='word_1_461' title='bbox 2113 2510 2382 2559; x_wconf 85' lang='lat' dir='ltr'>Ciceronis</span> 
     </span>
     <span class='ocr_line' id='line_1_81' title="bbox 1437 2578 2377 2638; baseline -0.002 -10"><span class='ocrx_word' id='word_1_462' title='bbox 1437 2580 1501 2629; x_wconf 88' lang='lat' dir='ltr'>ad</span> <span class='ocrx_word' id='word_1_463' title='bbox 1550 2594 1663 2628; x_wconf 87' lang='lat' dir='ltr'>eum</span> <span class='ocrx_word' id='word_1_464' title='bbox 1721 2580 1908 2629; x_wconf 88' lang='lat' dir='ltr'>missae</span> <span class='ocrx_word' id='word_1_465' title='bbox 1949 2594 1996 2632; x_wconf 86' lang='lat' dir='ltr'>a.</span> <span class='ocrx_word' id='word_1_466' title='bbox 2043 2595 2095 2628; x_wconf 90' lang='lat' dir='ltr'>u.</span> <span class='ocrx_word' id='word_1_467' title='bbox 2145 2595 2187 2631; x_wconf 93' lang='lat' dir='ltr'>c.</span> <span class='ocrx_word' id='word_1_468' title='bbox 2231 2578 2377 2638; x_wconf 68' lang='lat'>709„</span> 
     </span>
     <span class='ocr_line' id='line_1_82' title="bbox 1433 2646 2381 2707; baseline -0.003 -9"><span class='ocrx_word' id='word_1_469' title='bbox 1433 2650 1504 2698; x_wconf 89' lang='lat' dir='ltr'>lb.</span> <span class='ocrx_word' id='word_1_470' title='bbox 1549 2646 1644 2707; x_wconf 85' lang='lat'>13,</span> <span class='ocrx_word' id='word_1_471' title='bbox 1684 2647 1748 2699; x_wconf 89' lang='grc'>15</span> <span class='ocrx_word' id='word_1_472' title='bbox 1785 2655 1833 2697; x_wconf 92' lang='lat' dir='ltr'>et</span> <span class='ocrx_word' id='word_1_473' title='bbox 1867 2648 1951 2701; x_wconf 92' lang='grc'>16.</span> <span class='ocrx_word' id='word_1_474' title='bbox 1999 2672 2064 2683; x_wconf 92' lang='grc'>--</span> <span class='ocrx_word' id='word_1_475' title='bbox 2104 2648 2381 2698; x_wconf 86' lang='lat' dir='ltr'>Caesarem</span> 
     </span>
     <span class='ocr_line' id='line_1_83' title="bbox 1432 2716 2380 2783; baseline -0.002 -17"><span class='ocrx_word' id='word_1_476' title='bbox 1432 2717 1640 2783; x_wconf 86' lang='lat' dir='ltr'>putabat</span> <span class='ocrx_word' id='word_1_477' title='bbox 1671 2716 1882 2766; x_wconf 87' lang='lat' dir='ltr'>moleste</span> <span class='ocrx_word' id='word_1_478' title='bbox 1911 2716 2126 2766; x_wconf 88' lang='lat' dir='ltr'>laturum</span> <span class='ocrx_word' id='word_1_479' title='bbox 2157 2724 2380 2765; x_wconf 90' lang='lat' dir='ltr'>mortem</span> 
     </span>
     <span class='ocr_line' id='line_1_84' title="bbox 1432 2782 2380 2846; baseline 0.001 -14"><span class='ocrx_word' id='word_1_480' title='bbox 1432 2786 1485 2835; x_wconf 88' lang='lat' dir='ltr'>P.</span> <span class='ocrx_word' id='word_1_481' title='bbox 1509 2782 1679 2834; x_wconf 89' lang='lat' dir='ltr'>Sullae</span> <span class='ocrx_word' id='word_1_482' title='bbox 1710 2800 1759 2839; x_wconf 89' lang='lat' dir='ltr'>a.</span> <span class='ocrx_word' id='word_1_483' title='bbox 1781 2802 1833 2834; x_wconf 93' lang='lat' dir='ltr'>u.</span> <span class='ocrx_word' id='word_1_484' title='bbox 1859 2802 1901 2835; x_wconf 87' lang='lat' dir='ltr'>c.</span> <span class='ocrx_word' id='word_1_485' title='bbox 1928 2783 2079 2846; x_wconf 64' lang='lat'>709„</span> <span class='ocrx_word' id='word_1_486' title='bbox 2115 2792 2380 2835; x_wconf 87' lang='lat' dir='ltr'>verentem</span> 
     </span>
     <span class='ocr_line' id='line_1_85' title="bbox 1432 2852 2378 2913; baseline 0.003 -12"><span class='ocrx_word' id='word_1_487' title='bbox 1432 2868 1495 2901; x_wconf 89' lang='lat' dir='ltr'>ne</span> <span class='ocrx_word' id='word_1_488' title='bbox 1569 2852 1718 2903; x_wconf 86' lang='lat' dir='ltr'>hasta</span> <span class='ocrx_word' id='word_1_489' title='bbox 1782 2853 2092 2911; x_wconf 79' lang='lat' dir='ltr'>refrixisset,</span> <span class='ocrx_word' id='word_1_490' title='bbox 2149 2854 2226 2908; x_wconf 82' lang='lat' dir='ltr'>Ib,</span> <span class='ocrx_word' id='word_1_491' title='bbox 2288 2854 2378 2913; x_wconf 84' lang='lat'>15,</span> 
     </span>
     <span class='ocr_line' id='line_1_86' title="bbox 1434 2921 2374 2983; baseline -0.001 -11"><span class='ocrx_word' id='word_1_492' title='bbox 1434 2922 1516 2981; x_wconf 90' lang='lat'>17,</span> <span class='ocrx_word' id='word_1_493' title='bbox 1551 2924 1601 2972; x_wconf 90' lang='grc'>2.</span> <span class='ocrx_word' id='word_1_494' title='bbox 1643 2950 1710 2958; x_wconf 92' lang='lat'>—-</span> <span class='ocrx_word' id='word_1_495' title='bbox 1757 2922 1810 2972; x_wconf 83' lang='lat' dir='ltr'>G.</span> <span class='ocrx_word' id='word_1_496' title='bbox 1840 2923 2048 2973; x_wconf 83' lang='lat' dir='ltr'>Cassius</span> <span class='ocrx_word' id='word_1_497' title='bbox 2093 2924 2168 2973; x_wconf 86' lang='lat' dir='ltr'>lb.</span> <span class='ocrx_word' id='word_1_498' title='bbox 2203 2922 2286 2983; x_wconf 88' lang='lat'>19,</span> <span class='ocrx_word' id='word_1_499' title='bbox 2322 2921 2374 2971; x_wconf 86' lang='lat'>3.</span> 
     </span>
     <span class='ocr_line' id='line_1_87' title="bbox 1429 2989 2376 3051; baseline -0.001 -12"><span class='ocrx_word' id='word_1_500' title='bbox 1429 2990 1493 3039; x_wconf 88' lang='lat' dir='ltr'>cl.</span> <span class='ocrx_word' id='word_1_501' title='bbox 1530 2991 1596 3039; x_wconf 86' lang='lat' dir='ltr'>ad</span> <span class='ocrx_word' id='word_1_502' title='bbox 1626 2991 1746 3041; x_wconf 80' lang='lat' dir='ltr'>fam.</span> <span class='ocrx_word' id='word_1_503' title='bbox 1779 2990 1830 3051; x_wconf 88' lang='grc'>9,</span> <span class='ocrx_word' id='word_1_504' title='bbox 1859 2989 1945 3051; x_wconf 93' lang='grc'>10,</span> <span class='ocrx_word' id='word_1_505' title='bbox 1988 2991 2040 3045; x_wconf 86' lang='grc'>3.</span> <span class='ocrx_word' id='word_1_506' title='bbox 2089 3017 2156 3027; x_wconf 88' lang='lat'>—-</span> <span class='ocrx_word' id='word_1_507' title='bbox 2199 2992 2376 3050; x_wconf 84' lang='lat' dir='ltr'>Qualis</span> 
     </span>
     <span class='ocr_line' id='line_1_88' title="bbox 1431 3058 2376 3124; baseline -0.001 -16"><span class='ocrx_word' id='word_1_508' title='bbox 1431 3060 1599 3110; x_wconf 83' lang='lat' dir='ltr'>futura</span> <span class='ocrx_word' id='word_1_509' title='bbox 1653 3061 1719 3110; x_wconf 89' lang='lat' dir='ltr'>sit</span> <span class='ocrx_word' id='word_1_510' title='bbox 1777 3058 2006 3109; x_wconf 85' lang='lat' dir='ltr'>Caesaris</span> <span class='ocrx_word' id='word_1_511' title='bbox 2059 3061 2376 3124; x_wconf 88' lang='lat' dir='ltr'>vituperatio</span> 
     </span>
     <span class='ocr_line' id='line_1_89' title="bbox 1431 3128 2375 3178; baseline -0.002 -1"><span class='ocrx_word' id='word_1_512' title='bbox 1431 3136 1606 3177; x_wconf 87' lang='lat' dir='ltr'>contra</span> <span class='ocrx_word' id='word_1_513' title='bbox 1642 3128 1980 3177; x_wconf 90' lang='lat' dir='ltr'>laudationem</span> <span class='ocrx_word' id='word_1_514' title='bbox 2017 3128 2222 3178; x_wconf 88' lang='lat' dir='ltr'>Catonis</span> <span class='ocrx_word' id='word_1_515' title='bbox 2259 3142 2290 3176; x_wconf 89' lang='lat' dir='ltr'>a</span> <span class='ocrx_word' id='word_1_516' title='bbox 2319 3143 2375 3175; x_wconf 89' lang='lat' dir='ltr'>se</span> 
     </span>
     <span class='ocr_line' id='line_1_90' title="bbox 1430 3194 2372 3263; baseline -0.001 -19"><span class='ocrx_word' id='word_1_517' title='bbox 1430 3197 1672 3261; x_wconf 86' lang='lat' dir='ltr'>scriptam</span> <span class='ocrx_word' id='word_1_518' title='bbox 1710 3198 2040 3263; x_wconf 84' lang='lat' dir='ltr'>perspexisse</span> <span class='ocrx_word' id='word_1_519' title='bbox 2081 3212 2139 3247; x_wconf 89' lang='lat' dir='ltr'>se</span> <span class='ocrx_word' id='word_1_520' title='bbox 2183 3198 2255 3245; x_wconf 86' lang='lat' dir='ltr'>ait</span> <span class='ocrx_word' id='word_1_521' title='bbox 2291 3194 2372 3243; x_wconf 89' lang='lat' dir='ltr'>Ci-</span> 
     </span>
     <span class='ocr_line' id='line_1_91' title="bbox 1431 3266 2370 3327; baseline -0.002 -13"><span class='ocrx_word' id='word_1_522' title='bbox 1431 3281 1546 3314; x_wconf 88' lang='lat' dir='ltr'>cero</span> <span class='ocrx_word' id='word_1_523' title='bbox 1576 3282 1641 3314; x_wconf 86' lang='lat' dir='ltr'>ex</span> <span class='ocrx_word' id='word_1_524' title='bbox 1684 3280 1744 3315; x_wconf 89' lang='lat' dir='ltr'>eo</span> <span class='ocrx_word' id='word_1_525' title='bbox 1783 3266 1942 3325; x_wconf 90' lang='lat' dir='ltr'>libro,</span> <span class='ocrx_word' id='word_1_526' title='bbox 1981 3281 2134 3327; x_wconf 89' lang='lat' dir='ltr'>quem</span> <span class='ocrx_word' id='word_1_527' title='bbox 2173 3266 2370 3313; x_wconf 88' lang='lat' dir='ltr'>Hirtius</span> 
     </span>
     <span class='ocr_line' id='line_1_92' title="bbox 1430 3333 2372 3397; baseline -0.002 -15"><span class='ocrx_word' id='word_1_528' title='bbox 1430 3334 1496 3382; x_wconf 91' lang='lat' dir='ltr'>ad</span> <span class='ocrx_word' id='word_1_529' title='bbox 1526 3350 1580 3383; x_wconf 88' lang='lat' dir='ltr'>se</span> <span class='ocrx_word' id='word_1_530' title='bbox 1621 3335 1965 3397; x_wconf 85' lang='lat' dir='ltr'>misisset,·in</span> <span class='ocrx_word' id='word_1_531' title='bbox 2006 3348 2105 3395; x_wconf 90' lang='lat' dir='ltr'>quo</span> <span class='ocrx_word' id='word_1_532' title='bbox 2146 3333 2372 3397; x_wconf 84' lang='lat' dir='ltr'>college-</span> 
     </span>
     <span class='ocr_line' id='line_1_93' title="bbox 1429 3402 2369 3465; baseline -0.001 -15"><span class='ocrx_word' id='word_1_533' title='bbox 1429 3404 1495 3465; x_wconf 85' lang='lat' dir='ltr'>rit</span> <span class='ocrx_word' id='word_1_534' title='bbox 1513 3403 1638 3451; x_wconf 86' lang='lat' dir='ltr'>vitia</span> <span class='ocrx_word' id='word_1_535' title='bbox 1661 3403 1890 3455; x_wconf 80' lang='lat' dir='ltr'>Catonis,</span> <span class='ocrx_word' id='word_1_536' title='bbox 1931 3403 2024 3451; x_wconf 89' lang='lat' dir='ltr'>sed</span> <span class='ocrx_word' id='word_1_537' title='bbox 2055 3418 2170 3451; x_wconf 91' lang='lat' dir='ltr'>cum</span> <span class='ocrx_word' id='word_1_538' title='bbox 2199 3402 2369 3451; x_wconf 82' lang='lat' dir='ltr'>maxi-</span> 
     </span>
     <span class='ocr_line' id='line_1_94' title="bbox 1429 3470 2370 3521; baseline -0.002 -3"><span class='ocrx_word' id='word_1_539' title='bbox 1429 3472 1528 3519; x_wconf 89' lang='lat' dir='ltr'>mis</span> <span class='ocrx_word' id='word_1_540' title='bbox 1569 3470 1806 3520; x_wconf 85' lang='lat' dir='ltr'>laudibus</span> <span class='ocrx_word' id='word_1_541' title='bbox 1847 3471 2106 3521; x_wconf 87' lang='lat' dir='ltr'>Ciceronis</span> <span class='ocrx_word' id='word_1_542' title='bbox 2138 3487 2186 3521; x_wconf 90' lang='lat' dir='ltr'>a.</span> <span class='ocrx_word' id='word_1_543' title='bbox 2223 3486 2275 3520; x_wconf 88' lang='lat' dir='ltr'>u.</span> <span class='ocrx_word' id='word_1_544' title='bbox 2321 3486 2370 3519; x_wconf 89' lang='lat' dir='ltr'>c.</span> 
     </span>
    </p>
   </div>
  </div>
 </body>
</html>
