2500 3850
235 1219 302 1269 C.
344 1218 524 1270 Iulius
566 1217 795 1270 Caesar.

252 155 366 218 186
454 209 461 213 .

316 325 614 385 Albucium,
653 325 716 374 de
741 322 829 376 off.
857 324 909 382 2,
943 324 1027 384 14,
1059 322 1141 374 50.
1180 349 1253 361 ·—-

312 395 371 442 Ei
414 393 729 442 consulatum
767 399 939 442 contra
982 392 1124 459 leges
1160 407 1250 456 pe-

309 463 432 511 tenti
460 463 517 515 P.
540 461 797 526 Sulpicius
835 462 1035 524 restitit,
1079 462 1142 511 de
1159 460 1251 509 ha-

312 546 451 594 rusp.
484 546 619 596 resp.
651 529 749 592 20,
773 531 857 581 43.
886 558 957 568 —
986 531 1107 580 Eius
1132 544 1251 579 con-

308 600 504 649 sulatus
516 601 693 664 petitio
710 601 1113 650 extraordinaria
1133 613 1249 648 con-

309 679 387 718 tra
414 668 581 735 legem
606 667 817 719 Villiam
848 667 1081 718 annalem
1114 683 1162 717 a.
1192 683 1244 719 u.

312 755 355 788 c.
384 737 533 801 666„
571 747 747 788 contra
774 753 923 801 quam
954 744 1165 802 egerunt
1182 736 1239 789 P.

312 809 561 870 Antistius
598 815 646 856 et
679 807 734 861 P.
756 805 1015 872 Sulpicius
1053 806 1244 854 tribuni

310 877 381 942 pl.
398 914 412 941 ‚
444 876 585 928 Brut.-
618 875 713 937 63,
740 876 862 929 226.
890 901 962 912 -—·
987 875 1244 926 Crudelis-

312 947 438 996 sime
476 945 771 995 interfectus
811 959 842 993 a
879 944 1060 1005 Cinna,
1098 943 1239 996 Brut.

307 1015 374 1066 89
392 1052 405 1074 ,
431 1012 552 1064 307.
600 1041 668 1051 —
713 1012 922 1064 Tuscul.
948 1015 980 1063 5
997 1050 1011 1074 ,
1047 1013 1129 1072 19,
1152 1012 1240 1062 55.

307 1098 398 1147 pro
429 1081 620 1132 Scauro
649 1081 708 1142 3,
740 1082 788 1130 2.
855 1083 888 1131 d
942 1091 1067 1134 orat.
1090 1081 1152 1142 3,
1188 1080 1239 1143 3,

309 1151 395 1219 19„-
420 1175 487 1188 —-
525 1153 599 1203 lb.
622 1149 846 1215 Philipp.
873 1098 957 1216 li,
978 1140 1030 1216 5,
1056 1146 1137 1202 11.

903 1220 1021 1274 Flos
1061 1219 1243 1270 aetatis

308 1291 417 1338 eius
454 1305 483 1338 a
521 1291 719 1340 Venere
776 1289 871 1338 orti
916 1289 967 1338 in
1005 1288 1245 1352 Bithynia

306 1358 703 1417 contaminatus,
743 1358 928 1424 fragm.
951 1372 1003 1423 p.
1033 1357 1149 1409 156.
1177 1358 1241 1409 cl.

305 1429 372 1477 ad
423 1428 548 1480 fam.
585 1427 651 1492 8,
695 1429 789 1492 15,
841 1429 891 1476 2.
920 1455 1011 1468 .-
1058 1427 1244 1477 Caesar

305 1498 441 1560 quod
475 1497 522 1546 ei
554 1511 653 1548 non
684 1497 993 1563 contigerat,
1022 1503 1076 1546 ut
1110 1502 1245 1545 esset

304 1567 502 1615 senatui
518 1573 666 1628 atque
680 1567 869 1630 optimo
882 1568 1062 1628 cuique
1076 1578 1241 1627 carus,

273 1681 279 1684 .
307 1649 507 1683 omnem
526 1635 629 1682 vim
649 1635 870 1698 ingenii,
899 1650 1027 1696 quae
1046 1648 1244 1684 summa

305 1703 403 1752 fuit
434 1703 485 1751 in
517 1702 639 1762 illo,
681 1705 734 1752 in
764 1703 1001 1768 populari
1036 1703 1243 1752 levitate

303 1772 653 1836 consumpsit,
688 1771 915 1836 Philipp.
952 1773 1003 1832 5,
1034 1770 1118 1831 18,
1150 1770 1235 1821 49.

300 1866 371 1876 -—
396 1841 442 1888 A
470 1838 782 1890 Catilinariis
810 1841 985 1890 mortis
1014 1854 1232 1904 poenam

300 1908 505 1971 Caesar,
522 1909 609 1974 qui
627 1911 881 1975 praetorio
903 1909 1016 1960 loco
1037 1917 1239 1960 senten-

301 1981 423 2028 tiam
459 1979 614 2040 dixit,
648 1980 886 2041 removit,
923 1986 1237 2029 caeterorum

302 2048 671 2113 suppliciorum
716 2064 893 2100 omnes
938 2048 1238 2097 acerbitates

300 2118 600 2181 amplexus,
650 2118 701 2165 in
751 2118 895 2167 Catil.
945 2118 1008 2175 4,
1062 2120 1123 2177 4,
1185 2118 1234 2165 7.

301 2186 367 2235 ad
402 2187 503 2235 Att.
523 2186 620 2248 12,
648 2187 735 2247 21,
766 2188 813 2236 1.
844 2212 913 2225 --
948 2187 1004 2235 P.
1029 2186 1238 2236 Clodius

301 2270 415 2303 cum
448 2262 588 2304 veste
605 2220 857 2305 ''muliebri
891 2254 1237 2319 deprehensus

301 2324 438 2373 domi
470 2323 527 2376 C.
551 2322 809 2389 Caesaris,
839 2339 995 2386 quum
1024 2340 1116 2390 pro
1144 2339 1237 2389 po-

298 2392 419 2458 pulo
434 2393 574 2443 fleret
593 2409 642 2444 a..
659 2410 709 2442 u.
730 2408 775 2443 e.
794 2392 936 2458 693„
962 2394 1030 2443 ad
1054 2394 1159 2445 Att.
1188 2392 1235 2453 1,

302 2463 384 2526 12,
412 2461 461 2514 3.
485 2489 552 2499 --
577 2462 705 2513 Hinc
727 2462 911 2513 Caesar
938 2460 1089 2512 uxori
1108 2476 1237 2510 nun-

298 2532 433 2581 cium
464 2534 685 2592 remisit,
719 2533 792 2581 Ib.
840 2532 888 2593 1,
935 2530 1015 2596 13,
1066 2531 1115 2584 3.
1170 2557 1238 2566 -··

296 2598 511 2664 Caesar,
546 2610 749 2665 praetor
787 2616 940 2661 quum
980 2606 1141 2659 esset,
1175 2598 1232 2657 Q.

298 2667 529 2716 Catulum
563 2684 627 2717 ex
656 2668 901 2717 inferiore
938 2668 1051 2719 loco
1085 2669 1237 2717 iussit

300 2736 491 2795 dicere,
520 2738 744 2786 Vettium
785 2737 1007 2786 indicem
1046 2738 1099 2786 in
1133 2736 1236 2787 Ro-

293 2811 401 2851 stra
422 2805 681 2869 produxit,
707 2805 773 2853 ad
797 2805 901 2854 Att.
931 2808 982 2865 ⁸2,
1001 2807 1089 2866 24,
1103 2804 1233 2856 3.-

295 2871 470 2921 Multis
490 2874 795 2922 ornamentis
814 2873 1059 2938 populum
1082 2873 1235 2924 Gadi-

293 2952 468 2991 tanum
497 2941 551 2995 C.
577 2940 789 3002 Caesar,
820 2958 975 3006 quum
1012 2949 1147 2991 esset
1180 2944 1231 2992 in

240 3032 245 3035 ·
294 3011 541 3074 Hispania
559 3018 779 3075 praetor,
806 3010 1008 3073 adfecit,
1032 3019 1233 3062 contro-

296 3080 487 3129 versias
508 3080 707 3131 sedavit
727 3087 842 3139 etc„
864 3095 954 3145 pro
966 3079 1126 3130 Balbo
1148 3080 1231 3140 19,

294 3148 381 3199 43.
411 3176 473 3185 -·
503 3149 688 3199 Caesar
708 3150 1025 3200 consulatum
1046 3150 1231 3214 petitu-

292 3233 381 3267 rus
430 3233 475 3266 a.
519 3235 568 3268 ιι.
607 3235 650 3269 c.
694 3219 815 3273 693.
884 3234 997 3269 cum
1038 3219 1229 3268 Luccio

295 3288 432 3335 coire
471 3302 562 3350 per
598 3290 801 3339 Arrium
842 3286 1129 3353 cogitabat,
1166 3302 1230 3337 ne

292 3354 361 3407 M.
392 3352 607 3406 Bibulus
635 3358 777 3408 fieret
798 3357 999 3418 consul,
1030 3358 1096 3406 ad
1124 3357 1226 3409 Ate.

296 3422 689 3483 1,17‚11.—
732 3427 799 3476 M.
832 3426 1008 3475 Cicero
1038 3425 1227 3491 cogitat

961 167 1021 215 c,
1038 138 1286 216 *nimus
1321 166 1609 214 CAESAR.

1394 322 1656 372 Caesarem
1675 357 1690 381 ‚
1728 323 1873 372 cuius
1890 327 1995 370 tum
2021 322 2158 370 venti
2181 320 2329 371 valde

1393 392 1600 441 secundi
1621 396 1791 451 erant,
1830 391 2041 439 reddere
2069 389 2331 440 meliorem

1393 476 1438 514 a.
1467 477 1518 512 ιι.
1541 476 1588 509 c.
1625 459 1775 517 694..
1816 459 1885 509 ad
1919 460 2026 513 Att.
2066 459 2130 518 2,
2174 458 2236 523 1,
2279 459 2330 512 6.

1391 529 1456 580 cl.
1500 529 1573 581 ib.
1614 530 1677 589 2,
1721 526 1755 578 3
1775 562 1789 586 ,
1835 527 1887 580 3.
1932 553 2002 564 -
2053 527 2107 577 C.
2146 527 2331 578 Caesar

1392 600 1557 664 primo
1577 611 1671 647 suo
1692 597 1958 646 consulatu
1977 611 2022 646 a.
2059 613 2112 649 ιι.
2137 613 2184 648 c.
2205 596 2329 648 695.

1392 669 1506 732 lege
1524 667 1725 732 agraria
1745 681 1924 730 agrum
1938 665 2330 716 Volaterranum

1321 782 1328 789 .
1388 744 1436 787 et
1455 737 1703 800 oppidum
1727 736 1862 785 omni
1888 734 2116 799 periculo
2138 737 2189 784 in
2215 750 2330 800 per-

1386 815 1596 871 petuum
1615 805 1872 862 liberavit,
1910 804 1977 853 ad
1999 804 2121 857 l'am.
2146 804 2242 867 13,
2279 805 2329 862 4,

1383 877 1434 925 2.
1469 899 1537 910 ——-
1577 875 1642 922 M.
1667 872 1842 923 Cicero
1879 888 2044 935 neque
2063 871 2151 926 Cn.
2174 873 2331 922 Pom-

1382 945 1499 1009 peio
1527 958 1692 1005 neque
1727 941 1779 991 C.
1803 941 2007 992 Caesari
2041 943 2110 990 ita
2147 943 2328 1002 credit,

1382 1020 1438 1063 ut
1459 1013 1736 1076 quidquam
1750 1012 1814 1062 de
1832 1025 1926 1060 sua
1945 1012 2329 1075 comparatione

1385 1083 1672 1143 deminuat,
1712 1095 1761 1130 a.
1793 1096 1842 1129 n.
1869 1097 1917 1132 c.
1937 1078 2058 1131 695.
2091 1080 2158 1129 ad
2178 1079 2238 1138 Q.
2265 1079 2330 1134 fr.

1387 1152 1412 1201 1
1433 1188 1446 1211 ,
1477 1149 1615 1210 2,5.
1651 1149 1700 1211 S.
1732 1149 1816 1199 15.
1853 1175 1924 1185 -
1967 1150 2021 1198 In
2063 1149 2330 1208 consulatu

1385 1221 1574 1270 Caesar
1619 1218 1939 1270 confirmavit
1975 1233 2222 1282 regnum,
2259 1218 2329 1267 de

1385 1304 1484 1352 quo
1514 1287 1697 1338 aedilis
1735 1289 2008 1352 cogitarat,
2053 1286 2238 1352 fragm.
2269 1301 2328 1352 p.

1383 1357 1504 1408 249.
1539 1381 1610 1394 -—
1639 1355 1825 1406 Caesar
1855 1357 1919 1412 L.
1950 1355 2208 1421 Calpurnii
2237 1371 2329 1420 ge-

1383 1443 1498 1484 ner,
1541 1428 1593 1475 in
1623 1426 1798 1477 Pison.
1823 1425 1915 1485 16,
1955 1424 2041 1476 37.
2077 1451 2150 1460 -
2187 1425 2329 1490 Lege

1387 1496 1618 1547 Caesaris
1659 1494 1841 1561 populi
1878 1494 2021 1544 liberi
2076 1494 2230 1558 plane
2275 1501 2328 1543 et

1385 1580 1507 1614 vere
1525 1570 1669 1614 erant
1689 1563 1862 1624 liberi,
1901 1563 1974 1613 lb.
1999 1563 2066 1612 cf.
2091 1563 2212 1612 ibid.
2237 1563 2323 1627 25,

1383 1633 1468 1683 59.
1495 1661 1561 1670 --
1597 1633 1739 1682 Tulit
1768 1631 1953 1682 Caesar
1982 1632 2208 1698 graviter
2245 1631 2327 1680 lu-

1383 1703 1463 1751 dis
1497 1701 1883 1766 Apollinaribus
1922 1716 2023 1752 non
2059 1701 2191 1760 sibi,
2231 1701 2328 1751 sed

1384 1772 1590 1822 Curioni
1615 1771 1720 1821 fllio
1739 1771 1986 1836 plausum·
2001 1785 2117 1820 esse
2137 1785 2185 1820 a.
2201 1785 2257 1822 u.
2276 1785 2322 1823 c.

1379 1839 1482 1891 695
1507 1877 1520 1900 ‚
1543 1839 1610 1891 aa
1627 1841 1730 1890 Aa.
1757 1841 1807 1900 2,
1836 1838 1918 1903 19,
1943 1838 1991 1889 3.
2023 1866 2094 1878 -
2127 1840 2182 1888 P.
2207 1837 2326 1889 010-
2376 1894 2390 1908 ‚

1384 1909 1551 1971 dium,
1589 1916 1800 1960 taetram
1823 1908 2025 1960 beluam
2043 1946 2058 1969 ,
2099 1909 2326 1977 vinctam

1382 1980 1646 2044 auspiciis,
1679 1980 2000 2029 constrictam
2032 1979 2205 2043 legum
2243 1992 2325 2026 sa-

1381 2063 1578 2098 crarum
1601 2049 1792 2099 catenis
1829 2048 1980 2097 solvit
2009 2048 2178 2096 subito
2209 2046 2326 2111 lege

1381 2119 1570 2167 curiata
1589 2117 1794 2177 consul,
1831 2132 1922 2181 pro
1947 2116 2114 2167 Sestio
2144 2115 2196 2176 7,
2236 2115 2322 2168 16.

1379 2185 1440 2235 cl.
1459 2186 1528 2236 ib.
1559 2187 1642 2248 17,
1674 2184 1760 2237 39.
1800 2188 1872 2235 lb.
1904 2186 1986 2247 18,
2009 2186 2096 2235 41.
2124 2212 2194 2223 -—
2219 2183 2323 2233 Neae

1379 2256 1536 2321 gabat
1562 2254 1748 2306 Caesar
1779 2270 1835 2305 se
1873 2256 2146 2319 quidquam
2175 2254 2240 2303 de
2263 2252 2321 2304 P.

1377 2322 1542 2374 Clodii
1571 2324 1844 2389 adoptione
1869 2324 2077 2384 tulisse,
2118 2324 2185 2373 ad
2211 2322 2322 2377 Att.

1378 2394 1426 2455 2,
1460 2394 1543 2457 12,
1573 2394 1624 2443 2.
1678 2420 1744 2430 -
1794 2393 1918 2442 Eius
1949 2393 2172 2441 rationes
2204 2406 2324 2440 cum

1377 2462 1432 2511 P.
1461 2461 1666 2525 Clodio,
1709 2463 1773 2512 de
1803 2462 1952 2512 domo
1980 2476 2076 2513 sua
2104 2460 2199 2527 15,
2252 2459 2324 2511 39

1379 2546 1492 2595 sqq.
1522 2558 1589 2567 —
1620 2530 1674 2581 C.
1703 2532 1890 2581 Caesar
1915 2545 2017 2581 nou
2045 2531 2226 2580 eadem
2257 2530 2324 2579 de

1378 2616 1431 2649 re
1468 2600 1677 2664 publica
1728 2602 1888 2649 sensit
1945 2614 2074 2663 quae
2122 2598 2322 2661 Cicero,

1378 2670 1470 2718 sed
1521 2675 1689 2718 tamen
1746 2684 1860 2718 eum
1911 2668 1997 2718 ille
2036 2668 2116 2717 sui
2157 2669 2322 2716 totius

1378 2736 1668 2787 consulatus
1723 2753 1997 2801 eorumque
2047 2736 2319 2797 honorum,

1376 2820 1502 2869 quos
1540 2822 1654 2855 cum
1696 2806 1940 2871 proximis
1977 2806 2322 2856 communica-

1373 2876 1477 2939 vit,
1517 2878 1713 2925 socinm
1752 2890 1866 2925 esse
1893 2876 2082 2934 voluit,
2118 2874 2320 2935 detulit,

1373 2945 1633 3005 invitavit,
1674 2946 1901 3010 rogavit,
1943 2944 1992 2993 in
2021 2944 2192 2993 Pison.
2231 2941 2320 3004 32,

1375 3014 1459 3064 79.
1490 3013 1556 3068 cl.
1581 3014 1648 3063 ib.
1669 3015 1719 3077 §-
1742 3012 1828 3066 80.
1855 3038 1924 3049 —
1952 3013 2139 3064 Caesar
2165 3012 2320 3061 Pom-

1375 3083 1546 3147 peium
1599 3097 1630 3131 a
1669 3082 1930 3133 Ciceronis
1973 3082 2320 3132 familiaritate

1375 3152 1608 3201 deiunxit
1635 3165 1683 3205 a.
1714 3166 1764 3201 u.
1785 3167 1829 3203 c.
1848 3149 1987 3217 695„
2015 3150 2243 3215 Philipp.
2265 3148 2316 3207 2,

1375 3219 1468 3282 10,
1493 3218 1582 3271 23.
1602 3246 1675 3257 -
1693 3220 1751 3274 C.
1775 3220 1979 3269 Caesari
2008 3219 2182 3284 potius
2223 3217 2316 3266 ali-

1371 3288 1496 3350 quid
1545 3289 1924 3339 concedendum
1965 3304 2024 3338 ac
2057 3288 2318 3337 remitten-

1368 3358 1490 3407 dum
1518 3357 1680 3407 fuisse
1723 3373 1873 3421 quam
1900 3357 1959 3406 P.
1987 3357 2224 3419 Vatinio,
2263 3356 2318 3403 in

1368 3427 1629 3475 Vatinium
1655 3425 1688 3477 6
1705 3463 1720 3488 ,
1753 3426 1838 3477 15.

1907 3453 1936 3491 ;
1968 3427 2098 3476 Eum
2125 3426 2182 3476 P.
2211 3426 2318 3474 Va·
2359 3442 2445 3453 --

2487 3139 2500 3181 ,4
