2500 3850
595 212 667 258 M.
697 209 992 256 TULLIUS
1016 211 1088 256 M.
1115 211 1176 256 F.
1197 211 1268 258 M.
1291 212 1355 258 N.
1384 209 1654 258 cronno.
2103 199 2228 259 419

221 367 268 416 in
293 366 550 416 Graeciam
581 367 830 430 proticisci
850 367 1054 432 cogitat,
1093 366 1159 414 ad

220 437 325 484 Att.
355 435 432 491 14.
455 437 504 494 7,
527 434 574 484 3.
596 462 668 472 —-
691 435 936 484 Antonius
960 434 1024 482 ad
1044 449 1158 482 eum

223 504 395 552 scribit
413 505 474 552 de
495 504 807 554 restitutione
829 502 951 554 Sex.
971 501 1154 560 Clodii,

223 574 302 620 cui
348 571 518 620 Cicero
572 587 629 622 se
679 572 881 622 facilem
930 572 1154 635 praebet,

221 643 294 688 lb.
319 641 401 699 14,
433 640 514 699 16,
535 639 588 690 6.
626 666 696 676 —
733 641 939 691 Antonii
980 641 1157 688 amici·

220 711 341 757 tiam
378 711 593 757 retinere
631 709 764 772 vult,
817 709 884 758 ad
909 707 1028 758 fam.
1069 695 1153 766 16,

221 777 305 836 23,
335 777 385 826 2.
420 802 492 814 -—-
528 776 720 826 Laudat
750 777 1058 827 Dolabellam
1090 777 1153 828 ob

221 847 539 894 severitatem
593 845 1047 895 animadversionis
1103 846 1154 892 iu

218 914 450 962 homiues
487 912 796 975 seditiosos,
838 915 914 963 Ib.
961 913 1030 974 9,
1071 913 1153 965 14.

223 982 287 1031 ad
318 981 420 1029 Att.
467 982 560 1042 14,
603 981 684 1040 18,
726 983 775 1032 1.
826 983 889 1032 ad
913 982 1032 1031 fam.
1070 981 1154 1041 12,

199 1051 274 1109 ·1,
308 1049 354 1100 1.
391 1077 456 1084 —
491 1049 686 1098 Laudat
706 1050 841 1099 Bruti
878 1052 1155 1099 orationem

217 1117 442 1168 habitam
493 1119 543 1166 in
586 1120 818 1168 contione
853 1118 1152 1182 Capitolina,

217 1186 283 1236 ad
302 1187 405 1237 Att.
447 1186 542 1246 12,
588 1187 614 1236 l
639 1187 696 1236 B.
723 1225 738 1248 ,
775 1189 827 1237 2.
864 1213 932 1223 -—
969 1186 1154 1236 Scribit

217 1253 528 1304 Dolabellam
551 1255 838 1305 decrevisse
853 1290 868 1318 ,
905 1265 959 1305 ut
979 1256 1152 1306 Cicero

221 1325 316 1372 sibi
339 1325 390 1370 in
411 1321 610 1388 Syriam
629 1323 758 1373 ituro
781 1325 977 1390 legatus
999 1333 1152 1383 esset,

222 1397 322 1454 qua
341 1391 590 1454 legatione
620 1391 800 1441 licebat
830 1395 876 1440 ei
895 1407 988 1456 per
1007 1393 1154 1454 quin-

221 1461 493 1522 quennium
527 1459 735 1522 abesse,
775 1462 847 1510 lb.
877 1460 955 1523 15,
994 1460 1076 1522 11,
1098 1463 1150 1512 4.

219 1555 286 1564 -—
307 1528 528 1591 Exponit
549 1529 670 1589 quid
693 1529 790 1577 sibi
811 1529 872 1577 de
895 1528 1155 1577 Octaviani

221 1595 387 1645 animo
410 1605 457 1644 et
476 1597 682 1659 ingenio
703 1597 948 1657 videatur,
979 1597 1055 1644 Ib.
1072 1596 1154 1657 15,

221 1665 305 1722 12,
339 1665 389 1712 2.
413 1691 478 1700 —
498 1663 684 1714 Scribit
715 1665 776 1714 de
808 1664 1054 1731 periculis
1081 1670 1156 1712 rei

220 1732 361 1796 publ.
403 1733 464 1780 ab
503 1732 722 1782 Antonio
759 1734 1154 1793 imminentibu5‚

220 1801 296 1852 Ib.
325 1801 403 1855 15,
427 1799 512 1863 20,
545 1801 589 1854 l.
611 1829 677 1838 -—
700 1802 903 1868 Cogitat
922 1803 973 1851 in
1002 1801 1155 1851 Grae-

220 1871 349 1919 ciam
394 1871 664 1935 navigare,
705 1873 778 1922 Ib.
830 1871 924 1934 15,
968 1871 1063 1934 20,
1103 1870 1153 1922 3.

219 1940 291 1989 Ib.
315 1938 398 1997 15,
417 1937 502 1998 21,
524 1938 574 1990 3.
612 1941 685 1990 1b.
710 1940 790 1998 15,
813 1942 898 1993 25.
945 1941 1010 1989 ad
1030 1940 1152 1989 fam.

219 2010 241 2055 1
257 2009 302 2069 1,
323 2008 408 2067 29,
431 2009 479 2060 1.
521 2010 589 2058 ad
609 2010 710 2058 Att.
729 2010 878 2071 16,1‚
901 2008 1048 2059 3.1b.
1071 2008 1153 2067 16,

215 2080 269 2137 4,
305 2079 358 2128 4.
398 2076 470 2128 lb.
496 2076 577 2135 16,
613 2078 679 2136 5,
707 2076 755 2127 3.
790 2106 855 2113 -—
894 2078 1020 2126 Illud
1059 2078 1155 2126 iter

217 2144 517 2207 ingreditur,
555 2146 622 2194 ad
641 2146 762 2194 fam.
782 2148 828 2206 7,
855 2146 935 2196 19.
959 2147 1022 2195 ad
1044 2148 1148 2200 Att.

220 2210 306 2269 16,
327 2212 378 2263 6.
404 2240 468 2249 —-
499 2212 674 2262 Subito
695 2222 862 2263 tamen
885 2216 1154 2264 revertitur

219 2281 428 2341 eiusque
486 2283 785 2331 reversionis
837 2297 1018 2331 causas
1065 2298 1152 2332 ex-

217 2349 388 2413 ponit,
421 2348 486 2399 ad
507 2348 608 2399 Att.
637 2348 718 2411 16,
753 2352 802 2408 7,
841 2350 888 2398 1.
929 2350 1147 2415 Philipp.

220 2418 282 2476 1,
320 2415 451 2477 3sq.
487 2444 552 2452 —
597 2418 734 2469 Prid.
761 2418 872 2465 Kal.
917 2417 1054 2482 Sept.
1097 2421 1152 2467 in

217 2486 390 2533 urbem
413 2484 577 2534 rediit.
641 2486 892 2534 Antonius
914 2502 1017 2537 cos,
1038 2488 1148 2541 Kal.

220 2553 365 2617 Sept.
379 2562 605 2603 senatum
625 2554 802 2603 habuit
815 2555 878 2603 de
896 2556 1154 2620 supplica-

218 2620 442 2670 tionibus
475 2620 673 2672 Caesari
718 2623 1072 2683 decernendis,
1106 2633 1154 2673 et

221 2690 510 2739 Ciceronem
573 2692 622 2739 in
690 2692 882 2740 curiam
935 2694 1150 2741 vocavit.

221 2758 316 2817 Qui
340 2774 490 2821 quum
515 2760 576 2809 de
605 2762 689 2809 via
709 2760 968 2825 langueret
987 2771 1034 2810 et
1053 2762 1153 2810 sibi

221 2826 529 2890 displiceret,
551 2830 690 2877 misit
710 2844 800 2891 pro
821 2830 1046 2879 amicitia
1065 2831 1151 2892 qui

217 2896 316 2943 hoc
337 2898 378 2944 ei
402 2896 604 2945 diceret.
672 2898 738 2945 At
759 2898 841 2946 ille
861 2914 975 2947 cum
997 2900 1151 2948 fabris

217 2972 484 3013 venturum
511 2966 720 3028 eiusque
740 2966 942 3016 domum
967 2968 1152 3017 distur-

217 3035 449 3083 baturum
481 3035 698 3085 minatus
736 3042 830 3085 est.
899 3036 1150 3086 Postridie

219 3100 394 3153 Cicero
431 3104 635 3153 absente
667 3104 881 3153 Antonio
915 3106 966 3153 in
997 3120 1146 3155 sena-

215 3184 322 3219 tum
363 3172 498 3220 venit
518 3208 532 3230 ‚
563 3172 838 3234 habuitque
871 3175 1147 3223 orationem

217 3239 554 3303 Philippicam
581 3242 826 3304 primam,
864 3242 914 3289 in
939 3256 1038 3303 qua
1060 3258 1148 3289 ex-

217 3308 402 3370 positis
430 3310 756 3368 profectionis
777 3318 823 3358 et
841 3311 1146 3358 revvrsionis

221 3376 386 3424 causis
423 3378 649 3439 gravitnr
686 3380 908 3439 qu=·ritur
937 3379 1000 3425 de
1042 3378 1145 3425 An-

219 3444 343 3493 tonii
373 3445 556 3493 iniuria
589 3448 847 3509 supeuiore
879 3447 960 3495 die
994 3445 1144 3509 facta,

1297 374 1403 414 tum
1426 363 1566 428 leges
1601 365 1709 414 eius
1736 365 2092 430 reprehendit,
2136 365 2227 414 de-

1296 435 1449 496 nique
1490 449 1603 482 eum
1651 439 1699 480 et
1735 432 1981 498 collegam
2018 435 2071 482 in
2108 449 2229 483 con-

1296 501 1463 551 sulatu
1511 501 1823 550 Dolabellam
1870 501 2127 566 hortatur,
2173 512 2229 550 ut

1297 570 1439 634 diligi
1464 584 1615 632 quam
1652 571 1806 620 metui
1837 585 1867 618 a
1893 572 2089 619 civibus
2122 585 2229 620 ma-

1295 638 1387 687 lint
1420 645 1469 686 et
1502 641 1571 686 rei
1609 638 1749 703 publ.
1780 639 1931 688 saluti
1954 647 2001 688 et
2032 638 2227 688 incolu-

1296 708 1459 755 mitati
1504 707 1779 758 consulant.
1830 708 2105 758 .Antonius
2154 709 2228 757 ira

1297 777 1534 824 incensus
1572 776 1861 825 inimicitias
1888 777 2112 825 Ciceroni
2140 775 2225 825 de·

1296 845 1550 892 nunciavit
1586 859 1800 906 eumque
1836 847 1887 894 in
1920 854 2096 892 senatu
2138 844 2228 893 ad-

1296 927 1408 962 esse
1428 913 1575 960 iussit
1594 928 1641 960 a.
1657 913 1709 961 d.
1726 913 1863 965 X111.
1887 912 1995 966 Kal.
2020 911 2222 964 Octobr.

1297 982 1412 1046 Ipse
1435 981 1594 1032 xvlt.
1614 981 1725 1030 dies
1757 983 1807 1030 in
1834 982 2093 1031 Tiburtino
2121 979 2227 1030 Sci-

1294 1051 1462 1114 pionis
1494 1049 1683 1098 Metelli
1718 1050 2061 1100 declamitavit
2082 1059 2131 1098 et
2151 1050 2226 1099 di-

1295 1125 1374 1167 cto
1404 1118 1489 1166 die
1522 1128 1701 1168 senatu
1735 1120 1786 1167 in
1806 1121 1981 1170 aedem
2012 1117 2227 1168 Concor-

1294 1188 1407 1236 diae
1435 1196 1611 1237 voeato
1629 1225 1642 1247 ,
1678 1189 1887 1238 absente
1910 1187 2150 1238 Cicerone
2174 1188 2227 1236 in

1294 1267 1421 1304 eum·
1494 1257 1871 1306 acerbissimam
1948 1257 2225 1307 orationem

1290 1323 1531 1383 habuit?
1552 1325 1615 1373 ad
1662 1324 1784 1377 fam.
1829 1325 1925 1388 12,
1971 1326 2033 1384 2,
2076 1325 2125 1373 1.
2166 1349 2223 1358 —

1291 1393 1421 1442 Huic
1442 1390 1613 1440 Cicero
1634 1391 2224 1458 opposuitPhilippicam

1294 1461 1595 1521 secundam,
1634 1474 1732 1509 non
1752 1460 1975 1511 habitam
2000 1460 2225 1522 quidem,

1294 1528 1384 1576 sed
1394 1536 1561 1577 tamen
1579 1530 1648 1578 ita
1666 1530 1925 1594 scriptam,
1946 1529 2095 1592 quasi
2113 1545 2223 1578 eam

1292 1606 1563 1662 praesente
1584 1598 1803 1647 Antonio
1822 1597 1960 1647 XIII.
1982 1597 2092 1646 Kal.
2120 1597 2226 1647 Oct.

1295 1667 1347 1713 in
1380 1673 1555 1715 senatu
1574 1665 1853 1716 habuisset.
1890 1693 1955 1702 ω-
1994 1665 2227 1724 Quen-itur

1296 1733 1470 1784 Cicero
1491 1736 1765 1784 Antonium
1797 1735 2019 1786 furorem
2040 1737 2089 1782 in
2115 1735 2229 1785 dies

1294 1817 1498 1868 augere,
1539 1805 1614 1853 Ib.
1660 1804 1739 1866 12,
1770 1803 1821 1856 3.
1857 1804 1903 1854 1.
1933 1829 2005 1842 ——-
2049 1804 2225 1852 Narrat

1294 1873 1412 1934 quid
1436 1870 1739 1921 Octavianus
1772 1889 1801 1922 a
1843 1887 1899 1922 se
1928 1873 2223 1938 postulave-

1293 1942 1377 2000 rit,
1399 1942 1464 1991 ad
1483 1940 1586 1993 Att.
1613 1941 1695 2001 16,
1717 1942 1767 1993 8.
1791 1968 1858 1979 —-
1891 1942 2227 1991 proficiscitur

1295 2010 1647 2072 Arpinum,lb.
1677 2010 1761 2073 16,
1778 2010 1863 2063 10.
1876 2036 1947 2047 ·-
1963 2010 2223 2059 Caeterum

1290 2075 1388 2126 hoc
1415 2093 1545 2127 anno
1582 2080 1791 2144 scripsit
1828 2088 1931 2129 tres
1972 2078 2129 2139 libros
2160 2080 2225 2129 de

1293 2154 1471 2195 natura
1505 2148 1711 2196 deorum
1734 2185 1747 2209 ,
1796 2148 1899 2197 duo
1933 2149 1997 2199 de
2026 2149 2225 2198 divina—

1290 2218 1445 2273 tione,
1476 2215 1659 2265 librum
1678 2216 1741 2266 de
1760 2226 2029 2277 senectute,
2055 2219 2225 2283 topica

1292 2284 1357 2331 ad
1375 2284 1662 2350 Trebatium
1678 2321 1693 2347 ‚
1724 2285 1879 2335 libros
1902 2293 2003 2335 tres
2022 2286 2084 2334 de
2114 2285 2225 2334 offi.

1292 2353 1403 2403 ciis.
1443 2378 1506 2387 —
1552 2356 1615 2401 A.
1650 2354 1699 2402 d.
1722 2354 1862 2405 XIV.
1897 2354 2006 2403 Kal.
2034 2356 2139 2402 Ian.
2174 2356 2225 2401 in

1292 2429 1468 2469 senatu
1488 2420 1661 2469 Cicero
1683 2422 1981 2470 sententiam
2017 2424 2227 2485 rogatus

1293 2488 1519 2551 censuit,
1556 2497 1611 2537 ut
1630 2489 1922 2539 consulibus
1944 2490 2225 2553 designatis

1292 2556 1454 2605 Hirtio
1486 2567 1533 2604 ct
1563 2556 1757 2606 Pansae
1788 2558 2103 2621 praesidium
2136 2559 2224 2606 de-

1294 2634 1610 2687 cerneretur,
1659 2633 1715 2674 ut
1758 2640 1887 2687 quae
1918 2626 2225 2675 Octavianus

1295 2692 1479 2742 Caesar
1514 2694 1703 2757 egisset
1752 2694 1955 2757 publica
2003 2696 2222 2743 auctori-

1290 2768 1391 2810 tate
1436 2763 1871 2824 confirmarentur,
1924 2771 1977 2811 ut
2014 2764 2219 2821 milites,

1290 2832 1376 2891 qui
1436 2831 1497 2878 ab
1550 2832 1769 2880 Antonio
1828 2833 1895 2881 ad
1954 2831 2219 2881 Caesarem

1288 2900 1600 2953 transissent.
1615 2901 1850 2963 praemiis
1870 2900 2221 2959 adficerentur,

1288 2974 1335 3016 et
1375 2976 1431 3016 ut
1466 2968 1527 3017 D.
1563 2968 1747 3017 Brutus
1785 2970 2067 3029 caeterique
2096 2983 2219 3031 pro·

1287 3037 1481 3085 vincias
1500 3050 1619 3085 suas
1636 3038 1921 3098 retinerent,
1934 3052 2093 3099 neque
2112 3036 2219 3084 cui·

1290 3120 1442 3167 quam
1454 3104 1824 3163 traderent,nisi
1838 3106 1999 3167 quiex
2016 3112 2221 3153 senatus

1288 3172 1515 3221 consulto
1546 3174 1893 3221 successisset.
1948 3174 2085 3222 Hanc
2104 3187 2219 3223 sen-

1288 3242 1495 3289 tentiam
1511 3240 1685 3289 Cicero
1708 3242 1999 3305 complexus
2022 3250 2235 3291 estora--.

1286 3309 1423 3357 tione
1454 3308 1741 3373 Philippica
1774 3312 1947 3367 tertia,
1982 3310 2218 3371 factoque

1288 3386 1493 3427 senatus
1528 3378 1753 3427 consulto
1788 3380 1839 3427 iu
1876 3380 1985 3427 eius
2014 3390 2217 3428 senten-

1284 3446 1407 3494 tiam
1432 3447 1622 3511 prodiit
1641 3448 1691 3495 in
1716 3450 1997 3498 contionem
2019 3448 2206 3499 habuitv

1711 3516 1812 3566 27*
