2500 3850
197 209 321 273 406

267 381 372 429 scio
395 378 526 428 dicta
551 381 745 428 tantum
775 375 1209 426 commentationis

265 447 466 508 habuit,
511 452 569 495 ut
605 460 705 495 non
737 445 842 494 ulla
878 452 1044 504 esset,
1082 459 1210 506 quae

269 531 368 566 non
399 517 556 582 digna
578 531 671 566 suo
697 514 980 580 patrocinio
1009 514 1212 563 videre-

265 597 376 648 tur,
415 585 712 651 praesertim
750 599 904 647 quum
945 583 992 632 ei
1031 582 1211 632 subve-

267 656 456 716 nisset,
490 656 576 717 qui
602 654 661 706 L.
697 651 869 702 Sullae
905 651 1211 702 dominantis

267 724 450 790 opibus
521 723 874 773 circumveniri
937 722 1212 786 urgerique

270 795 552 858 videretur,
583 793 719 842 Brut.
753 791 851 853 90,
882 789 1000 840 312.
1045 789 1108 842 cl.
1148 789 1210 838 de

268 864 354 912 off.
378 865 408 911 2
425 901 438 924 ‚
463 864 553 920 14,
575 861 658 912 51.
679 888 751 897 —
773 859 964 910 Eodem
986 867 1212 924 tempore

269 930 459 982 Moloni
497 932 638 981 dedit
679 945 902 994 operam.
957 929 1212 978 Dictatore

267 1002 404 1050 enim
443 999 586 1050 Sulla
627 999 824 1065 legatus
865 999 932 1048 ad
981 1005 1210 1048 senatum
1267 1040 1275 1052 ,

267 1072 332 1121 de
358 1069 669 1120 Rhodiorum
705 1068 948 1133 praemiis
990 1075 1209 1129 venerat,
1237 1106 1243 1111 .

268 1141 408 1190 Brut.
431 1137 516 1200 90,
539 1137 660 1189 312.
679 1136 861 1184 —Hoc
883 1151 1012 1184 anno
1035 1136 1210 1184 defen-

269 1210 408 1259 disse
437 1208 638 1257 videtur
673 1208 824 1256 etiam
851 1206 1104 1254 Varenum
1141 1207 1210 1254 si-

265 1278 487 1340 carium,
525 1277 613 1339 qui
646 1281 813 1326 tamen
847 1274 1212 1324 condemnatus

267 1354 346 1398 est
362 1385 376 1407 ‚
405 1346 591 1410 fragm.
613 1361 665 1412 p.
687 1344 789 1396 243
811 1359 923 1408 sqq.
945 1370 1014 1380 --
1036 1343 1112 1394 Ea
1129 1359 1213 1393 ae·

266 1425 368 1466 tate
403 1417 606 1466 videtur
631 1414 805 1465 Cicero
841 1421 894 1464 et
924 1414 1214 1464 Terentiam

269 1499 478 1536 uxorem
525 1485 762 1545 duxisse,
809 1493 859 1534 et
899 1482 1057 1533 altera
1097 1482 1213 1532 rhe-

266 1556 426 1604 torica
469 1553 778 1613 confecisse,
829 1567 980 1616 quem
1028 1552 1212 1602 librum

227 1620 232 1624 ’
265 1624 364 1674 sibi
383 1625 454 1672 ait
477 1622 851 1673 adolescentulo
874 1637 941 1672 ex
961 1635 1212 1672 commen-

269 1691 465 1744 tariolis
489 1692 594 1740 suis
625 1691 917 1741 inchoatum
946 1706 1005 1741 ac
1037 1690 1213 1739 rudem

269 1760 554 1818 excidisse,
575 1760 638 1810 de
664 1767 786 1810 orat.
815 1759 842 1811 1
859 1795 874 1820 ‚
902 1761 935 1810 2
952 1796 965 1820 ,
985 1761 1034 1811 5.
1074 1757 1209 1808 conf.

269 1845 400 1893 quae
421 1829 645 1880 diximus
665 1830 729 1879 ad
750 1843 795 1877 a.
819 1844 870 1882 u.
895 1844 938 1877 c.
960 1825 1080 1878 668.

341 1899 404 1948 A.
429 1913 476 1947 u.
503 1914 546 1948 c.
572 1896 693 1949 675.
716 1906 814 1948 aet.
839 1896 1076 1949 XXVIII.
1118 1899 1212 1945 Ar-

268 1971 461 2019 retinae
482 1967 712 2017 mulieris
735 1968 1013 2017 libertatem
1038 1966 1213 2017 defen-

271 2039 347 2088 dit
367 2052 576 2101 eamque
596 2046 801 2087 causant
823 2043 998 2087 contra
1019 2035 1210 2085 Cottam

269 2107 526 2157 hominem
555 2106 944 2157 disertissimum
975 2105 1208 2158 obtinuit.

268 2176 556 2226 Decemviri
573 2190 686 2224 eum
707 2176 874 2239 prima
897 2176 1092 2224 actione
1111 2188 1214 2222 non

269 2246 648 2305 iudicaverunt,
687 2251 862 2308 postea
895 2258 951 2293 re
986 2244 1214 2305 quaesita

270 2320 320 2363 et
347 2314 626 2364 deliberata
661 2320 1034 2364 sacramentum
1063 2327 1213 2363 suum

271 2384 459 2433 iustum
481 2384 858 2444 iudicaverunt,
879 2389 1029 2446 atque
1046 2381 1146 2432 hoc
1165 2388 1213 2430 et

270 2462 446 2503 contra
475 2454 672 2503 dicente
692 2452 834 2503 Cotta
853 2460 902 2503 et
931 2450 1071 2501 Sulla
1094 2453 1212 2501 vivo

272 2523 548 2573 iudicatum
571 2531 672 2589 est,
705 2538 797 2588 pro
825 2522 972 2575 Caec.
995 2520 1093 2583 33,
1125 2520 1211 2572 97.

267 2618 340 2629 —
369 2592 440 2642 Eo
475 2600 700 2658 tempore
725 2608 881 2655 quum
911 2601 1044 2643 esset
1076 2592 1215 2641 bien·

270 2662 409 2710 nium
441 2671 672 2711 versatus
700 2663 752 2710 in
783 2664 948 2711 causis
970 2668 1015 2710 et
1041 2662 1214 2710 iamin

271 2729 382 2779 foro
403 2730 709 2779 celebratum
731 2732 837 2780 eius
859 2743 1041 2779 nomen
1061 2737 1212 2790 esset,

269 2800 590 2861 potissimum
617 2796 922 2846 valetudinis
942 2810 1121 2853 causa,
1150 2811 1214 2846 ne

271 2868 551 2915 contentius
583 2864 797 2914 dicendo
837 2871 885 2913 et
921 2863 1093 2913 labore
1125 2866 1212 2915 de-

270 2934 555 2984 fensionum
574 2934 708 2981 vitae
728 2932 1009 2997 periculum
1030 2934 1210 2997 adiret,

270 3004 430 3053 Roma
441 3010 514 3051 est
526 3000 800 3065 profectus,
817 3000 980 3061 Quum
995 3005 1214 3054 venisset

273 3070 526 3133 Athenas,
554 3085 644 3121 sex
673 3086 873 3123 menses
898 3088 1010 3122 cum
1031 3074 1211 3124 Antio·

269 3140 393 3205 cho,
415 3140 596 3191 veteris
617 3142 925 3193 Academiae
948 3143 1208 3194 nobilissi-

271 3224 352 3259 mo
387 3216 435 3259 et
457 3209 847 3273 prudentissimo
879 3211 1207 3278 philosopho,

269 3279 396 3335 fuit,
468 3280 791 3341 studiumque
851 3281 1209 3346 philosophiae

270 3360 541 3407 numquam
579 3347 917 3397 intermissum
955 3365 986 3399 a
1021 3350 1210 3413 prima-

273 3428 370 3471 que
405 3413 738 3465 adolescentia
772 3418 960 3467 cultum
997 3426 1046 3467 et
1077 3432 1209 3467 sem-

273 3496 301 3540 p
311 3494 361 3526 er
409 3488 611 3531 auctum
657 3484 752 3533 hoc
787 3499 962 3535 rursus
1009 3500 1208 3535 summo

711 221 781 264 M.
809 218 1102 266 TULLIUS
1137 219 1209 265 M.
1235 219 1298 264 F.
1324 219 1397 266 M.
1422 220 1488 264 N.
1516 216 1785 264 CICERO.

1350 384 1554 424 auctore
1576 385 1623 422 et
1654 373 1860 424 doctore
1888 374 2177 424 renovavit.
2209 375 2312 425 Eo-

1352 445 1465 494 dem
1491 452 1655 492 tamen
1675 448 1905 507 tempore
1928 442 2149 494 Athenis
2168 445 2312 510 apud

1350 513 1661 562 Demetrium
1674 510 1879 575 Syrum,
1893 518 2123 562 veterem
2140 521 2193 563 et
2206 529 2311 564 non

1352 581 1627 648 ignobilem
1646 581 1849 630 dicendi
1861 581 2185 646 magistrum,
2199 590 2313 632 stu-

1353 653 1496 701 diose
1516 650 1741 700 exerceri
1772 649 1998 710 solebat,
2031 651 2179 703 Brut.
2217 649 2310 711 91,

1352 719 1651 772 313—315.
1694 745 1766 755 --
1807 718 2025 769 Athenis
2064 720 2311 769 audiebat

1354 791 1503 840 etiam
1529 791 1780 840 Zenonem
1805 796 1855 838 et
1869 788 2163 838 Phaedrum
2183 789 2309 853 Epi-

1352 860 1521 909 curios
1537 897 1551 918 ,
1594 874 1693 921 quo
1734 859 1898 923 magis
1940 857 2075 906 hanc
2116 857 2309 908 doctri-

1353 944 1468 978 nam
1490 929 1801 994 perciperet,
1829 929 2017 992 partim
2041 927 2196 976 etiam
2216 929 2308 976 At-

1354 1000 1441 1048 tici
1468 999 1549 1047 sui
1572 998 1753 1062 gratia.
1789 997 1917 1046 Nam
1939 996 2130 1055 ibidem
2152 997 2309 1046 simul

1356 1075 1495 1116 erant
1534 1065 1588 1124 Q.
1627 1066 1783 1117 frater
1814 1075 1863 1115 et
1892 1065 1954 1116 T.
1987 1067 2308 1129 Pomponius

1356 1146 1403 1186 et
1430 1137 1489 1186 L.
1518 1136 1705 1186 Cicero
1732 1135 1891 1184 frater
1922 1135 2203 1199 patruelis,
2246 1135 2308 1184 de

1352 1206 1435 1254 fin.
1466 1206 1519 1266 1,
1546 1206 1595 1265 5,
1627 1205 1709 1256 16.
1756 1203 1820 1262 5,
1849 1204 1907 1262 1,
1941 1204 1987 1254 1.
2013 1204 2308 1255 —Ibidem

1358 1285 1405 1323 et
1424 1275 1535 1339 ipse
1546 1284 1595 1324 et
1608 1274 1805 1322 Atticus
1818 1273 2096 1322 Eleusiniis
2114 1281 2308 1339 myste-

1354 1346 1443 1393 riis
1466 1343 1649 1392 initiati
1666 1349 1801 1402 sunt,
1823 1343 1887 1392 de
1905 1342 2004 1406 leg.
2031 1344 2081 1406 2,
2109 1343 2196 1402 14,
2218 1341 2303 1392 36.

1356 1441 1419 1448 —
1445 1412 1562 1462 Post
1582 1428 1613 1462 a
1638 1411 1883 1462 Cicerone
1907 1412 2035 1460 Asia
2060 1420 2173 1460 tota
2194 1427 2308 1476 per-

1356 1490 1534 1548 agrata
1573 1489 1649 1531 est
1689 1497 1801 1550 cum
1838 1481 2055 1530 summis
2098 1481 2307 1543 quidem

1356 1551 1669 1610 oratoribus,
1703 1551 2007 1613 quibuscum
2036 1549 2309 1600 exerceba-

1354 1630 1438 1670 tur
1458 1621 1587 1685 ipsis
1604 1619 1897 1670 lubentibus
1913 1657 1928 1680 ,
1959 1634 2177 1682 quorum
2200 1627 2305 1668 erat

1352 1691 1591 1755 princeps
1616 1689 1888 1754 Menippus
1912 1687 2304 1738 Stratonicensis

1354 1766 1460 1809 tota
1492 1761 1616 1807 Asia
1658 1759 1759 1807 illis
1796 1759 2113 1822 temporibus
2145 1759 2305 1808 diser-

1352 1829 1600 1878 tissimus.
1695 1827 2079 1877 Adsiduissime
2134 1837 2300 1877 autem

1355 1913 1468 1948 cum
1512 1911 1571 1947 eo
1610 1895 1705 1946 fuit
1744 1897 2021 1962 Dionysius
2066 1896 2296 1963 Magum,

1354 1969 1504 2017 etiam
1544 1965 1829 2032 Aeschylus
1867 1966 2104 2027 CnidiuS,
2140 1967 2300 2015 Adra-

1354 2045 1603 2103 myttenus
1655 2034 1925 2087 Xenocles,
1986 2035 2047 2084 Hi
2092 2044 2199 2083 tum
2250 2037 2299 2082 in

1352 2107 1476 2157 Asia
1498 2104 1755 2154 rhetorum
1780 2106 2039 2170 principes
2071 2119 2299 2153 numera-

1357 2176 1553 2224 bantur.
1632 2174 1825 2233 Quibus
1883 2189 1981 2224 non
2038 2181 2297 2223 contentus

1354 2244 1587 2293 Rhodum
1610 2244 1745 2293 venit
1768 2258 1925 2305 seque
1948 2242 2015 2292 ad
2044 2244 2295 2302 eumdem,

1357 2328 1504 2375 quem
1524 2314 1716 2362 Romae
1735 2312 2025 2372 audiverat,
2047 2311 2295 2361 Molonem

1354 2382 1647 2448 applicavit,
1672 2396 1827 2444 quum
1849 2390 2072 2431 actorem
2094 2383 2147 2431 in
2166 2382 2297 2429 veris

1356 2452 1523 2502 causis
1582 2451 1986 2515 scriptoremque
2042 2460 2298 2515 praestan-

1354 2530 1455 2573 tem
1493 2530 1599 2569 tum
1636 2519 1688 2569 in
1710 2520 1947 2570 notandis
1982 2520 2297 2569 animadver-

1355 2592 1619 2654 tendisque
1641 2590 1776 2639 vitiis
1798 2597 1845 2639 et
1876 2590 2185 2639 instituendo
2212 2588 2296 2637 do·

1356 2660 1614 2722 cendoque
1634 2659 2103 2724 prudentissimum.
2140 2659 2189 2706 Is
2214 2658 2296 2707 dc-

1360 2731 1431 2779 dit
1448 2744 1673 2793 operam,
1692 2737 1746 2777 ut
1760 2729 1911 2777 nimis
1931 2727 2296 2777 redundantem

1356 2808 1404 2849 ct
1422 2798 1814 2863 superfluentem
1841 2797 2050 2847 iuvenili
2082 2796 2300 2859 quadani

1358 2868 1557 2918 dicendi
1581 2868 1883 2931 impunitate
1916 2873 1966 2915 et
1994 2865 2198 2915 licentia
2222 2880 2298 2912 re·

1356 2938 1595 3001 primeret
1623 2946 1671 2987 et
1700 2936 1848 2999 quasi
1868 2942 2014 2983 extra
2032 2936 2175 2999 ripas
2198 2934 2297 2983 dif-

1356 3008 1590 3057 fluentem
1614 3008 1891 3066 coerceret,
1915 3004 2052 3053 Brut.
2084 3002 2170 3062 91,
2198 3002 2295 3053 315

1354 3090 1466 3139 sqq.
1485 3102 1547 3111 -
1570 3074 1644 3123 Ibi
1666 3075 1815 3123 etiarn
1836 3072 2163 3122 Posidonium
2184 3070 2299 3135 phi-

1352 3144 1623 3210 losophum
1648 3144 1867 3205 audivit,
1901 3157 2052 3204 quem
2075 3140 2297 3191 familia·

1350 3230 1454 3263 rem
1476 3228 1625 3263 suum
1652 3220 1799 3263 vocat
1819 3213 1881 3261 de
1904 3210 1991 3259 fin.
2017 3211 2045 3259 ,1
2063 3248 2077 3274 ,
2103 3211 2152 3269 2,
2174 3209 2226 3259 6.
2248 3216 2296 3257 et

1351 3284 1651 3348 magistrum
1673 3282 1734 3331 de
1756 3281 1858 3330 fato
1886 3279 1948 3339 3,
1976 3280 2027 3331 5.
2068 3278 2135 3331 cl.
2159 3279 2221 3328 dc
2242 3294 2290 3325 n.

1350 3351 1402 3403 d.
1429 3351 1478 3411 1,
1498 3350 1551 3413 3,
1577 3350 1628 3403 6.

1417 3418 1629 3468 Biennio
1658 3428 1773 3484 post
1804 3434 1849 3467 a.
1875 3434 1925 3467 u.
1958 3434 2001 3466 c.
2037 3416 2158 3467 677.
2192 3425 2292 3466 aet.

1348 3486 1511 3536 XXX.
1570 3489 1759 3550 recepit
1820 3502 1878 3535 se
1922 3487 2137 3537 Romam
2195 3498 2295 3532 nou
