2500 3850
962 186 1371 236 ACHRADINA
1407 211 1480 220 -
1507 187 1916 235 AEGIALEUS.
2444 175 2500 254 32!

403 339 754 406 Achradina,
783 341 942 392 altera
974 341 1095 392 urbs
1123 341 1411 406 Syracusis„

474 413 627 461 Verr.
682 413 919 462 Accusat.
956 412 1016 470 4,
1058 408 1148 470 53,
1192 410 1310 463 119.
1344 437 1411 447 -

475 479 800 530 Achradinae
830 487 1004 544 portae
1029 477 1408 544 Syracusarum,

472 548 681 602 Tuscul.
705 550 756 609 5,
778 546 864 606 23,
887 547 972 599 65.

397 613 645 667 Acidini.
691 632 744 666 v.
765 613 964 666 Manlii
985 613 1227 666 Acidini.

401 681 588 735 Acilia
607 685 710 744 lex,
725 693 824 739 act.
847 686 899 734 in
918 686 972 734 C.
989 687 1134 736 Verr.
1154 686 1202 745 1,
1221 685 1303 746 17,
1321 685 1403 736 51.

473 755 716 804 Accusat.
741 755 790 815 1,
811 752 863 814 9,
891 754 978 806 26.

398 821 464 872 L.
487 819 707 872 Acilius
726 859 742 885 ,
763 837 859 871 non
882 823 940 870 L.
965 821 1174 882 Atilius,
1206 821 1270 873 de
1302 821 1404 888 leg.

471 893 524 950 2,
545 889 630 951 23,
654 891 742 944 59.
785 891 847 940 de
868 905 968 944 am.
991 893 1043 951 2,
1065 890 1114 941 6.

397 957 500 1009 Μ’.
541 955 757 1010 Acilius
787 958 1000 1010 Balbus
1044 975 1148 1009 cos.
1185 974 1232 1008 a.
1266 976 1318 1012 ιι.
1361 975 1404 1009 c.

467 1026 620 1089 604„
663 1028 724 1077 de
745 1043 851 1078 sen.
876 1030 928 1092 5,
957 1027 1039 1076 14.

402 1095 468 1145 G.
510 1092 726 1148 Acilius
759 1093 1025 1160 Glabrio,
1066 1095 1243 1145 histor.
1284 1099 1409 1146 scri-

471 1171 616 1228 ptor,
654 1166 717 1214 de
738 1165 822 1214 off.
847 1165 896 1221 3,
917 1164 1002 1226 32,
1028 1164 1145 1217 115.

395 1230 499 1282 Μ’.
531 1229 747 1284 Acilius
778 1231 1013 1284 Glabrio
1049 1247 1153 1286 cos.
1191 1247 1238 1282 a.
1270 1249 1323 1286 u.
1358 1250 1402 1286 c.

470 1299 589 1352 563.
607 1339 622 1359 ,
655 1302 719 1351 de
739 1317 847 1353 sen.
873 1301 968 1354 10.
1001 1302 1086 1352 32.

279 1407 291 1416 .
393 1367 497 1419 Μ’.
517 1367 734 1420 Acilius
771 1367 1006 1422 Glabrio
1035 1379 1239 1435 praetor
1272 1386 1317 1420 a.
1352 1386 1403 1422 u.

467 1453 512 1487 c.
536 1438 655 1492 684.
683 1453 790 1489 cos.
811 1455 862 1488 u.
886 1456 930 1493 c.
954 1439 1098 1499 687„
1120 1441 1268 1490 Verr.
1289 1441 1401 1487 Act.

471 1507 498 1558 1
517 1543 532 1565 ,
568 1509 630 1568 2,
661 1509 715 1558 4.
767 1509 894 1560 Ibid.
921 1508 1017 1568 10,
1042 1509 1126 1560 29.
1165 1508 1293 1558 Ibid.
1319 1507 1401 1565 14,

465 1576 554 1629 41.
580 1576 710 1628 Ibid.
735 1575 819 1638 17,
835 1578 897 1627 51
916 1586 964 1626 et
978 1578 1062 1626 52.
1087 1585 1135 1625 et
1155 1577 1221 1625 ad
1233 1577 1336 1625 Aa.
1354 1575 1404 1635 6,

470 1644 520 1704 1,
542 1646 594 1694 4.
633 1644 778 1693 Verr.
800 1648 1036 1697 Accusat.
1061 1647 1110 1706 5,
1133 1645 1218 1703 29,
1239 1644 1323 1694 76.
1351 1647 1402 1701 5,

466 1711 566 1774 63,
610 1711 727 1766 163.
785 1714 920 1764 Brut.
959 1713 1053 1774 68,
1087 1713 1208 1764 239.
1230 1741 1305 1750 --
1332 1712 1405 1761 De

467 1782 593 1844 imp.
629 1780 718 1831 Cu.
739 1784 917 1848 Pomp.
941 1785 1000 1842 2,
1037 1783 1085 1833 5.
1124 1783 1188 1842 9,
1221 1782 1306 1836 26.
1336 1807 1407 1818 -

465 1849 690 1914 Philipp.
721 1853 780 1911 2,
812 1853 870 1916 5,
906 1851 986 1902 12.
1009 1877 1077 1888 ——·
1102 1853 1167 1901 ad
1191 1852 1295 1904 Att.
1321 1851 1403 1910 12,

467 1918 563 1979 21,
594 1921 640 1972 1.
681 1949 752 1959 -
786 1920 1021 1970 Pontifex
1049 1936 1094 1971 a.
1116 1936 1168 1969 u.
1192 1936 1238 1970 c.
1260 1918 1401 1979 697.‚

468 1989 532 2037 de
552 1988 761 2054 harusp.
783 2005 918 2055 resp.
942 1989 976 2041 6
992 2026 1006 2050 ,
1047 1990 1129 2039 12.
1155 1990 1217 2038 cl.
1250 1990 1318 2038 ad
1340 1987 1398 2047 Q.

464 2057 547 2105 Fr.
571 2058 631 2117 2,
674 2058 732 2117 1,
765 2059 815 2111 1.

391 2122 494 2173 Μ’.
530 2122 746 2175 Acilius
780 2124 1123 2192 (Glabrio),
1172 2125 1402 2177 Caesaris

467 2195 668 2257 legatus
697 2210 744 2241 a.
775 2212 826 2249 u.
861 2212 904 2247 c.
929 2194 1066 2253 706.,
1103 2196 1170 2245 ad
1207 2196 1327 2245 fam.
1351 2197 1400 2255 7,

465 2259 552 2318 30,
575 2260 624 2312 3.
651 2262 801 2324 7‚31,
828 2265 874 2314 1.
900 2263 981 2325 13,
1003 2262 1226 2315 30—39.

389 2330 789 2396 Acmonenscs,
811 2333 1004 2383 incolae
1022 2334 1299 2383 Aemoniae
1317 2349 1401 2383 ur-

463 2399 544 2516 Ιιξ
567 2398 817 2519 Ρὸῗιᾶγςίιιε
838 2416 1054 2466 magnae
1068 2438 1083 2461 ,
1105 2416 1196 2467 pro
1221 2403 1400 2454 Flacco

390 2532 640 2654 Acrgong,
685 2536 1027 2603 Pythagoreus
1051 2574 1066 2597 ,
1119 2539 1182 2587 de
1218 2538 1306 2589 fin.
1348 2538 1398 2601 5,

387 2672 709 2723 Acronoma
729 2686 878 2737 saxa,
909 2674 974 2723 ad
1001 2674 1106 2725 Att.
1132 2675 1214 2736 13,
1235 2674 1321 2739 40,
1349 2677 1400 2727 2.

388 2737 620 2791 Actium
636 2776 651 2805 ,
710 2743 833 2791 urbs
885 2749 933 2791 et
991 2746 1393 2807 promontorium

463 2810 812 2871 Acarnaniae,
847 2811 913 2860 ad
949 2812 1069 2863 fam.
1109 2814 1202 2874 16,
1235 2813 1288 2864 6.
1326 2814 1393 2863 ad

462 2880 568 2929 Att.
592 2880 654 2941 5,
686 2877 750 2938 9,
787 2878 832 2927 l.

385 2961 620 3013 Actium
641 2961 903 3027 corcyrae,
925 2975 1103 3030 portus
1124 2966 1393 3032 Corcyrae-

464 3045 632 3094 orum,
655 3032 720 3080 ad.
739 3032 840 3083 Att.
867 3035 916 3095 7,
952 3037 1014 3095 2,
1049 3036 1098 3087 3.
1191 3042 1203 3049 “

387 3114 588 3167 Actius
605 3153 621 3179 ‚
652 3133 700 3165 v.
722 3116 927 3167 Attius.

387 3200 731 3266 Aculanum,
765 3220 812 3257 v,
837 3204 1199 3256 Aeculanum.

393 3285 439 3335 C
481 3284 722 3351 Aculeo,
761 3304 914 3351 eques
943 3292 1110 3350 Rom„
1148 3292 1211 3341 de
1241 3306 1315 3339 or.
1344 3292 1390 3349 1,

463 3354 688 3410 43,191.
728 3358 776 3417 2,
817 3359 864 3421 1,
896 3362 946 3409 2.
989 3362 1038 3420 2,
1058 3360 1143 3423 65,
1173 3358 1293 3411 262.
1326 3384 1395 3394 ·-

467 3424 601 3478 Brut.
628 3426 710 3485 76,
733 3426 851 3477 26-2.

1482 339 1738 393 Acusilas
1762 339 2133 408 (Acusilaus),
2156 341 2397 406 Argivus,
2423 341 2500 415 ἀεὶ.

1554 426 1626 460 or.
1650 413 1701 469 2,
1732 412 1813 472 12,
1837 410 1920 460 53.

1480 475 1740 542 Acusius,
1761 479 2007 539 Rhodius,
2027 478 2094 530 ad
2104 479 2208 528 Att.
2228 478 2308 542 ll,
2334 478 2417 536 23,
2432 481 2483 528 2.

1479 545 1803 597 Acutiliana
1845 550 2187 599 controversia
2208 584 2220 606 ,
2270 549 2337 598 ad
2374 549 2483 595 Att-

1551 617 1602 674 1,
1623 620 1673 674 4,
1706 617 1754 666 1.
1796 617 1869 665 Ib.
1891 617 1943 675 5,
1959 615 2012 669 4.

1478 682 1785 747 Aemilius,
1817 685 1881 733 ad
1902 686 2007 734 Att.
2034 684 2084 746 1‚-
2102 687 2153 746 4,
2180 685 2228 734 1.
2268 685 2397 736 Ibid.
2432 685 2485 746 5,

1546 755 1597 802 4.
1641 753 1768 802 Ibid.
1791 753 1841 814 8,
1869 753 1919 806 1.

1477 818 1800 883 Adiatorix,
1853 822 2189 872 comanorum
2240 837 2333 872 rex
2349 857 2363 885 ,
2420 820 2483 874 ad

1547 891 1669 938 fam.
1692 892 1743 955 2,
1770 892 1850 952 12,
1873 892 1925 940 2.

1478 955 1717 1022 Adonis,
1762 961 1974 1009 maritus
2008 958 2222 1008 Veneris
2257 965 2483 1021 quartae,

1550 1029 1613 1080 de
1632 1043 1683 1077 n.
1706 1027 1755 1076 d.
1780 1028 1831 1088 3,
1852 1027 1937 1088 23,
1961 1026 2044 1079 59.

1478 1094 1912 1162 Adramyttenus
1931 1133 1946 1160 ,
1972 1095 2135 1146 incola
2156 1095 2479 1158 Adramyttii,

1546 1179 1637 1228 pro
1659 1165 1838 1214 Flacco
1860 1165 1939 1228 13,
1964 1164 2047 1215 31.
2086 1165 2228 1213 Brut.
2252 1163 2337 1223 91,
2360 1163 2478 1215 316.

1476 1231 1927 1300 Adramyttium,
1959 1235 2079 1283 urbs
2100 1234 2292 1296 MysIae
2322 1233 2482 1281 maio-

1544 1302 1642 1361 ris,
1678 1317 1771 1366 pro
1798 1303 1975 1352 Flacco
2003 1301 2088 1363 28,
2108 1301 2194 1353 68.

1473 1367 1783 1419 Adrianum
1812 1384 1967 1428 mare,
1996 1371 2062 1419 ad
2092 1371 2195 1419 Att.
2222 1370 2305 1429 10,
2346 1371 2395 1432 7,
2432 1369 2479 1417 1.

1473 1435 1772 1500 Adrianus,
1784 1453 1833 1485 v.
1842 1437 1903 1486 C.
1920 1436 2129 1489 Fabius
2140 1437 2480 1488 Hadrianus.

1475 1503 1751 1568 Aeacida,
1785 1507 2005 1572 Pyrrhus
2022 1543 2037 1571 ,
2061 1509 2124 1556 de
2145 1507 2299 1556 divin.
2324 1509 2372 1566 2,
2398 1506 2481 1560 56,

1548 1573 1664 1625 116.
1705 1589 1865 1639 genus
1895 1576 2265 1640 Aeacidarum,
2290 1576 2480 1624 Ennius

1544 1644 1606 1692 de
1625 1644 1783 1693 divin.
1808 1643 1843 1692 l.
1865 1660 1909 1695 c.
1924 1671 1989 1680 —
2008 1635 2279 1707 Aeacfflae,
2304 1643 2481 1710 Pyrrhi

1542 1713 1785 1770 maiores,
1819 1714 1883 1762 de
1908 1714 1993 1762 off.
2023 1713 2067 1770 1,
2096 1713 2175 1770 13,
2196 1713 2284 1765 39.

1473 1778 1724 1844 Aeacus,
1757 1781 1820 1831 de
1854 1781 1939 1830 off.
1972 1783 2018 1841 1,
2042 1782 2126 1842 28,
2146 1781 2230 1832 97.
2272 1780 2477 1831 Tuscul.

1546 1849 1595 1910 1,
1615 1849 1699 1905 41,
1720 1849 1809 1902 98.

1473 1916 1715 1969 Aebutia
1738 1919 1849 1973 lex.
1882 1920 1943 1968 de
1962 1918 2075 1984 lege
2101 1935 2213 1985 agr.
2242 1921 2290 1981 2,
2314 1918 2364 1979 8,
2392 1919 2475 1968 21.

1472 1985 1765 2044 Aebutius,
1792 1989 1857 2037 ad
1878 1990 1981 2037 Att.
2008 1989 2089 2048 16,
2112 1990 2160 2049 2,
2186 1990 2235 2039 5.

1470 2055 1549 2106 Μ.
1568 2054 1862 2120 Aebutius,
1882 2072 1975 2121 pro
1996 2057 2174 2106 Flacco
2196 2054 2281 2117 37,
2302 2056 2386 2109 93.

1474 2123 1600 2175 Sex.
1615 2123 1908 2189 Aebutius,
1931 2126 2255 2175 adversarius
2273 2126 2334 2173 A.
2356 2125 2477 2173 Cae-

1541 2196 1701 2253 cinae,
1721 2209 1812 2257 pro
1836 2194 2045 2243 Caecina
2069 2195 2113 2255 1,
2142 2193 2164 2242 1
2196 2209 2307 2259 sqq.

1471 2261 1814 2313 Aeculanum
1844 2261 2211 2329 (Aeclanum),
2244 2264 2475 2327 Hirpino-

1540 2334 2307 2462 Ὲῖἕέλῖἑῗῖἓῖἳῗέἒὶξιὲι
2330 2332 2473 2450 ἱέιςὲ.

1540 2466 1820 2515 Aculanum
1847 2469 2049 2533 legitur.

1469 2532 1667 2597 Aedui,
1697 2538 1876 2601 populi
1905 2540 1955 2585 in
1984 2536 2145 2587 Gallia
2164 2538 2471 2603 Lugdunen-

1540 2604 1607 2723 {id
1638 2604 1703 2722 ald
1731 2606 1835 2653 Αιι.
1870 2604 1918 2666 l,
1954 2604 2045 2668 19,
2077 2610 2127 2659 2.
2168 2609 2235 2657 ad
2265 2610 2383 2658 fam.
2420 2610 2468 2665 7,

1609 2708 1624 2733 ‚
1686 2710 1697 2723 .

1460 2742 1661 2793 Aeetes
1722 2749 1769 2791 et
1824 2740 1962 2792 Circe
2012 2742 2213 2794 Colchis
2272 2759 2302 2795 a
2352 2743 2466 2792 Sole

1532 2810 1703 2872 quinto
1734 2812 2007 2876 procreati,
2042 2814 2103 2862 de
2130 2830 2179 2862 n.
2206 2814 2256 2863 d.
2292 2812 2323 2863 3
2341 2851 2353 2873 ,
2381 2816 2464 2871 21,

1530 2880 1615 2929 54.
1638 2906 1707 2917 -
1737 2883 1952 2942 Aeetes,
1978 2880 2111 2930 Solis
2130 2882 2291 2941 filius,
2324 2891 2467 2945 pater

1530 2948 1736 2998 Medeae
1770 2958 1819 2997 et
1839 2950 2059 3014 Absyrti.
2098 2952 2171 3001 Ib.
2194 2949 2245 3011 3,
2269 2950 2349 3010 19,
2376 2950 2459 3000 48.

1528 3016 1736 3067 Tuscul.
1758 3016 1807 3080 3,
1835 3018 1918 3079 12,
1938 3017 2022 3067 26.
2057 3020 2185 3069 Ibid.
2213 3018 2291 3081 18,
2312 3018 2395 3071 39.

1460 3084 1749 3149 Aegaeum
1768 3102 1923 3145 mare,
1944 3086 2008 3135 de
2028 3087 2150 3151 imp.
2173 3087 2260 3137 Cn.
2285 3090 2460 3151 Pomp.

1536 3153 1615 3213 18,
1641 3157 1725 3207 55.
1767 3155 1827 3203 de
1860 3154 1958 3217 leg.
1982 3152 2041 3213 3,
2067 3155 2157 3216 16,
2180 3155 2264 3205 36.

1462 3221 1720 3289 Aegaeus
1756 3238 1971 3287 gurgeS,
2012 3237 2151 3273 mare
2182 3225 2459 3289 Aegaeum,

1532 3294 1672 3339 [Krat-
1697 3290 1814 3341 670.

1463 3356 1784 3426 Aegialeus,
1801 3358 2053 3423 Absyrtus
2068 3368 2141 3409 est
2158 3361 2292 3424 apud
2305 3363 2461 3409 Pacu-

1535 3431 1669 3476 vium
1686 3425 1974 3489 Aegialeus,
1989 3430 2051 3477 de
2072 3443 2122 3480 n.
2147 3428 2194 3477 d.
2210 3427 2260 3485 3,
2276 3428 2357 3487 19,
2373 3427 2454 3475 48.

1986 3495 2013 3545 1
2029 3494 2060 3527 e
