2500 3850
822 245 1174 293 MUNATIUS
1205 267 1290 276 --
1320 242 1782 294 MURGENTINI.

325 399 587 450 versiculis
608 399 781 450 facetis
802 416 831 449 a
850 397 1033 465 Spurio
1055 417 1149 451 avo
1170 417 1262 452 suo

244 505 249 508 -
328 470 391 518 ad
424 470 701 519 familiares
737 471 920 520 missas
950 485 979 518 a
1006 469 1260 532 Corinthu,

326 539 391 588 ad
411 539 512 586 Att.
542 537 623 599 13,
648 539 701 598 6,
720 541 773 592 4.

251 603 571 671 Munatius,
628 607 819 657 sodalis
878 607 1151 670 Catilinae,
1208 609 1261 657 iu

324 676 467 726 Catil.
492 678 540 741 2,
563 680 610 731 2.
632 679 681 725 4.

249 743 569 808 Munatius,
622 745 680 794 Τ.
739 745 991 795 Munatius
1041 746 1261 795 Plancus

320 815 507 877 Balsa,
531 814 752 879 Philipp.
781 814 863 876 13,
886 817 935 878 2,
956 814 1005 863 2.

252 883 315 933 C.
352 881 658 934 Munatius.
696 911 763 919 ——
801 883 881 931 Ad
918 897 1030 932 eum
1081 889 1159 964 est
1194 884 1261 932 ad

318 954 441 1005 sam.
467 952 547 1004 13.
576 967 654 1016 ep.
676 951 760 1003 60.

252 1021 350 1072 Cn.
386 1019 722 1088 (Munatius)
755 1019 1015 1070 Plancus
1068 1019 1163 1070 Pro
1197 1036 1257 1070 eo

319 1099 491 1140 contia
508 1093 567 1140 M.
584 1091 793 1140 Brutum
809 1091 941 1139 dixit
954 1091 1008 1138 L.
1026 1087 1253 1150 Crassus,

320 1161 383 1210 de
404 1169 523 1210 orat.
549 1161 605 1220 2,
637 1159 734 1222 54,
766 1159 886 1213 220.
910 1184 972 1195 -—
998 1156 1087 1206 Cn.
1110 1159 1259 1208 Plan-

318 1245 405 1279 cus
434 1237 701 1286 accusante
734 1228 802 1280 M.
828 1227 980 1277 Bruto
1013 1227 1256 1278 defensus

318 1315 347 1349 a
372 1299 423 1347 L.
452 1298 661 1358 Crasso,
690 1312 781 1360 pro
806 1295 1001 1347 Cluent.
1026 1296 1109 1360 51,
1132 1295 1251 1348 140.

250 1367 351 1418 Cn.
370 1364 659 1416 Munatius
678 1363 920 1416 Plancus
934 1402 949 1430 ,
983 1365 1129 1414 Lucii
1149 1366 1253 1415 fra-

316 1444 418 1494 ter,
460 1443 663 1500 praetor
700 1435 993 1500 designatus
1026 1449 1073 1486 a.
1110 1449 1164 1488 u.
1202 1450 1247 1483 c.

318 1503 436 1554 710.
457 1532 523 1540 —
546 1503 799 1554 Ciceronis
818 1504 884 1553 ad
916 1519 1029 1553 eum
1061 1504 1251 1567 episto·

316 1575 422 1635 lae,
448 1574 508 1623 dc
529 1573 680 1621 Attici
698 1587 850 1622 causa
869 1573 1157 1633 Buthrotia,
1185 1572 1251 1621 ad

314 1643 421 1695 Att.
443 1642 535 1703 16,
568 1641 633 1692 16
651 1641 711 1691 A.
734 1640 792 1692 B.
820 1643 873 1691 E.
896 1669 965 1678 -—-
982 1641 1104 1692 Eius
1124 1641 1251 1690 ami-

314 1727 405 1761 cus
428 1710 630 1774 Capito,
651 1711 722 1759 Ib.
753 1710 815 1760 16
836 1709 886 1762 C.
908 1747 920 1770 ,
953 1711 1034 1762 12.
1057 1737 1128 1748 —
1156 1709 1243 1764 Cn,

314 1779 571 1830 Munatius
608 1779 849 1840 Plancus,
882 1787 1085 1844 praetor
1114 1795 1161 1832 a.
1194 1795 1243 1828 u.

315 1866 359 1904 c.
388 1849 535 1906 711..
566 1849 633 1898 ad
652 1848 773 1902 fam.
800 1848 892 1912 10,
923 1849 985 1912 6,
1016 1849 1245 1897 1.—--Eo

312 1919 543 1969 adiutore
562 1926 608 1967 et
628 1920 897 1982 interprete
918 1934 1031 1967 cum
1052 1917 1247 1983 Lepido

310 1990 545 2039 utebatur
560 1988 618 2037 L.
636 1987 867 2047 Plancus,
887 1989 960 2040 11).
986 1985 1065 2047 10,
1092 1987 1171 2048 ll,
1196 1987 1243 2037 3.

310 2088 379 2097 --
397 2059 519 2107 Eius
540 2056 759 2107 sollertia
789 2063 837 2105 et
860 2057 1108 2105 industria
1134 2063 1246 2119 post

310 2142 517 2193 gravem
563 2127 959 2191 aegrotationem
1013 2140 1041 2173 a
1092 2124 1245 2174 fratre

306 2194 1239 2255 laudatur‚1b.10,17,2.1b.10,21,.7

235 2263 301 2319 L
347 2262 633 2316 Munatius
682 2231 955 2327 Plancus,
1015 2261 1243 2312 Caesaris

307 2335 506 2400 legatus
534 2336 588 2384 in
612 2330 774 2381 Gallia
804 2347 851 2384 a.
876 2348 929 2380 u.
964 2347 1009 2383 c.
1037 2330 1155 2381 700.
1176 2359 1242 2367 -

304 2406 519 2455 Plancus
550 2400 815 2451 familiaris
850 2399 1103 2449 Ciceronis
1141 2400 1241 2449 Ra-

305 2487 499 2525 vennae
546 2478 622 2521 est
668 2477 716 2518 et
759 2483 945 2534 magno
984 2469 1241 2533 congiario

308 2543 520 2594 donatus
542 2556 571 2589 a
593 2538 807 2589 Caesare
833 2553 926 2586 nec
950 2537 1129 2588 beatus
1149 2552 1241 2588 nec
1259 2592 1270 2602 ,

248 2654 271 2677 ,
303 2614 433 2663 bene
452 2613 725 2660 instructus
748 2614 851 2667 est,
877 2606 1009 2657 Cael.
1033 2607 1098 2655 ad
1118 2606 1237 2655 fam.

304 2682 355 2740 8,
385 2680 429 2737 1,
452 2682 502 2729 4.
523 2706 590 2723 -.-
608 2676 839 2742 Epistola
856 2677 1021 2741 prima
1039 2675 1105 2724 ad
1124 2691 1238 2725 eum

304 2752 465 2799 missa
493 2762 537 2809 a.
568 2763 620 2800 u.
654 2762 699 2800 c.
732 2744 879 2810 708,
905 2745 970 2795 ad
1000 2744 1117 2798 fam.
1155 2744 1235 2806 13,

306 2820 391 2871 29.
418 2848 479 2856 —
498 2817 673 2866 Planci
697 2823 743 2866 et
774 2814 1030 2865 Ciceronis
1051 2814 1239 2877 episto-

304 2887 386 2936 lae
425 2892 653 2946 mutuae,
694 2886 767 2934 lb.
815 2883 908 2943 10,
951 2882 1137 2935 1-24,
1169 2912 1241 2921 ·-

303 2954 520 3019 Plancus
542 2968 639 3003 una
668 2968 779 3004 cum
808 2952 1003 3017 Lepido
1036 2958 1239 3001 senatus

305 3023 529 3077 consulto
548 3024 599 3071 in
618 3022 813 3073 Italiam
835 3023 1109 3072 arcessitus
1125 3058 1139 3080 ,
1162 3022 1237 3070 11).

306 3095 401 3156 10,
432 3091 497 3144 33
514 3129 529 3153 ,
565 3093 611 3142 1.
632 3118 701 3127 -
719 3090 956 3141 Plancum
980 3097 1151 3156 sperat
1174 3090 1234 3139 D.

302 3164 487 3213 Brutus
528 3161 676 3227 pulso
724 3161 944 3211 Antonio
978 3162 1048 3209 rei
1092 3159 1235 3223 publ.

304 3247 405 3281 non
426 3230 732 3288 defuturum,
752 3229 809 3283 D.
830 3231 1015 3280 Brutus
1031 3230 1096 3278 ad
1117 3227 1236 3279 fam.

306 3298 531 3359 11‚,.92
570 3299 827 3360 cl.ib.,ll
853 3298 934 3358 11,
965 3298 1011 3347 1.
1053 3298 1127 3350 11).
1152 3297 1235 3362 11,

310 3367 391 3429 13,
416 3370 469 3421 4.
506 3369 580 3418 11).
607 3368 687 3425 11,
713 3365 794 3427 14,
813 3335 864 3417 3.
884 3366 1093 3415 ——Eius
1119 3381 1237 3415 con-

304 3438 495 3486 iunctio
524 3404 888 3499 concordiaque
907 3451 1020 3485 curn
1043 3434 1237 3499 collega

304 3504 368 3555 D.
404 3505 557 3555 Bruto
587 3504 639 3554 S.
676 3506 731 3553 Ρ.
764 3505 820 3563 Q.
852 3504 912 3557 R.
946 3504 1238 3571 gnatissima

2144 308 2152 316 ,
2217 235 2338 296 259

1404 401 1634 452 Ciceroni
1655 401 1864 462 accidit,
1896 404 1965 452 11).
1993 401 2073 468 10,
2099 403 2179 465 15,
2209 405 2338 458 1.·-

1403 469 1558 536 Spem
1571 483 1772 520 omnem
1786 471 1834 518 in
1849 470 1910 518 D.
1929 471 2081 522 Bruto
2095 473 2336 524 etPlanco

1401 539 1552 589 habet
1595 539 1796 600 cicero,
1834 540 1925 590 11)..
1958 539 2045 602 12,
2083 539 2140 598 8,
2177 542 2224 592 1.
2265 569 2336 580 —-

1401 607 1459 657 L.
1498 609 1754 657 Munatius
1791 608 2002 658 Plancus
2041 610 2334 674 imperator,

1400 675 1618 741 Philipp.
1634 675 1684 740 3,
1703 677 1784 736 15,
1800 676 2079 728 38.—Eius
2092 693 2334 729 memora·

1402 745 1522 795 bilis
1541 747 1789 864 ac.divi1na
1809 747 1967 796 virtus
1991 747 2152 796 lucem
2168 748 2334 798 adfert

1398 815 1473 864 rei
1502 816 1673 880 publ„
1770 814 1912 875 .,13
1953 815 2040 876 19,
2075 815 2160 868 43.
2181 817 2327 866 -L.

1396 882 1610 934 Plancus
1637 815 1852 948 praedes
1885 853 1950 932 M.
1977 886 2184 935 Antonii
2212 901 2331 936 ven-

1398 953 1595 1002 diturus
1614 961 1746 1015 erat,
1768 953 1839 1004 lb.
1862 956 1912 1013 2,
1936 952 2018 1012 31,
2035 955 2121 1004 78.
2145 954 2326 1020 fragm.

1395 1037 1453 1088 p.
1481 1023 1602 1073 252.
1633 1047 1702 1058 -ι-
1731 1019 1859 1069 Sunt
1898 1025 2150 1072 exercitus
2190 1025 2328 1085 boni,

1396 1091 1489 1140 sed
1507 1090 1658 1139 rudes
1675 1127 1688 1154 ,
1714 1089 1772 1137 D.
1795 1089 1936 1139 Bruti
1955 1099 2001 1140 et
2021 1091 2219 1156 Planci,
2245 1109 2325 1157 ep.

1397 1160 1460 1208 ad
1489 1159 1629 1208 Brut.
1667 1161 1728 1221 1,
1764 1159 1845 1213 10.
1869 1185 1939 1196 —-
1968 1159 2152 1210 Brutus
2182 1176 2328 1225 prae—

1393 1228 1527 1278 clare
1557 1243 1670 1276 cum
1692 1227 1879 1278 Planco
1907 1229 2200 1279 coniunctus
2235 1237 2326 1291 est,

1393 1298 1466 1346 Ib.
1494 1297 1537 1360 1,
1560 1299 1612 1348 4.
1652 1295 1718 1345 cf.
1744 1297 1810 1346 ad
1826 1297 1963 1346 Brut.
1987 1300 2036 1357 2,
2057 1301 2106 1352 2.
2297 1319 2301 1323 ’

1323 1362 1392 1414 Τ.
1433 1361 1723 1414 Munatius
1759 1363 2030 1430 Plancus,
2093 1368 2324 1416 diversus

1390 1436 1572 1496 utique,
1586 1450 1615 1482 a
1637 1435 1694 1481 Τ.
1709 1433 1930 1482 Munatio
1949 1435 2129 1485 Planco
2149 1435 2324 1495 Bursa,

1393 1510 1636 1568 cognatus
1671 1501 1731 1551 L.
1771 1503 1980 1552 Munatii
2025 1503 2223 1566 Planci,
2260 1505 2325 1553 ad

1391 1571 1514 1620 fam.
1542 1571 1621 1636 10,
1649 1571 1730 1630 12,
1751 1573 1802 1622 2.
1843 1571 1905 1623 cl.
1930 1573 1999 1620 ib.
2020 1575 2066 1636 5.
2089 1573 2137 1624 5.

1323 1639 1394 1692 Τ.
1417 1637 1707 1690 Munatius
1727 1639 1970 1690 Plancus
1991 1639 2170 1691 Bursa
2186 1678 2200 1704 ,
2234 1642 2320 1692 Cn.

1391 1718 1437 1758 et
1451 1710 1510 1759 L.
1528 1709 1824 1758 Plancorum
1843 1707 2013 1761 frater.
2040 1711 2162 1760 Eius
2181 1712 2324 1774 igno-

1389 1779 1551 1828 rantia
1572 1778 1848 1827 litterarum
1871 1776 2090 1844 ridetur,
2113 1780 2176 1829 ad
2197 1779 2318 1829 fam.

1389 1847 1439 1906 9,
1463 1848 1544 1909 10,
1568 1847 1619 1896 2.
1639 1874 1704 1882 --
1725 1847 1798 1895 De
1819 1847 1981 1898 Bursa
2006 1848 2238 1897 damnato
2261 1849 2321 1896 de

1386 1917 1586 1983 vi'lege
1615 1917 1884 1981 Pompeia,
1918 1920 2038 1979 quia
2068 1925 2183 1982 post
2210 1933 2321 1967 cae—

1388 1986 1500 2035 dem
1517 1988 1569 2035 P.
1589 1984 1768 2045 Clodii,
1787 2001 1939 2049 quum
1959 1986 2190 2035 tribunus
2211 1989 2320 2051 ipsc

1387 2062 1538 2117 esset,
1563 2056 1756 2103 curiam
1775 2056 2022 2116 incendit,
2045 2063 2094 2104 et
2114 2056 2164 2103 in
2185 2056 2320 2105 exsi-

1385 2123 1509 2174 lium
1529 2132 1641 2173 acto
1661 2138 1708 2172 a.
1730 2139 1781 2176 u.
1806 2124 2017 2187 ο.·702.,
2039 2124 2105 2173 ad
2128 2124 2247 2173 sam.
2267 2126 2317 2184 7,

1385 2194 1435 2251 2,
1457 2194 1509 2244 2.
1547 2192 1608 2244 cl.
1632 2190 1852 2257 Philipp.
1873 2192 1924 2251 6,
1947 2196 1997 2255 4,
2025 2192 2102 2244 10.
2133 2193 2208 2243 11).
2233 2192 2316 2253 10,

1321 2324 1326 2329 ,
1386 2262 1470 2325 10,
1491 2264 1577 2314 22.
1620 2263 1694 2310 11).
1719 2260 1811 2323 13,
1836 2262 1929 2321 12,
1951 2263 2036 2312 27.
2061 2290 2129 2298 -
2148 2263 2320 2311 Rediit

1383 2330 1596 2379 Romam
1626 2332 1885 2379 restitutus
1916 2345 1946 2379 a
1976 2330 2216 2392 Caesare,
2253 2330 2319 2379 ad

1384 2400 1487 2453 Att.
1511 2398 1561 2460 6,
1585 2398 1631 2459 1,
1654 2398 1738 2451 10.
1773 2398 1964 2457 11).,12,
1986 2398 2070 2460 62,
2094 2399 2142 2450 1.
2161 2424 2232 2435 ——
2252 2400 2314 2447 A.

1382 2484 1433 2517 u.
1467 2485 1509 2521 c.
1541 2467 1662 2518 709.
1701 2466 1837 2516 ludis
1881 2465 2112 2515 Caesaris
2147 2467 2316 2516 animo

1380 2538 1686 2599 aequissimo
1723 2536 1850 2584 vidit
1882 2534 2056 2586 Cicero
2087 2535 2146 2588 Τ.
2169 2534 2317 2585 Plan-

1382 2621 1494 2655 cum
1510 2643 1525 2667 ,
1553 2605 1619 2654 ad
1641 2604 1760 2657 fam.
1789 2602 1878 2664 12,
1909 2604 1992 2669 18,
2011 2606 2060 2654 2.
2083 2630 2150 2640 --
2169 2604 2316 2655 Plan-

1379 2690 1468 2724 cus
1496 2674 1686 2736 Bursa,
1725 2674 1980 2739 agripeta,
2019 2674 2255 2724 concisus
2286 2688 2318 2721 a

1379 2742 1678 2802 Buthrotiis,
1702 2744 1765 2792 ad
1788 2744 1890 2793 Att.
1916 2744 2007 2805 15,
2029 2742 2124 2806 29,
2148 2743 2199 2796 3.
2237 2743 2311 2794 lb.

1382 2813 1472 2876 16,
1505 2814 1630 2874 1,2.
1668 2814 1740 2867 11).
1773 2812 1962 2877 16,“4,
1997 2812 2315 2864 3.·--Bursa

1379 2882 1620 2931 adsecula
1651 2882 1702 2931 M
1741 2882 1974 2943 Antonii,
2006 2881 2228 2945 Philipp.
2262 2879 2312 2939 6,

1377 2954 1438 3014 4,
1474 2952 1556 3004 10.
1597 2953 1670 3001 Ib.
1711 2950 1805 3012 10,
1845 2951 1936 3013 10,
1971 2952 2054 3001 22.
2091 2948 2313 2997 -Eum

1380 3020 1564 3082 Aquila
1596 3019 1842 3070 Pollentia
1869 3019 2090 3085 expulit,
2123 3026 2172 3067 ct
2203 3018 2314 3079 qui-

1383 3090 1496 3138 dem
1523 3105 1664 3138 crure
1694 3089 1876 3152 fracto,
1901 3089 1974 3142 Ib.
2009 3086 2069 3137 11
2089 3122 2102 3147 ,
2132 3086 2192 3147 6,
2226 3085 2309 3135 14.

1378 3158 1454 3209 11).
1481 3158 1562 3219 12,
1582 3158 1633 3215 8,
1653 3156 1738 3207 20.

1308 3225 1576 3290 Mundus,
1598 3226 1750 3275 homo
1771 3226 1994 3289 ignotus
2015 3225 2078 3274 ad
2100 3224 2200 3273 Att.
2225 3224 2309 3284 15,

1377 3296 1466 3350 26
1483 3296 1534 3348 5.
1574 3297 1648 3347 11).
1677 3293 1930 3359 15,29,1.

1307 3361 1564 3427 Munius,
1587 3378 1768 3413 nomen
1788 3370 2106 3428 corruptum,
2126 3360 2304 3426 proM.

1378 3400 1700 3499 Font.5,19.

1309 3502 1374 3554 L.
1399 3501 1645 3554 Murcus.
1683 3502 1748 3554 V.
1773 3496 1990 3551 Statius
2011 3498 2264 3550 Murcus.

1800 3570 1864 3619 17
1879 3568 1906 3599 *
