2500 3850
275 165 397 229 324
767 178 841 224 M.
884 176 1173 225 Poncms
1208 176 1390 225 cA'ro
1426 163 1863 247 (UncENffls).

342 341 603 397 praetores
626 340 799 398 aperte
821 333 948 392 etQ.
974 333 1171 383 Mucius
1190 335 1280 383 tri-

342 404 528 456 bunus,
562 428 628 437 —-
662 402 783 452 Cato
803 402 1035 451 adfirmat
1069 417 1124 451 se
1160 404 1280 451 vivo

342 471 488 520 illum
509 485 610 520 non
631 471 1074 536 triumphaturum.
1113 472 1173 521 Id
1200 471 1284 521 Ci-

343 555 457 590 cero
475 548 618 605 putat
634 577 648 599 ,
668 548 725 589 ut
749 541 904 591 multa
922 540 1151 589 eiusdem
1167 576 1182 603 ,
1216 541 1284 589 ad

344 608 470 658 nihil
487 625 797 672 recasurum,
817 611 881 658 ad
900 610 1001 658 Att.
1020 610 1071 668 4,
1097 608 1177 664 16,
1194 610 1279 662 12.

344 678 409 729 cl.
426 680 493 728 ad
506 678 563 737 Q.
576 679 637 729 fr.
652 678 703 741 3,
717 681 769 739 4,
780 678 1203 729 6.—Avunculus
1214 678 1280 725 M.

341 748 515 807 Bruti,
548 748 613 797 ad
630 749 731 800 Att.
758 748 841 803 21,
865 746 952 797 13.
978 775 1044 783 —
1069 746 1287 796 Salami-

340 819 540 867 niorum
560 816 858 883 Cypriorum
878 818 1059 866 civitas
1089 816 1141 865 in
1174 817 1286 865 eius

344 895 394 936 et
412 884 554 935 Bruti
572 886 671 935 fide
692 884 882 947 locata,
904 886 979 936 Ib.
1002 886 1055 943 6,
1078 884 1128 949 1,
1150 884 1201 934 5.
1218 912 1283 920 -

341 955 463 1003 Eius
487 952 824 1017 πολίτευμα,
847 956 919 1003 lb.
942 954 1004 1019 6,
1029 953 1055 1001 1
1072 990 1085 1013 ,
1111 955 1191 1004 12.
1214 981 1284 991 —

342 1024 409 1071 M.
458 1022 576 1072 Cato
614 1030 845 1086 praetor,
895 1037 939 1069 a.
982 1037 1033 1070 u.
1074 1036 1119 1069 c.
1162 1022 1283 1073 700.

338 1091 561 1155 praefuit
579 1092 766 1141 iudicio
794 1091 857 1142 A.
880 1090 1081 1139 Gabinii
1108 1090 1172 1139 de
1190 1106 1283 1155 pe-

341 1160 507 1208 cuniis
526 1159 819 1224 repetundis
836 1196 850 1225 ,
890 1159 954 1208 ad
976 1158 1035 1217 Q.
1063 1159 1124 1208 fr.
1151 1158 1201 1224 3,
1232 1160 1281 1220 l,

342 1228 390 1278 5.
422 1230 471 1291 §-
504 1229 585 1279 15.
619 1256 683 1264 -
714 1227 1023 1279 Divinationi
1049 1229 1100 1275 in
1128 1227 1283 1279 Gabi-

340 1299 481 1346 nium
512 1300 643 1347 inter
674 1298 785 1347 eius
822 1305 1167 1358 accusatores,
1207 1298 1281 1349 lb.

340 1366 407 1431 3,
439 1368 500 1425 2,
535 1368 581 1416 1.
613 1393 679 1403 --
706 1366 980 1431 Diremptis
1007 1366 1193 1415 tabulis
1221 1368 1285 1417 de

342 1434 531 1485 circulo
564 1437 807 1485 subduxit
836 1444 885 1485 et
913 1436 1158 1501 Pompeio
1179 1437 1285 1501 pri-

341 1520 455 1553 mus
476 1506 737 1555 nunciavit
754 1506 1038 1557 absolutum
1058 1520 1170 1555 esse
1187 1504 1284 1554 Ga-

339 1574 565 1633 binium,
603 1574 677 1627 lb.
712 1572 776 1634 3,
805 1576 870 1633 4,
906 1574 952 1625 1.
980 1601 1046 1611 --
1068 1574 1284 1624 Comitia

343 1641 415 1701 (a.
437 1656 487 1693 u.
514 1657 559 1690 c.
591 1640 718 1703 700)
748 1642 793 1691 si
821 1644 1042 1707 gratuita
1074 1643 1280 1705 fuerint,

340 1718 397 1756 ut
424 1716 688 1772 putantur,
724 1710 843 1774 plus
875 1726 1008 1761 unus
1036 1712 1158 1763 Cato
1188 1727 1284 1777 po-

338 1778 493 1825 tuerit
524 1792 675 1841 quam
711 1794 886 1844 omnes
908 1780 1048 1845 leges
1082 1793 1282 1829 omnes-

338 1861 439 1907 que
468 1846 693 1908 iudices,
729 1848 803 1897 lb.
828 1849 860 1897 2
878 1886 891 1912 ,
919 1848 985 1899 14
1005 1847 1091 1909 (15
1114 1845 1199 1911 b),
1221 1851 1275 1901 4.

341 1914 403 1968 cl.
438 1915 502 1965 ad
534 1917 637 1966 Att.
670 1918 735 1981 4,
767 1916 865 1979 15,
906 1918 957 1972 7.
991 1917 1308 1968 -Milonis‘

340 2000 567 2035 causam.
591 1987 644 2034 in
691 1994 869 2036 senatu
908 1987 1163 2049 defendit,
1214 1989 1282 2038 ad

341 2054 465 2103 fam.
492 2055 575 2116 15,
595 2057 657 2118 4,
688 2056 765 2104 12.
788 2083 858 2094 -
881 2056 1003 2106 Eius
1022 2057 1153 2106 duae
1172 2072 1280 2112 ma-

342 2124 481 2171 xime
512 2122 774 2173 clientelae
801 2124 997 2188 Cyprus
1032 2123 1198 2174 insula
1233 2135 1282 2174 et

339 2189 694 2254 Cappadociae
723 2207 964 2256 regnum,
1000 2194 1073 2244 Ib.
1101 2195 1193 2254 15,
1226 2196 1278 2255 4,

340 2258 515 2308 152——
532 2257 606 2308 De
632 2259 872 2308 Cicerone
897 2259 1175 2310 honorifice
1203 2263 1279 2310 lo-

236 2353 243 2360 ·
336 2334 512 2390 cutuS,
552 2343 653 2378 non
689 2329 908 2379 decrevit
950 2329 1280 2394 supplicatio-

336 2411 429 2446 nes
456 2412 502 2446 a.
528 2412 577 2447 u.
600 2415 643 2448 c.
668 2397 784 2451 704.
804 2435 819 2460 ,
843 2399 975 2448 Cael.
996 2400 1062 2449 ad
1082 2397 1204 2448 fam.
1226 2398 1277 2458 8,

342 2467 403 2516 11
426 2503 440 2526 ,
463 2467 513 2516 2.
549 2467 611 2516 cl.
634 2468 822 2517 adAtt.
858 2469 918 2530 7,
950 2467 1003 2528 1,
1028 2469 1059 2517 7
1078 2484 1191 2531 sqq.
1210 2495 1281 2504 —

341 2534 502 2592 Quum
568 2537 799 2586 Ciceroni
852 2535 1282 2602 supplicationem

336 2616 439 2652 non
462 2605 798 2667 decrevisset,
818 2621 919 2667 qua
947 2608 998 2654 in
1025 2622 1078 2655 re
1108 2607 1282 2656 exsul-

335 2673 461 2719 tavit
472 2671 673 2732 Caesar,
693 2674 862 2721 omnia
882 2672 1113 2723 Ciceroni
1128 2675 1282 2740 polli-

333 2751 459 2786 cens
478 2739 700 2789 decrevit
718 2739 925 2802 Bibulo,
951 2742 1025 2791 Ib.
1049 2744 1109 2808 7,
1134 2745 1167 2794 2
1183 2779 1199 2808 ,
1226 2746 1278 2795 7.

335 2803 401 2851 cl.
415 2805 486 2857 ib.
503 2809 551 2866 7,
568 2807 619 2870 3,
636 2807 689 2858 6.
703 2835 769 2844 -
781 2808 953 2858 Mense
974 2812 1208 2863 Ianuario
1227 2828 1276 2866 a.

336 2887 389 2925 u.
420 2889 463 2925 c.
488 2871 609 2925 705.
648 2891 820 2925 omnes
852 2879 1119 2943 cupiebant
1153 2879 1278 2932 Cae-

331 2957 499 2992 sarem
517 2980 530 3006 ,
564 2944 793 2994 abductis
812 2948 1111 3011 praesidiis,
1140 2956 1277 3000 stare

335 3013 719 3064 condicionibus
755 3015 852 3074 iis,
892 3031 1017 3078 quas
1053 3017 1271 3071 tulisset.

334 3108 404 3118 -·
444 3081 564 3132 Cato
601 3083 711 3148 ipse
746 3085 848 3132 iam
894 3087 1084 3136 servire
1121 3103 1272 3150 quam

334 3165 567 3216 pugnare
602 3152 811 3206 mavult.
864 3151 964 3205 Sed
999 3163 1167 3206 tamen
1201 3159 1273 3205 ait

335 3221 387 3268 in
422 3229 599 3269 senatu
621 3237 678 3272 se
708 3223 887 3273 adesse
916 3224 1076 3290 velle,
1116 3241 1272 3288 quum

336 3288 399 3336 de
421 3289 801 3342 condicionibus
832 3302 1041 3358 agatur,
1070 3297 1115 3344 si
1148 3292 1274 3344 Cae-

336 3369 420 3402 sar
439 3356 687 3407 adductus
708 3361 801 3422 sit,
834 3370 887 3411 ut
904 3365 1163 3426 praesidia
1183 3364 1272 3413 de-

336 3421 503 3473 ducat.
558 3426 662 3486 Ita,
706 3429 841 3488 quod
878 3433 1101 3480 maxime
1141 3446 1272 3496 opus

1422 341 1527 397 est,
1566 334 1620 381 in
1656 331 1888 381 Siciliam
1927 334 2002 381 ire
2048 345 2153 381 non
2202 340 2388 382 curat
2409 346 2432 379 τ

1423 402 1561 465 quod
1591 410 1758 450 metuo
1795 416 1858 449 ne
1896 402 2061 459 obsit,
2100 400 2156 447 in
2191 409 2428 449 senatu

1423 485 1536 519 esse
1555 469 1694 529 vult,
1731 470 1803 518 lb.
1825 472 1884 535 7,
1925 469 2017 529 15,
2055 471 2108 520 2.
2138 494 2213 525 ,-
2233 470 2422 528 Cat0‚

1424 543 1512 601 qui
1541 538 1766 588 Siciliam
1791 547 1958 587 tenere
1991 536 2132 586 nullo
2165 540 2420 601 negotio

1423 609 1591 673 potuit
1640 616 1719 669 et,
1775 608 1822 655 si
1867 606 2148 666 tenuisset,
2197 620 2422 655 omnes

1421 678 1542 726 boni
1572 676 1638 725 ad
1665 691 1780 726 eum
1804 690 1860 726 se
1886 675 2246 737 contulissent,
2281 674 2426 740 Sy..

1425 747 1620 795 racusis
1654 746 1913 810 profectus
1950 752 2027 794 est
2058 760 2106 793 a.
2142 744 2196 793 d.
2236 742 2412 797 VIII.

1426 814 1536 864 Kal.
1561 814 1680 863 Mai.
1701 814 1821 866 705.
1839 851 1853 877 ,
1873 814 1940 863 ad
1956 815 2064 865 Att.
2091 812 2174 877 10,
2202 812 2299 875 16,
2325 812 2402 864 3-

1425 912 1492 921 -—
1517 883 1804 933 Concursus
1843 882 2132 933 Siculorum
2172 882 2241 930 ad
2279 880 2408 930 Ca-

1425 964 1596 1003 tonem
1628 954 1812 1002 dicitur
1842 946 2034 1015 factuS,
2075 965 2284 1012 orasse,
2325 962 2404 1000 ut

1425 1024 1709 1085 resisteret,
1733 1022 1900 1085 omnia
1919 1020 2180 1085 pollicitos
2195 1056 2209 1079 ,
2234 1033 2396 1067 com·

1425 1099 1617 1142 motum
1663 1090 1804 1140 illurn
1821 1126 1836 1153 ,
1896 1089 2139 1139 dilectum
2183 1088 2394 1137 habere

1427 1162 1658 1225 coepisse
1678 1175 1724 1209 a.
1747 1174 1796 1209 u.
1822 1175 1866 1208 c.
1891 1157 2009 1208 ’705.
2032 1195 2045 1216 ,
2067 1158 2142 1206 Ib.
2167 1156 2262 1217 10,
2285 1157 2384 1218 12,

1425 1232 1476 1279 2.
1498 1256 1563 1263 -
1588 1229 1656 1280 Μ.
1683 1227 1803 1278 Cato
1825 1235 1872 1276 et
1891 1228 1960 1277 M.
1982 1228 2147 1276 Varro
2161 1228 2217 1275 in
2235 1224 2386 1275 bello

1422 1297 1714 1347 Pharsalico
1752 1295 2050 1360 Dyrrhachii
2090 1304 2261 1353 erant,
2305 1296 2384 1344 de

1425 1367 1583 1416 divin.
1609 1366 1657 1428 1,
1681 1366 1764 1426 32,
1784 1365 1870 1415 68.
1892 1392 1963 1405 -
1981 1365 2048 1413 M.
2075 1363 2199 1414 Cato
2226 1363 2386 1413 Italia.

1425 1436 1711 1499 prohibitus
1740 1451 1788 1486 a.
1818 1450 1870 1487 u.
1902 1450 1947 1488 c.
1983 1432 2102 1487 706.
2121 1470 2136 1493 ,
2175 1434 2243 1483 ad
2263 1434 2383 1486 Att-

1429 1505 1521 1567 11,
1561 1506 1624 1563 7,
1659 1505 1705 1553 1.
1739 1531 1805 1539 —
1841 1503 2056 1568 Sulpicii
2093 1501 2384 1553 consilium

1425 1574 1522 1623 etsi
1551 1587 1650 1621 non
1677 1580 1780 1622 tam
1802 1572 2084 1638 gloriosum
2103 1579 2182 1621 est
2214 1586 2381 1641 quam

1425 1641 1658 1702 CatoniS,
1704 1650 1874 1691 tamen
1909 1649 1960 1691 et
2007 1640 2237 1705 periculo
2285 1656 2384 1689 va·-

1423 1727 1575 1761 cuum
1595 1718 1672 1761 est
1702 1719 1750 1759 et
1773 1709 1972 1774 dolore,
2002 1712 2076 1764 Ib.
2103 1709 2165 1760 11
2183 1746 2199 1771 ,
2228 1710 2288 1771 7,
2314 1712 2375 1761 4.

1424 1807 1492 1817 --
1509 1780 1670 1829 Multa
1691 1779 1759 1832 M.
1785 1780 2021 1830 Catonem
2055 1778 2376 1837 fefellerunt,

1423 1850 1488 1900 de
1520 1851 1678 1898 divin.
1714 1848 1739 1897 1
1761 1886 1776 1909 ,
1810 1850 1902 1911 14,
1937 1850 2020 1898 24.
2053 1874 2123 1885 —
2151 1848 2217 1896 M.
2245 1846 2376 1896 Cato

1419 1917 1679 1984 praeclare
1695 1919 1847 1982 periit
1861 1955 1876 1980 ,
1904 1918 1970 1968 ad
1988 1916 2109 1966 fam.
2129 1915 2182 1978 9,
2207 1916 2294 1981 18,
2313 1918 2371 1968 2.

1423 1987 1544 2038 Cato
1564 1989 1640 2038 sic
1661 1987 1785 2037 abiit
1800 1988 1930 2048 vita,
1953 1994 2010 2036 ut
2029 2001 2236 2036 causam
2255 2001 2377 2034 mo-

1420 2057 1586 2105 riendi
1615 2065 1849 2106 nanctum
1876 2071 1931 2105 se
1961 2071 2073 2106 esse
2099 2054 2376 2120 gauderet,

1419 2123 1625 2182 Tuscul.
1666 2125 1721 2186 l,
1755 2123 1852 2187 30,
1885 2127 1970 2175 74.
1992 2125 2146 2176 -M.
2173 2123 2374 2174 Catone

1423 2201 1619 2243 mortuo
1639 2201 1845 2244 senatus
1865 2193 2012 2256 quasi
2035 2192 2264 2258 pupillus
2285 2207 2367 2240 re—

1421 2263 1585 2324 lictuS,
1607 2263 1672 2312 de
1692 2271 1813 2312 orat.
1833 2263 1883 2326 3,
1896 2263 1982 2326 41,
2000 2261 2119 2312 165.
2133 2289 2202 2297 -
2217 2259 2369 2310 Cato-

1421 2333 1474 2380 ni
1490 2331 1680 2396 placuit
1695 2332 1950 2382 Ciceronis
1969 2331 2282 2381 consulatuS.
2297 2357 2371 2365 —

1421 2400 1582 2450 Multa
1599 2401 1705 2450 vita
1725 2401 1977 2450 excedens
1992 2400 2236 2465 providit,
2257 2395 2366 2447 tum

1422 2471 1557 2532 quod
1586 2469 1865 2519 Antonium
1884 2468 2144 2519 consulem
2163 2483 2268 2517 non
2287 2469 2366 2516 vi-

1422 2540 1524 2603 dit,
1545 2538 1768 2603 Philipp.
1790 2540 1822 2588 2
1837 2576 1851 2599 ,
1871 2539 1923 2599 5,
1949 2539 2028 2589 12.
2058 2563 2126 2574 —-
2147 2537 2215 2589 M.
2242 2534 2364 2585 Cato

1421 2615 1743 2672 comparatus
1773 2623 1888 2657 cnm
1923 2608 2164 2666 caeteris,
2199 2605 2366 2669 quise

1421 2679 1473 2724 in
1496 2676 1670 2726 Africa
1690 2675 1892 2726 Caesari
1910 2676 2244 2726 tradiderunt.
2282 2673 2363 2732 Ei,

1421 2761 1575 2808 quum
1609 2745 1956 2794 incredibilem
1977 2744 2241 2795 tribuisset
2271 2757 2362 2792 na-

1417 2821 1530 2876 tura
1549 2815 1847 2879 gravitatem
1870 2829 2081 2876 eamque
2111 2813 2226 2877 ipse
2244 2825 2363 2875 per-

1416 2890 1570 2946 petua
1656 2885 1940 2932 constantia
2020 2881 2362 2931 roboravisset

1417 2965 1714 3016 semperque
1733 2953 1786 3000 in
1810 2952 2072 3016 proposito
2094 2956 2360 3012 suscepto·

1417 3035 1515 3082 que
1553 3021 1768 3072 consilio
1803 3020 2198 3085 permansisset,
2249 3032 2359 3066 mo-

1412 3089 1646 3140 riendum
1699 3091 1871 3154 potius
1938 3104 2091 3151 quam
2155 3087 2357 3152 tyranni

1413 3159 1582 3208 vultus
1603 3159 1928 3222 aspiciendus
1947 3158 2072 3219 fuit,
2107 3157 2170 3206 de
2195 3155 2280 3204 off.
2306 3153 2353 3212 1,

1412 3225 1498 3289 31,
1525 3227 1642 3276 112.
1661 3227 1827 3279 --.Ad
1845 3242 1961 3276 eum
1979 3227 2200 3290 scriptae
2219 3233 2350 3283 sunt,

1413 3295 1480 3344 ad
1511 3295 1632 3344 fam.
1661 3295 1756 3356 15,
1783 3293 1846 3356 3,
1886 3299 1921 3346 4
1955 3303 2003 3344 et
2032 3294 2083 3345 6.
2119 3293 2247 3343 Eius
2280 3301 2352 3342 est

1413 3362 1629 3426 epistola
1659 3365 1720 3414 ad
1748 3364 1864 3414 fam.
1892 3364 1985 3426 15,
2018 3363 2068 3414 5.
2091 3389 2158 3399 -—
2181 3360 2351 3412 Cicero

1413 3433 1465 3480 in
1503 3430 1721 3494 Catone,
1769 3431 2142 3498 perfectissimo
2181 3427 2352 3482 Stoico
