2500 3850
727 179 1004 230 SESTIUS
1033 201 1116 212 -·-
1143 180 1434 230 SEx'rms
1448 213 1463 228 .

114 353 271 390 causa
291 336 676 396 dissensionem,
693 335 926 386 omnibus
943 351 1056 385 seu-

111 408 286 458 tentiis
315 403 576 454 absolutus
595 413 688 454 est..
711 440 724 454 .
750 438 762 450 .
794 405 850 454 In
875 404 1054 454 defen·

116 476 284 526 dendo
314 487 514 524 moroso
541 473 733 522 homini
763 473 1056 523 cumulatis·

113 547 244 594 sime
265 542 386 592 satis
406 542 524 592 fecit
544 541 738 607 Cicero,
757 542 823 592 ad
844 541 902 600 Q.
921 541 985 591 fr.
1001 543 1052 602 2,

113 616 167 674 4,
193 613 241 665 l.
265 637 336 648 --
363 611 415 659 P.
438 610 634 661 Sestius
656 611 888 660 laudatus
911 626 940 659 a
960 611 1050 662 Cn.

114 681 373 745 Pompeio,
397 681 463 730 ad
483 679 604 730 fam.
632 680 677 742 1,
699 679 749 741 9,
765 681 812 728 7.
829 680 1054 730 —Prae·

114 761 193 800 tor
214 751 308 800 fuit
326 764 374 802 a.
393 764 444 798 u.
467 765 512 798 c.
535 748 652 799 701.
691 776 756 786 —-
779 748 902 799 Eius
921 749 1054 799 litte-

112 835 200 869 rae
229 819 295 869 ad
325 817 618 870 Ciceronem
649 819 838 870 missae
858 833 905 868 a.
928 833 980 867 ιι.
1003 832 1050 872 c.

112 887 230 941 703.
249 925 262 949 ‚
291 888 355 936 ad
385 889 485 937 An.
523 887 585 948 5,
619 886 714 950 17,
745 888 796 940 4.
819 913 888 924 -
909 886 1056 952 Cupit

113 958 288 1008 Cicero
310 956 530 1006 Sestium
551 956 843 1022 expeditum
865 957 1051 1016 videre,

113 1029 188 1077 Ib.
209 1025 274 1085 6,
297 1027 322 1076 1
343 1061 358 1085 ,
390 1023 474 1076 23.
493 1053 560 1062 ——-
579 1026 848 1076 Pecuniam
863 1062 876 1085 ,
901 1039 1052 1088 quam

109 1097 170 1147 L.
203 1093 476 1144 Mescinius
492 1093 656 1144 Rufus
685 1095 738 1144 in
761 1094 876 1145 fano
897 1095 1054 1160 depo-

113 1169 314 1224 suerat,
334 1178 427 1228 pro
449 1172 680 1228 praetore
702 1163 908 1214 Ciliciae
936 1167 1054 1212 abs·

114 1233 233 1282 tulit
259 1247 306 1284 a.
330 1247 381 1284 ιι.
401 1247 446 1282 c.
467 1230 585 1283 705.
602 1269 616 1294 ,
638 1234 702 1282 ad
726 1231 847 1282 fam.
879 1231 911 1283 5
929 1268 943 1291 ,
965 1229 1052 1292 20,

110 1303 164 1353 5.
186 1328 252 1338 -
273 1299 448 1352 Cicero
471 1301 728 1351 accusavit
748 1315 918 1352 secum
940 1301 1054 1366 ipse

32 1367 40 1423 ἶ
107 1370 427 1434 Pompeium,
449 1371 536 1432 qui
557 1384 802 1434 responsa
827 1371 894 1420 ad
915 1383 1054 1418 man·

33 1434 40 1465 ²
113 1439 234 1488 data
255 1437 487 1488 Caesaris
515 1453 563 1487 a.
585 1453 638 1488 u.
663 1453 708 1488 c.
738 1437 857 1490 705.
884 1436 1053 1488 Sestio

34 1494 42 1557 ἱ
111 1507 406 1558 scribendas
431 1507 1053 1582 deder13,adAtt.7,17‚

110 1579 164 1626 2·
185 1579 251 1626 V·
278 1543 688 1641 Σηστιωδῆς.
707 1575 922 1633 -Quia
940 1589 1053 1624 cum

11 1672 42 1689 ›·
109 1645 329 1726 imperio
363 1652 468 1703 est,
490 1644 571 1694 ius
601 1643 754 1694 habet
776 1659 888 1694 cum
906 1644 1054 1695 Ροιιι-

111 1715 232 1780 peio
249 1715 302 1764 iu
323 1711 588 1763 Graeciam
617 1713 911 1764 transeundi
930 1727 978 1762 a.
999 1729 1050 1762 ιι.

11 1740 13 1743 >
109 1800 158 1834 c.
184 1783 328 1846 705.,
347 1783 418 1832 15.
436 1782 487 1846 8,
510 1781 594 1842 15,
614 1781 665 1834 3.
683 1808 754 1821 -
769 1781 934 1834 Sestio
955 1795 1054 1834 non

106 1858 255 1918 putat
301 1850 473 1902 Cicero
521 1865 642 1903 snos
688 1851 890 1903 lictores
939 1866 1054 1902 esse

109 1936 412 1981 concessos,
454 1921 548 1971 sed
581 1936 612 1971 a
642 1919 856 1974 Caesare
888 1921 1053 1983 datos,

107 1991 186 2043 lb.
225 1991 320 2050 11,
355 1992 415 2051 7,
449 1990 497 2041 1.
527 1990 812 2043 —Sestius
848 1992 1053 2041 Ariara-

107 2058 264 2121 then,
297 2026 648 2125 Cappadociae
673 2076 872 2127 regem,
903 2074 1052 2125 paro·

109 2127 221 2177 chis
261 2128 480 2191 publicis
525 2131 792 2195 occupavit
830 2144 876 2179 a.
916 2144 969 2179 u.
1003 2146 1050 2183 c.

107 2194 572 2259 709,15.,,132
602 2198 650 2249 1.
686 2198 881 2258 1b.13‚
913 2198 1050 2258 7,1.

107 2290 178 2301 -—
217 2232 290 2313 D'e
335 2263 594 2315 Buciliano
632 2264 854 2316 Sestium
911 2274 1055 2331 putat

109 2332 289 2384 Cicero
309 2348 411 2383 non
440 2333 652 2385 moleste
689 2332 820 2385 ferre
847 2350 896 2385 a.
918 2350 971 2384 u.
1007 2352 1052 2387 c.

107 2399 230 2454 710.
250 2436 266 2463 ‚
295 2401 371 2455 Ib.
395 2402 476 2466 15,
499 2403 584 2462 17,
603 2403 655 2452 2.
688 2428 750 2439 —-
769 2402 895 2453 Eius
915 2402 1056 2455 lucu·

105 2471 245 2519 lenta
263 2470 498 2536 navigia,
528 2472 600 2520 15.
625 2471 715 2535 16,
740 2472 802 2531 4,
821 2473 873 2523 4.
892 2501 962 2513 —-
979 2472 1053 2524 Eo

107 2540 222 2597 die,
267 2554 366 2601 quo
407 2540 471 2589 de
515 2539 680 2591 Sestio
728 2552 901 2591 nostro
941 2541 1056 2606 lege

106 2609 354 2671 Pompeia
381 2609 444 2659 de
476 2608 670 2661 ambitu
695 2610 748 2659 in
783 2610 1054 2659 consilium

106 2678 175 2727 iri
203 2692 411 2727 necesse
442 2685 549 2727 erat
575 2686 670 2728 etc.
690 2714 704 2737 ,
737 2679 813 2732 Ib.
847 2678 939 2737 13,
963 2678 1053 2739 49,

108 2747 156 2799 1.
198 2746 271 2795 Ib.
295 2746 379 2804 14,
409 2746 458 2806 1,
478 2748 528 2797 2.
570 2748 636 2797 ad
656 2748 775 2797 fam.
800 2749 852 2809 7,
881 2749 976 2809 24,
998 2751 1052 2799 2.

104 2842 177 2853 --
202 2815 374 2880 Magni
392 2814 447 2865 fit
464 2830 496 2865 a
519 2816 774 2867 Cicerone.
815 2816 978 2868 Gener
996 2813 1049 2866 0.

102 2882 641 2939 Albiniisenatorisa.
666 2901 719 2939 u.
743 2885 1047 2947 c..709.,1b

106 2950 194 3015 13,
217 2950 276 3013 8,
306 2953 354 3001 l.
379 2978 447 2989 —-
470 2952 685 3004 Litteras
713 2954 852 3005 dedit
876 2954 1050 3006 Cicero

103 3036 153 3069 a.
179 3036 229 3069 ιι
265 3036 309 3070 c.
345 3021 464 3072 710.
497 3024 563 3073 ad
591 3020 808 3075 Sestium
835 3024 1050 3089 scriptas

105 3080 262 3137 πάνυ
294 3084 691 3157 φιλοστόργως.
739 3092 828 3144 Ille
861 3102 1046 3154 autem,

104 3158 245 3219 quod
283 3158 518 3211 Puteolos
554 3163 904 3227 prosequitur,
955 3162 1049 3212 hu-

103 3240 282 3283 mane;
299 3229 434 3290 quod
459 3232 712 3291 queritur,
739 3232 954 3295 iniuste,
983 3233 1047 3281 ad

103 3295 210 3342 Att.
238 3261 326 3355 15,
348 3296 511 3359 27,1.
541 3314 623 3364 ep.
649 3300 875 3349 adBrut.
899 3303 963 3363 2,
992 3301 1044 3351 7.

105 3388 178 3400 --
209 3362 282 3411 De
312 3361 466 3414 Sestii
496 3367 797 3431 insolentia,
825 3368 1048 3419 Pseudo-

96 3432 198 3481 εἰσ.
225 3432 276 3480 in
303 3430 426 3487 Sall
448 3436 612 3495 4,12.

11 3511 45 3565 21

9 3782 22 3811 l

2010 165 2129 228 365

1126 334 1375 399 Sestius,
1403 339 1599 385 amicus
1626 336 1894 395 Trebouii,
1920 337 1985 384 ad
2004 333 2129 385 sam.

1122 473 1187 524 Ρ.
1213 469 1435 524 Sestius
1465 472 1532 522 P.
1562 470 1628 521 F.
1657 473 1887 523 diversus
1917 472 2017 522 aP.
2042 471 2133 522 Se·

1192 543 1292 593 stio
1312 542 1371 593 L.
1396 543 1451 592 F.
1484 543 1566 590 Ad
1590 557 1707 592 eum
1736 549 1811 590 est
1840 541 1906 590 ad
1938 540 2059 594 fam.
2080 539 2131 600 5,

1196 612 1279 665 17.
1304 613 1353 662 in
1377 626 1475 675 qua
1495 611 1603 660 eius
1625 609 1758 660 filius
1779 610 1897 660 item
1917 609 1971 658 P.
1996 623 2132 660 com-

1193 688 1527 742 memoratur,
1559 680 1631 732 lb.
1654 683 1701 743 §-
1723 681 1773 732 2.

1124 747 1343 802 Sestius
1358 785 1375 814 ,
1411 750 1749 815 Pompeianus
1765 787 1779 812 ,
1822 749 2055 800 diversus
2102 765 2133 798 a

1190 820 1400 878 Publio,
1435 821 1501 868 ad
1533 821 1634 868 Att.
1658 819 1721 882 8,
1760 819 1853 881 15,
1890 819 1937 870 3.
1972 819 2034 871 cl.
2063 818 2132 867 ib.

1195 889 1279 948 11,
1310 891 1360 951 7,
1386 889 1433 938 1.

1124 955 1195 1010 Τ.
1217 955 1437 1007 Sestius
1462 956 1681 1008 Gallus.
1719 958 1782 1008 V.
1803 953 1873 1006 Τ.
1897 953 2129 1024 Sergius

1197 1025 1421 1076 Gallus.

1126 1092 1354 1146 Setinus
1374 1109 1515 1160 ager,
1536 1109 1566 1144 a
1591 1093 1747 1153 Setia,
1768 1094 1897 1144 Latii
1920 1093 2127 1160 oppid0,

1193 1165 1258 1214 de
1276 1163 1389 1228 lege
1409 1178 1520 1229 agr.
1542 1165 1593 1224 2,
1614 1164 1699 1226 25,
1717 1163 1807 1216 66.

1123 1229 1314 1284 Sextia
1340 1232 1510 1284 tabula
1529 1268 1543 1294 ‚
1574 1233 1845 1299 argentarii
1866 1233 2131 1284 cuiusdam

1193 1301 1385 1363 Sextii,
1405 1316 1498 1366 pro
1520 1300 1719 1360 Quinct.
1746 1302 1796 1360 6,
1818 1301 1903 1350 25.

1125 1367 1390 1421 Sextiana
1409 1370 1559 1422 dicta.
1601 1370 1662 1419 V.
1685 1366 1967 1419 Sestiana.

1125 1435 1395 1490 Sextilius
1409 1473 1424 1500 ,
1451 1438 1685 1488 Etruscus
1700 1473 1715 1496 ,
1737 1435 1791 1490 0.
1812 1438 1927 1487 Iulii
1950 1437 2131 1488 Caesa·

1192 1506 1565 1626 ris3Strabonis
1604 1506 1858 1572 proditor,
1900 1506 1964 1556 de
2002 1514 2128 1556 orat.

1123 1640 1397 1696 Sextilius
1425 1641 1613 1694 Andro
1636 1645 2008 1709 Pergamenae,
2038 1657 2129 1707 pro

1193 1713 1371 1763 Flacco
1390 1711 1477 1768 34.
1500 1713 1589 1765 84.

1122 1782 1188 1834 A.
1210 1777 1513 1845 Sextilius,
1544 1780 1695 1831 homo
1718 1782 1978 1847 improbus
1995 1815 2009 1840 ,
2038 1795 2129 1846 pro

1194 1851 1377 1902 Flacco
1400 1851 1483 1910 15,
1504 1849 1588 1902 35.

1127 1919 1187 1973 C.
1225 1915 1495 1972 Sextilius
1514 1956 1529 1983 ,
1566 1919 1633 1969 M.
1668 1920 1911 1970 Lurconis
1942 1920 2130 1971 sororis

1189 1991 1353 2050 filius,
1375 1989 1528 2040 homo
1549 1998 1595 2039 et
1614 1990 1809 2054 pudens
1830 2000 1877 2039 et
1896 1997 2131 2039 constans

1192 2068 1241 2110 et
1262 2060 1461 2124 gravis,
1482 2073 1575 2123 pro
1598 2057 1774 2107 Flacco
1798 2057 1879 2122 36,
1903 2056 1987 2112 89.

1127 2127 1188 2179 0.
1210 2124 1482 2180 Sextilius
1502 2124 1709 2190 Rufus,
1736 2128 2052 2177 necessarius
2070 2129 2127 2181 P.

1192 2196 1423 2261 Lentuli,
1461 2206 1699 2259 quaestor
1732 2196 1881 2261 Cypri
1910 2212 1957 2246 a.
1992 2212 2043 2249 u.
2081 2212 2126 2251 c.

1192 2266 1313 2319 707.
1359 2293 1425 2302 --
1477 2266 1558 2315 Ad
1594 2281 1709 2315 eum
1740 2268 1930 2330 scripta
1962 2274 2038 2315 est
2065 2265 2133 2315 ad

1191 2335 1316 2387 fam.
1347 2332 1429 2389 13.
1458 2350 1541 2399 ep.
1576 2334 1659 2386 48.
1694 2336 1845 2387 -A.
1870 2350 1919 2387 ιι.
1942 2349 1985 2383 c.
2010 2334 2128 2385 711.

1191 2411 1427 2469 praeerat
1456 2403 1609 2453 classi
1638 2402 1693 2453 0.
1727 2402 1918 2463 Cassii,
1949 2403 2021 2453 Ib.
2046 2400 2129 2460 12,

1195 2472 1279 2536 13,
1299 2474 1351 2523 4.
1364 2499 1434 2511 —
1446 2472 1793 2523 Discruciatur
1812 2471 1987 2523 Cicero
2004 2468 2131 2519 Sex-

1191 2540 1291 2591 tilii
1313 2540 1523 2591 fundum
1558 2555 1587 2590 a
1612 2541 1889 2591 verberone
1918 2539 2129 2591 Curtilio

1193 2610 1481 2675 possideri,
1506 2610 1573 2659 ad
1589 2615 1695 2664 Att.
1724 2608 1811 2670 14,
1837 2608 1889 2673 6,
1912 2608 1961 2662 l.

1210 2644 1497 2743 Sextilius,
1526 2686 1763 2741 quaestor
1780 2692 1826 2731 a.
1849 2692 1903 2732 ιι.
1926 2694 1971 2732 c.
1994 2676 2131 2735 693..

1193 2760 1287 2813 pro
1310 2748 1485 2798 Flacco
1514 2746 1594 2810 13,
1616 2746 1703 2799 30.

1120 2814 1186 2866 Ρ.
1209 2813 1477 2869 Sextilius
1508 2813 1698 2867 Rufus
1727 2817 1915 2868 callida
1945 2818 2131 2883 impro-

1189 2885 1350 2935 bitate
1382 2887 1516 2951 cepit
1543 2886 1875 2937 hereditatem
1902 2884 1961 2945 Q.
1990 2888 2129 2937 Fadii

1189 2953 1349 3015 Galli,
1372 2955 1436 3005 de
1454 2955 1539 3006 fin.
1564 2958 1615 3015 2,
1636 2954 1719 3015 17,
1740 2956 1823 3007 55.

1123 3022 1194 3089 Q.
1233 3022 1537 3087 Sextilius,
1573 3025 1769 3075 amicus
1802 3024 2035 3079 Milonis,
2064 3025 2131 3073 ad

1187 3092 1246 3152 Q.
1274 3092 1337 3142 fr.
1362 3095 1413 3154 2,
1439 3094 1486 3152 1,
1512 3092 1561 3143 3.

1118 3158 1363 3213 Sextius.
1400 3164 1464 3213 V.
1486 3158 1723 3213 Sestius.

1119 3226 1345 3281 Sextius
1359 3266 1375 3293 ,
1397 3229 1454 3280 0.
1475 3231 1651 3279 Verris
1677 3230 1941 3294 proximus
1964 3230 2126 3292 lictor,

1189 3298 1418 3348 carnifex
1436 3298 1845 3357 crudelissimus,
1874 3299 2021 3349 Verr.
2046 3314 2129 3348 ac-

1188 3376 1355 3421 cusat.
1376 3366 1429 3430 3,
1450 3365 1535 3421 67.
1562 3366 1677 3419 156.
1713 3368 1948 3418 Accusat.
1970 3368 2021 3429 5,
2044 3370 2131 3425 45,

1192 3434 1305 3487 118.
1342 3436 1413 3487 15.
1436 3434 1490 3502 5,
1511 3436 1595 3501 54,
1622 3437 1739 3492 142.

1122 2676 1188 2728 Ρ.
