2500 3850
721 171 1120 219 POLLENTIA
1141 190 1226 201 -·
1246 172 1735 223 POLYPHEMUS.

252 327 495 392 appellati
537 327 859 391 Peripatetici
897 335 945 375 et
991 329 1188 377 Acade-

250 398 396 457 mici,
419 398 481 445 de
505 405 628 445 orat.
652 396 701 455 3,
726 396 814 458 28,
839 394 956 448 109.

180 462 461 515 Pollentia
483 465 725 529 oppidum
744 464 934 523 Piceni,
951 466 1032 515 vel
1053 467 1187 515 idem

249 535 388 596 quod
405 535 523 583 urbs
543 533 718 583 Salvia
735 534 1084 599 (Urbisaqlia)
1106 535 1187 584 vel

248 607 299 652 in
327 604 436 653 eius
454 604 739 660 vicinitate,
768 603 990 668 Philipp.
1016 604 1110 664 11,
1134 603 1185 664 6,

250 674 330 724 14.
374 674 439 722 ad
467 672 588 725 fam.
616 672 696 733 ll,
729 671 809 731 13,
829 671 877 722 3.

173 740 402 805 Pollex,
423 742 682 791 Ciceronis
703 755 878 790 servus
901 756 932 790 a
949 742 1184 806 pedibuS,

244 811 312 859 ad
328 812 450 863 fam.
478 810 560 871 14,
581 810 632 869 6,
657 809 704 859 1.
741 811 807 859 ad
826 814 931 859 Att.
954 811 1014 872 8,
1038 810 1069 860 5
1086 847 1100 870 ,
1133 812 1180 860 1.

243 906 307 915 -—
342 880 397 927 In
431 880 542 928 eius
577 880 783 928 nomine
818 880 946 929 ludit
979 878 1180 929 Cicero:

247 948 431 1012 ‘plane
466 947 668 1012 pollex,
707 962 808 997 nou
849 950 1058 1008 index’,
1109 950 1179 997 lb.

247 1016 328 1071 13.
347 1016 433 1077 46,
457 1018 504 1066 l.
540 1018 614 1067 lb.
639 1016 721 1077 13,
743 1018 828 1079 47,
855 1018 905 1071 l.

175 1084 380 1135 Pollio.
419 1087 485 1136 V.
511 1082 738 1135 Asinius
758 1083 964 1136 Pollio.

174 1154 460 1205 Polliones
503 1164 847 1205 memorantur
881 1156 1012 1205 inter
1057 1170 1181 1205 nau-

243 1224 405 1289 fragia
446 1222 678 1276 Caesaris
715 1225 1022 1284 amicorum,
1063 1224 1181 1273 Phi-

243 1294 370 1357 lipp.
395 1294 474 1354 13,
499 1295 550 1349 2,
571 1292 622 1343 3.

173 1360 396 1425 Pollux,
425 1352 810 1424 Πολυδεύκης.
851 1362 972 1411 Eius
995 1362 1177 1421 cultuS,

241 1432 306 1480 de
330 1430 430 1495 leg.
466 1432 526 1491 2,
555 1431 619 1490 8,
664 1430 748 1480 19.
776 1458 848 1469 —-
873 1430 1096 1481 Castoris
1133 1440 1182 1479 et

241 1499 463 1549 Pol-lucis
513 1499 690 1548 stellae
739 1510 920 1547 aureae
965 1498 1180 1563 Delphis

241 1570 439 1632 positae
457 1603 470 1628 ,
510 1568 574 1617 de
603 1568 761 1618 divin.
787 1569 813 1617 1
833 1603 846 1628 ,
879 1568 972 1627 34,
1001 1571 1082 1621 75.
1111 1596 1182 1605 -

240 1637 446 1686 Tusculi
467 1638 622 1686 aedes
635 1637 852 1695 Castoris
870 1645 918 1685 et
935 1636 1178 1703 Pollucis„

241 1707 315 1755 lb.
344 1706 369 1756 1
387 1742 400 1768 ,
421 1704 488 1755 43
505 1742 520 1765 ,
547 1705 633 1758 98.
658 1733 725 1741 —
753 1705 930 1755 Statua
951 1706 1179 1756 Africani

239 1776 450 1824 minoris
469 1776 535 1824 ad
553 1768 970 1835 Πολυδεύκους,
992 1777 1057 1825 ad
1070 1777 1173 1826 Att.

239 1844 290 1904 6,
314 1844 361 1905 1,
383 1845 432 1896 7.
475 1844 544 1897 ef.
567 1846 629 1894 de
649 1860 698 1893 n.
726 1845 778 1895 d.
800 1847 852 1904 2,
875 1846 962 1905 24,
983 1844 1068 1896 62.
1108 1847 1173 1895 V.

243 1912 460 1966 Castor.

173 1982 346 2033 Polus
363 2020 376 2046 ,
403 1985 544 2034 Arat.
569 2000 620 2035 v,
647 1985 732 2036 25.

171 2051 514 2118 Polyaenus.
558 2079 622 2090 --
661 2053 912 2118 Epicurus
947 2053 1175 2118 profecto

239 2137 511 2183 numquam
536 2124 818 2186 putavisset
849 2121 1043 2185 aliquid
1062 2137 1176 2172 esse

237 2192 531 2254 minimum,
571 2193 618 2240 si
652 2205 683 2238 a
711 2191 993 2257 Polyaen0,
1027 2192 1176 2241 fami-

237 2259 352 2308 liari
374 2273 483 2316 suo,
505 2262 834 2323 geometriam
857 2262 1051 2310 discere
1071 2275 1175 2309 ma-

239 2327 418 2377 luisset
451 2343 602 2390 quam
643 2328 778 2376 illam
820 2330 972 2378 etiam
1001 2331 1175 2392 ipsum

239 2399 514 2458 dedecere,
538 2397 602 2446 de
618 2396 704 2446 fin.
731 2398 753 2446 1
777 2435 790 2456 ,
812 2397 862 2456 6,
883 2396 969 2447 20.
991 2423 1056 2434 —-
1077 2399 1176 2447 Po-

235 2467 473 2532 lyaenus,
505 2467 589 2529 qui
618 2481 834 2532 magnus
857 2465 1176 2515 mathemati-

237 2551 326 2585 cus
347 2535 508 2585 fuisse
527 2536 734 2590 dicitur,
757 2543 935 2600 postea
954 2535 1174 2599 Epicuro

237 2605 528 2655 adsentiens
546 2611 700 2653 totam
727 2605 1057 2670 geometriam
1078 2604 1176 2653 fal-

237 2689 344 2722 sam
376 2689 488 2722 esse
527 2675 742 2724 credidit
758 2710 771 2734 ,
812 2673 970 2722 Aead.
1013 2689 1089 2737 pr.
1122 2673 1172 2737 2,

165 2779 460 2879 Poly'bius,
474 2811 745 2862 historicus
759 2811 996 2861 Graecus·
1021 2808 1175 2860 Grae-

222 2885 325 2930 'cus
356 2895 523 2929 rerum
551 2881 778 2930 civilium
813 2880 1174 2944 peritissimUS,

238 2949 504 2998 familiaris
536 2949 788 3013 Scipionis
819 2949 1046 2998 Africani
1081 2950 1176 2998 mi-

234 3024 396 3079 noris,
438 3019 500 3068 de
520 3035 558 3070 r.
583 3035 634 3084 p.
676 3021 700 3070 l
720 3055 732 3077 ‚
767 3017 829 3068 21
852 3056 865 3079 ,
889 3017 973 3069 34.
1007 3043 1073 3054 --
1100 3017 1174 3067 Eo

237 3104 384 3138 uerno
405 3087 499 3136 fnit
517 3088 566 3136 in
589 3089 914 3151 exquirendis
933 3088 1176 3151 tempori-

236 3159 331 3206 bus
353 3157 673 3222 diligentior,
706 3158 776 3207 lb.
803 3159 833 3206 2
849 3195 864 3219 ,
887 3158 968 3215 14,
995 3157 1082 3206 27.
1105 3183 1174 3192 --

237 3225 477 3289 Polybius
513 3226 876 3290 negligentiam
920 3225 1173 3274 Romano-

239 3307 347 3342 rum
371 3295 667 3354 accusabat,
700 3296 837 3358 quod
868 3294 1004 3344 nulla
1035 3295 1173 3357 apud

246 3375 332 3410 eos
357 3371 490 3411 esset
511 3362 778 3427 disciplina
811 3364 1021 3427 puerilis
1043 3363 1171 3427 legi-

240 3433 336 3481 bus
375 3432 673 3492 constituta,
717 3434 788 3481 Ib.
825 3434 886 3494 4,
927 3430 988 3492 3,
1033 3429 1082 3483 3.
1105 3456 1168 3467 -·-·

2142 162 2270 229 303

1326 329 1598 396 PolybiuS,
1620 332 1782 382 bonus
1804 340 1977 381 auctor
1997 334 2046 381 iu
2065 334 2271 400 primis,

1330 402 1455 461 quid
1480 402 1544 451 de
1563 402 1734 451 decem
1757 402 1970 464 captivis
1996 403 2059 450 ab
2080 402 2271 454 Hanni-

1328 468 1443 519 bale
1462 480 1577 534 post
1611 484 1833 535 pugnam
1857 468 2167 521 Cannensem
2202 473 2270 524 ad

1328 547 1559 589 senatum
1579 540 1753 589 missis
1770 539 2064 598 tradiderit,
2090 542 2153 590 de
2176 542 2265 595 off.

1328 609 1387 670 3,
1418 606 1485 658 32
1502 645 1515 667 ‚
1556 608 1672 659 113.
1693 635 1758 643 —
1779 608 2019 672 Polybius
2052 624 2151 659 non
2178 627 2278 661 no·.

1327 678 1487 726 minat
1511 678 1686 727 decem
1714 678 1909 743 legatos
1937 680 1994 727 L.
2018 679 2269 743 Mummii,

1326 746 1392 795 ad
1429 747 1535 800 Att.
1580 746 1671 807 13,
1711 744 1809 806 30,
1846 746 1897 797 3.
1928 775 1994 783 --
2024 745 2269 813 Polybius

1324 814 1685 865 Numantinum
1738 815 1927 865 bellum
1992 820 2270 881 separatim

1326 885 1561 950 scripsit,
1586 886 1651 934 ad
1672 885 1794 934 fam.
1818 884 1869 947 5,
1892 885 1975 947 12,
2003 888 2053 935 2.

1253 966 1665 1035 Polycharmus
1700 977 1903 1033 praetor
1938 971 2047 1020 sive
2070 960 2264 1034 ἅρχων

1323 1037 1678 1097 Atheniensis,
1701 1039 1767 1087 ad
1790 1039 1893 1086 Att.
1916 1038 1967 1099 5,
1991 1039 2073 1102 11,
2102 1042 2153 1091 6.

1251 1122 1583 1191 Polycletus
1634 1126 1742 1173 sive
1781 1122 2097 1190 Polyclitus
2119 1164 2131 1188 ,
2183 1126 2264 1175 Si-
2332 1174 2335 1179 .

1324 1195 1564 1259 cyoniuS,
1605 1193 1880 1243 statuarius
1918 1193 2132 1244 illustris
2173 1196 2263 1245 sso-

1320 1262 1420 1311 ruit
1460 1264 1594 1312 circa
1637 1262 1835 1327 Olymp.
1881 1261 1969 1312 87.
2028 1290 2095 1301 —-
2142 1264 2263 1314 Eius

1323 1334 1471 1396 signa
1498 1330 1758 1395 pulcriora
1787 1346 1939 1394 quam
1960 1331 2183 1399 Myronis
2215 1342 2265 1383 et

1322 1400 1421 1448 iam
1453 1400 1604 1463 plane
1621 1400 1871 1465 perfecta,
1900 1401 2038 1450 Brut.
2069 1402 2150 1461 18,
2175 1403 2258 1455 70.

1322 1469 1529 1519 -Eius
1568 1468 1922 1534 Canephoroe,
1964 1473 2122 1520 aenea
2160 1472 2261 1521 duo

1322 1538 1501 1601 sigua,
1535 1552 1632 1587 non
1660 1542 1911 1602 maxima,
1946 1555 2123 1589 verum
2154 1542 2262 1589 exi-

1321 1608 1423 1655 mia
1457 1615 1746 1669 venustate,
1777 1610 1921 1658 Verr.
1955 1616 2175 1664 accusat.
2206 1612 2241 1659 4

1321 1674 1381 1738 3,
1416 1674 1467 1728 5.
1490 1701 1556 1712 -
1578 1676 1702 1743 Eius
1730 1677 2092 1743 DoryphoruS,
2132 1688 2261 1729 orat-x

1320 1746 1369 1806 2,
1388 1745 1436 1793 5.
1458 1772 1518 1781 —
1541 1738 1665 1794 Eiu³s
1682 1745 2033 1811 Doryphorum
2054 1748 2148 1797 sibi
2164 1749 2263 1814 Ly-

1319 1815 1497 1877 sippus
1532 1815 1699 1863 aiebat
1740 1817 2039 1880 magistrum
2077 1818 2258 1880 fuisse,

1317 1882 1453 1932 Brut.
1490 1881 1586 1944 86,
1618 1882 1735 1936 296.
1762 1911 1827 1919 —
1851 1885 2090 1936 Hercules
2114 1886 2176 1934 ab
2200 1902 2261 1938 eo

1318 1952 1481 2010 ficum,
1504 1953 1566 2002 de
1587 1962 1710 2004 orat.
1733 1954 1785 2014 2,
1805 1953 1888 2013 16,
1909 1957 1993 2007 70.
2017 1955 2084 2004 cf.
2108 1957 2260 2004 etiam

1317 2022 1382 2070 ad
1406 2023 1525 2071 Her.
1546 2022 1605 2079 4,
1633 2023 1691 2082 6,
1715 2021 1763 2074 9.
1802 2024 1961 2072 Aead.
1986 2039 2062 2088 pr.
2085 2025 2116 2073 2
2132 2059 2147 2085 ,
2170 2025 2257 2088 47,

1320 2090 1437 2144 146.
1478 2093 1540 2140 de
1564 2091 1648 2140 fin.
1673 2091 1733 2152 2,
1764 2091 1859 2153 34,
1897 2093 2013 2143 115.
2052 2092 2255 2143 Tuscul.

1320 2159 1367 2218 l,
1388 2161 1438 2226 2,
1460 2163 1511 2212 4.
1536 2162 1709 2224 parad.
1733 2159 1783 2223 5,
1806 2163 1857 2226 2,
1878 2160 1963 2211 37.
1984 2163 2048 2210 V.
2069 2160 2255 2228 Myro.

1246 2242 1581 2310 Polycrates
1616 2244 1850 2304 SamiuS,
1880 2262 2028 2308 quem
2058 2245 2259 2296 felicem

1318 2313 1669 2378 appellabant,
1696 2315 1758 2363 de
1778 2313 1863 2368 fin.
1886 2315 1936 2378 5,
1958 2315 2044 2372 30,
2068 2315 2155 2365 92.

1247 2394 1622 2462 Polydamas,
1658 2397 1928 2445 Antenoris
1953 2396 2088 2464 tilius
2121 2399 2258 2462 apud

1318 2466 1585 2514 Homerum
1600 2503 1615 2526 ,
1642 2465 1708 2514 ad
1728 2466 1832 2516 Att.
1854 2466 1904 2524 2,
1926 2466 1978 2528 5,
2000 2467 2047 2514 1.

1246 2532 1583 2600 Polydorus.
1666 2532 2001 2598 ‘Polydorum
2051 2533 2257 2582 Hecuba

1319 2611 1461 2666 partu
1484 2609 1739 2667 postremo
1759 2604 1942 2666 parit’,
1968 2603 2029 2652 de
2053 2609 2176 2652 orat.
2202 2599 2253 2665 3,

1316 2671 1399 2732 58,
1418 2673 1538 2724 219.

1245 2738 1599 2808 Polygnotus
1649 2739 1890 2800 ThasiuS,
1938 2740 2102 2804 pictor
2139 2739 2249 2788 illu-

1316 2812 1459 2869 striS,
1492 2809 1663 2859 floruit
1694 2811 1829 2859 circa
1848 2809 2049 2874 Olymp.
2071 2807 2157 2860 80.
2185 2835 2257 2847 --

1315 2878 1625 2944 Polygnotus
1670 2892 1772 2931 non
1826 2888 1902 2928 est
1958 2893 2079 2927 usus
2134 2877 2253 2940 plus

1318 2963 1465 3018 quam
1518 2954 1754 3010 quattuor
1805 2948 2055 2996 coloribus
2072 2983 2084 3004 ,
2142 2947 2253 2996 eius

1315 3016 1507 3066 formae
1543 3026 1590 3066 et
1621 3017 1927 3066 lineamenta
1958 3015 2249 3074 laudantur,

1314 3087 1537 3136 noudum
1558 3095 1721 3134 tamen
1744 3087 1795 3133 in
1814 3101 1875 3133 eo
1895 3086 1997 3134 iam
2024 3083 2253 3148 perfecta

1316 3157 1483 3204 omnia
1499 3193 1514 3216 ,
1537 3155 1675 3206 Brut.
1700 3153 1783 3213 18,
1807 3153 1892 3206 70.

1243 3222 1515 3295 Polyidus
1569 3222 1882 3281 001101Ιὴ113,
1935 3227 2075 3270 vates
2112 3221 2253 3286 apud

1312 3294 1609 3354 Homerum,
1632 3292 1693 3339 de
1714 3292 1871 3344 divin.
1897 3291 1944 3354 1,
1969 3289 2052 3351 40,
2072 3288 2156 3341 89.
2184 3290 2251 3338 de

1312 3362 1411 3423 leg.
1434 3363 1483 3418 2,
1515 3359 1596 3419 13,
1620 3359 1704 3410 33.

1242 3428 1625 3498 Polyphemus
1652 3427 1889 3494 Cyclops.
1924 3429 2051 3478 Eum
2072 3429 2247 3477 imma-
