2500 3850
1142 2 1196 28 Ι

912 199 1104 248 01L1x
1130 222 1216 232 ——
1238 174 1518 254 crsrms.

233 354 342 413 67,
373 355 399 404 1
454 379 512 390 —-
535 353 826 405 Ciliciensis
852 363 1086 420 praetor,
1123 357 1188 405 ad

241 423 304 484 Q.
327 423 392 472 fr.
420 422 470 482 1,
489 423 542 483 2,
566 425 619 478 3.
645 427 696 488 5.
721 425 772 476 7.

173 489 354 555 Cilix,
375 491 587 544 libertus
615 495 752 558 App.
789 491 984 542 Claudii
1003 491 1185 553 Pulcri,

243 561 311 610 ad
340 559 466 612 fam.
490 559 538 622 3,
561 563 610 626 1,
633 565 684 612 2.

179 628 240 679 C.
269 625 488 678 Cilnius
508 628 830 692 Maecenas,
845 644 996 691 eques
1015 631 1184 691 Rom„

246 713 339 762 pro
363 696 558 748 Cluent.
585 699 671 764 56,
697 698 811 756 153.

180 764 334 828 Cilo,
356 766 423 815 ad
447 765 506 822 Q.
527 767 590 818 fr.
617 765 667 830 3,
697 769 744 829 1,
769 769 818 816 2.
843 767 892 829 §-
921 765 973 816 3.

181 831 306 884 Cilo
328 849 369 882 s.
397 832 593 900 Chilo,
624 837 690 886 ad
709 837 829 885 fam.
853 835 904 900 6,
928 835 1014 896 20,
1037 836 1084 888 1.
1119 836 1184 885 V.

243 900 495 968 MagiuS.

183 969 413 1022 Cimber
433 971 612 1022 histrio
627 1011 641 1034 ,
663 973 728 1021 ad
747 973 867 1024 Her.
891 969 942 1033 3,
964 972 1048 1034 21,
1071 972 1154 1022 34.

182 1039 428 1092 Cimber.
464 1043 528 1092 V.
550 1039 782 1092 Anni-us.

181 1108 414 1160 Cimber
447 1108 692 1172 Tillius,
721 1112 786 1160 ad
807 1109 924 1158 fam.
949 1109 999 1175 6,
1024 1110 1104 1174 12,
1135 1111 1186 1164 2.

246 1179 313 1231 V.
337 1175 548 1230 Tillius
571 1178 815 1229 Cimber.

183 1244 418 1310 Cimbri,
438 1249 619 1314 populi
641 1247 953 1297 Germaniae.
971 1276 1036 1283 —
1053 1247 1187 1297 Cim-

239 1318 320 1366 ·bri
356 1325 406 1364 et
438 1317 672 1366 Celtiberi
699 1319 750 1366 in
778 1316 989 1380 proeliis
1015 1316 1186 1366 exsul-

243 1391 384 1446 tant,
417 1384 755 1436 lamentantur
775 1387 826 1434 in
846 1388 1050 1450 morbo,
1082 1385 1185 1435 Tu-

243 1452 374 1504 scul.
399 1456 454 1516 2,
475 1456 541 1505 27
555 1492 570 1516 ,
592 1455 677 1506 65.
700 1482 766 1490 -
784 1453 982 1505 Bellum
999 1454 1184 1505 Roma-

243 1537 422 1572 norum
445 1539 558 1574 cum
585 1523 854 1574 Celtiberis
877 1530 926 1572 et
947 1523 1181 1587 Cimbris,

245 1593 309 1642 de
338 1591 425 1642 off.
462 1594 487 1643 1
506 1631 519 1652 ‚
556 1592 648 1653 12,
679 1590 764 1644 38.
795 1617 866 1626 -·
886 1589 1074 1644 Cimbri
1096 1593 1184 1642 de-

241 1663 358 1710 victi
379 1659 482 1778 ιὸῦ.
495 1660 672 1722 Mario,
689 1661 886 1725 deimp.
903 1661 992 1711 Cn.
1006 1663 1182 1726 Pomp.

242 1729 384 1793 20,”6
424 1767 441 1782 .
1039 1775 1042 1778 ,

177 1795 530 1862 Cimbricus,
561 1799 627 1848 ad
647 1798 876 1848 Cimbros
906 1798 1180 1863 pertinens.

241 1867 527 1916 Marianum
549 1875 744 1918 scutum
765 1867 1099 1932 Cimbricum,
1123 1866 1185 1916 de

245 1945 374 1987 orat.
396 1940 450 1997 2,
471 1936 558 1999 66,
580 1936 700 1989 266.

180 2003 475 2067 Cimmerii
515 2006 693 2071 populi
740 2004 964 2055 fabulosi
1009 2004 1186 2054 Italiae

241 2078 304 2125 ab
353 2075 550 2140 oppido
591 2075 888 2135 Cimmerio,
941 2074 1072 2135 quod
1120 2075 1188 2124 ad

240 2145 491 2193 Baianum
507 2151 556 2193 et
571 2146 826 2193 Avernum
843 2144 1008 2191 sinum
1025 2142 1186 2192 fuisse

243 2212 460 2275 dicitur,
484 2213 644 2264 Acad.
667 2227 743 2277 pr.
767 2214 815 2270 2,
841 2212 922 2273 19,
943 2210 1030 2263 61.

175 2279 406 2343 Cimon,
456 2281 702 2331 Miltiadis
730 2288 892 2347 pater.
940 2280 1062 2329 Eius
1091 2279 1184 2330 ho-

241 2350 502 2414 spitalitas
533 2352 583 2399 in
613 2364 734 2399 suos
764 2348 979 2399 curiales
1007 2348 1184 2399 Lacia-

244 2420 366 2483 daS‚
390 2421 454 2471 de
477 2420 562 2473 off.
587 2421 638 2478 2,
664 2419 746 2480 18,
766 2418 851 2470 64.

176 2486 376 2538 Cincia
411 2488 498 2539 lex
535 2489 598 2539 de
629 2488 778 2539 donis
815 2496 863 2537 et
891 2486 1184 2536 muneribus

244 2558 348 2605 lata
378 2572 427 2610 a.
457 2574 509 2608 u.
544 2573 592 2607 c.
618 2555 738 2607 550.
778 2557 899 2606 Eius
923 2569 1102 2605 suasor
1123 2554 1181 2614 Q.

241 2626 432 2675 Fabius
482 2628 732 2675 Maximus
779 2631 1063 2683 cunctator,
1123 2625 1186 2674 de

244 2708 357 2747 sen.
397 2697 462 2757 4,
516 2695 600 2747 10.
653 2694 1084 2745 Commemoratur
1121 2692 1186 2743 ad

239 2763 346 2815 Ati.
369 2764 419 2824 1,
440 2762 528 2824 20,
553 2766 604 2817 7.

173 2831 234 2883 Ia.
276 2829 537 2895 Cincius,
572 2839 870 2897 procurator
899 2830 1084 2886 Attici.
1121 2828 1187 2878 ad

241 2904 351 2950 Att.
376 2902 427 2963 1,
453 2902 499 2961 1,
525 2902 572 2951 1.
614 2902 674 2950 Ib
718 2900 774 2959 1,
800 2902 850 2952 7.
891 2901 965 2951 lb.
991 2899 1040 2963 1,
1061 2898 1113 2960 8,
1134 2899 1184 2949 2.

243 2970 319 3019 lb.
346 2970 395 3029 1,
419 2969 576 3030 16.1,
603 2971 684 3020 17.
710 2969 780 3018 Ib.
800 2967 848 3030 1,
868 2967 1116 3031 20,1.1b.
1137 2966 1185 3029 l,

245 3037 331 3098 20,
366 3041 415 3089 7.
454 3039 529 3090 Ib.
560 3042 624 3097 4,
657 3042 709 3090 4.
743 3053 880 3087 a..-—
901 3037 1100 3087 Cincius
1122 3034 1189 3084 ad

243 3108 470 3167 Atticum
517 3108 724 3171 scripsit
775 3106 839 3155 de
887 3104 1037 3155 Statii
1082 3118 1188 3155 ser-

244 3190 426 3236 mone,
459 3176 526 3225 ad
544 3176 650 3225 Att.
671 3174 733 3237 6,
763 3176 826 3237 2,
862 3172 910 3227 1‘.
951 3176 1016 3224 ad
1038 3172 1183 3241 Q.-sr.

245 3246 296 3304 2,
315 3246 367 3301 2,
391 3246 440 3296 1.
481 3246 557 3297 lb.
581 3244 706 3303 3,1,
726 3245 777 3297 2.
798 3246 848 3305 §-
871 3244 923 3297 6.

175 3309 256 3366 M.
301 3310 530 3364 Cincius
567 3310 881 3363 Alimentus
897 3348 913 3375 ‚
957 3312 1189 3361 tribunus

244 3382 404 3445 plebi.
438 3408 508 3421 --
545 3382 619 3431 Eo
651 3382 763 3441 die,
795 3396 894 3443 quo
929 3380 1094 3447 legem
1124 3380 1190 3429 de

244 3450 398 3501 donis
426 3459 476 3501 et
504 3451 801 3500 muneribus
829 3450 943 3499 tulit
972 3465 1022 3500 a.
1055 3464 1109 3498 u.
1142 3464 1185 3501 c.

2177 193 2258 255 79

1332 357 1481 415 550„
1518 357 1653 406 salse
1681 359 2007 424 reprehendit
2043 359 2099 410 C.
2136 361 2261 412 Cen·-

1328 433 1525 485 ionem,
1549 426 1611 475 de
1633 434 1759 480 orat.
1780 428 1831 487 2,
1852 429 1935 490 71,
1958 429 2077 482 286.

1264 490 1643 545 Cincinnatus.
1683 496 1747 546 V.
1790 494 2088 562 Quinctius
2128 497 2261 548 Cin-

1328 558 1601 613 cinnatus.

1261 625 1466 680 Cineas
1497 631 1800 692 Thessalus,
1837 647 1866 681 a
1896 633 2087 698 Pyrrho
2124 636 2261 702 lega-

1324 707 1405 748 tus
1444 700 1655 750 Romam
1692 701 1897 751 missus.
1951 703 2072 752 Eius
2109 706 2263 758 collo-

1326 769 1500 830 quium
1536 783 1650 818 cum
1682 769 1737 822 C.
1776 770 2007 822 Fabricio
2046 774 2109 822 de
2141 774 2261 838 Epi-

1326 853 1473 899 curo,
1506 839 1571 888 de
1603 853 1709 889 sen.
1744 837 1833 898 13,
1866 838 1953 893 43.
1977 867 2045 877 —
2065 842 2262 894 Eximia

1328 907 1439 956 eius
1460 908 1732 970 memoria,
1755 906 1969 958 ‚TuscuL
1998 911 2045 970 1,
2066 911 2149 966 24,
2172 911 2257 963 59.

1326 999 1395 1010 —
1412 975 1536 1025 Eius
1557 983 1604 1024 et
1624 975 1801 1042 Pyrrhi
1832 977 1944 1028 libri
1966 979 2027 1028 de
2056 995 2109 1028 re
2128 979 2263 1030 mili-

1326 1044 1448 1106 tari,
1472 1046 1539 1094 ad
1559 1044 1682 1094 fam.
1705 1045 1757 1106 9,
1777 1045 1861 1109 25,
1887 1046 1936 1099 l.

1263 1109 1597 1178 Cingulum,
1647 1115 1947 1164 Pic‘encrum
1998 1117 2262 1182 oppidum,

1324 1180 1476 1231 hodie
1509 1182 1728 1246 Cinyoli,
1761 1183 1961 1250 aiiAtt.
1996 1185 2058 1247 7,
2094 1186 2257 1246 11,1.

1325 1250 1395 1298 lb.
1418 1251 1467 1311 7,
1492 1250 1572 1302 13.
1595 1253 1643 1300 b.
1666 1252 1716 1312 S.
1740 1253 1789 1304 7.

1257 1315 1455 1368 Cinna.
1491 1321 1555 1368 V.
1581 1317 1877 1370 Cornelius
1905 1318 2098 1370 Cinna.

1256 1383 1504 1451 ‘Cipius,
1526 1389 1725 1450 opinor,
1750 1388 1901 1438 olim:
1927 1388 2076 1438 «Non
2101 1391 2261 1438 omni-

1323 1457 1421 1506 bus
1452 1455 1710 1516 dormio»,
1746 1457 1819 1504 sic
1840 1471 1933 1520 ego
1964 1471 2063 1504 non
2100 1459 2261 1505 omni-

1323 1525 1419 1572 bus
1434 1559 1447 1582 ,
1470 1524 1539 1572 mi
1558 1522 1699 1574 Galle
1713 1558 1729 1584 ‚
1749 1525 1956 1585 servic,'
1978 1526 2045 1574 ad
2065 1525 2187 1574 fam.
2209 1528 2259 1588 7,

1325 1593 1412 1652 24,
1433 1593 1483 1642 1.

1258 1657 1553 1710 Circacum
1590 1657 1859 1724 poculum,
1900 1659 2072 1713 Circae
2101 1651 2262 1730 magi-

1326 1745 1455 1779 cum.
1498 1730 1722 1794 Repente
1762 1744 1789 1778 e
1822 1733 2037 1798 vestigio
2069 1749 2133 1782 ex
2167 1732 2263 1782 ho·

1325 1799 1461 1847 mine
1514 1806 1773 1860 tamquam
1824 1797 1993 1862 aliquo
2050 1801 2260 1852 Circaeo

1324 1867 1509 1934 poculo
1552 1867 1713 1918 factus
1756 1874 1833 1916 est
1870 1869 2083 1931 VerreS,
2131 1871 2262 1933 divi-

1326 1946 1431 1991 nat.
1454 1939 1507 1986 in
1528 1936 1589 1995 Q.
1614 1935 1797 1989 Caecil.
1821 1938 1906 1998 17,
1923 1942 2015 1993 57.

1262 2002 1425 2055 Circe
1484 2014 1534 2057 et
1590 2005 1844 2069 Pasiphae
1866 2042 1881 2066 ,
1942 2024 1970 2058 e
2023 2008 2261 2057 Perseide

1328 2074 1517 2125 Oceani
1560 2074 1667 2123 fllia
1702 2081 1877 2135 natae,
1928 2084 2072 2142 patre
2120 2076 2259 2138 Sole,

1324 2158 1445 2193 num
1482 2144 1689 2193 deorum
1734 2158 1943 2195 numero
1978 2145 2260 2207 habendae,

1325 2214 1389 2263 de
1418 2228 1469 2265 n.
1502 2214 1555 2262 d.
1595 2210 1656 2274 3,
1693 2212 1785 2275 19,
1816 2212 1905 2264 48.
1937 2242 2007 2253 -
2039 2213 2181 2263 Circe
2210 2220 2259 2263 et

1326 2284 1511 2333 Aeetes
1534 2280 1734 2331 Colchis
1754 2296 1785 2349 a
1805 2279 1923 2332 Sole
1947 2284 2119 2346 quinto
2141 2297 2261 2345 pro-

1324 2352 1479 2400 creati
1508 2350 1542 2399 3
1558 2386 1572 2409 ,
1604 2348 1669 2398 21
1689 2386 1705 2409 ,
1734 2345 1817 2399 54.
1842 2378 1907 2386 —
1928 2352 1993 2399 cf.
2016 2351 2079 2398 de
2094 2349 2183 2397 off.
2210 2349 2259 2409 1,

1326 2419 1387 2470 31
1407 2455 1421 2481 ,
1445 2415 1559 2468 113.
1603 2417 1762 2469 divin.
1792 2417 1845 2463 in
1876 2416 1933 2475 Q
1964 2417 2149 2467 caecil.
2179 2416 2260 2477 17,

1260 2552 1607 2607 Circeienses
1628 2551 1796 2603 coloni
1816 2550 1990 2603 Circen
2019 2553 2260 2619 religiose

1327 2623 1524 2683 colunt,
1554 2622 1616 2671 de
1637 2636 1687 2672 n.
1711 2621 1758 2670 d.
1785 2619 1838 2683 3,
1863 2620 1946 2683 19,
1966 2620 2051 2674 48.
2104 2676 2109 2681 ⁴

1259 2689 1466 2744 Circeii
1498 2691 1743 2756 oppidum
1776 2707 1891 2741 cum
1920 2692 2260 2756 promontorio

1324 2761 1527 2812 Veteris
1556 2760 1689 2810 Latii
1731 2760 2011 2811 subiectum
2039 2762 2263 2827 Pompti-
2336 2810 2341 2815 .

1325 2841 1421 2879 nae
1442 2829 1649 2895 paludi,
1673 2829 1736 2879 de
1754 2830 1839 2880 fin.
1860 2833 1913 2890 4,
1936 2830 1984 2891 3,
2004 2834 2053 2885 7.

1256 2898 1334 2950 Μ.
1359 2895 1588 2964 Cispius
1604 2898 1835 2949 tribunus
1854 2901 1927 2964 pl.
1948 2916 1992 2949 a.
2010 2918 2061 2950 u.
2077 2905 2124 2949 c?
2140 2898 2261 2951 697.

1327 2967 1601 3018 benevolus
1624 2968 1675 3015 in
1706 2968 1775 3020 M.
1800 2968 2089 3020 Ciceronem
2108 3004 2123 3033 ‚
2143 2975 2261 3032 post
2287 2964 2292 2969 ’

1325 3037 1434 3089 red.
1452 3039 1503 3086 in
1523 3050 1629 3088 sen.
1652 3036 1703 3097 8,
1721 3037 1806 3089 21.
1819 3064 1887 3074 -
1904 3038 2029 3087 Eum
2044 3037 2262 3085 ambitus

1328 3102 1619 3157 accusatum
1658 3104 1883 3155 defendit
1924 3105 2096 3155 Cicero
2114 3142 2127 3164 ,
2167 3119 2281 3169 pro,

1327 3174 1497 3225 Planc.
1521 3172 1584 3224 31
1599 3210 1612 3232 ,
1643 3174 1729 3223 75.
1749 3200 1815 3209 ——
1836 3175 2043 3223 Amicus
2066 3174 2261 3223 Cicero-

1330 3244 1411 3291 nis
1425 3279 1439 3304 ,
1458 3244 1510 3290 vi
1534 3242 1777 3306 depulsus
1793 3257 1823 3289 a
1842 3243 1951 3293 foro
1971 3257 2062 3306 per
2082 3254 2263 3308 operas
2306 3280 2311 3284 .

1332 3312 1601 3362 Clodianas
1618 3346 1634 3370 ,
1673 3324 1767 3373 pro
1802 3308 1935 3361 Sest.
1970 3309 2067 3372 35,
2106 3310 2189 3364 76.

1269 3376 1494 3445 Cispius
1526 3378 1723 3427 debitor
1754 3377 2038 3439 Ciceronis,
2071 3380 2134 3429 ad
2154 3380 2255 3428 Aa.

1335 3449 1416 3512 12,
1439 3448 1522 3508 24,
1546 3446 1595 3495 2.
1631 3446 1703 3495 Ib.
1728 3445 1809 3507 13,
1831 3446 1915 3510 33,
1937 3449 1989 3504 2.
