2500 3850
264 181 390 244 226

331 367 361 400 a
403 350 589 400 Luccio
646 351 973 400 historiarum
1018 354 1268 417 scriptore

327 427 492 484 rogat,
516 427 571 466 ut
591 434 711 469 suas
734 436 813 470 res
834 435 927 485 per
948 422 1265 470 consulatum

328 497 501 554 gestas
520 489 727 548 scribat,
768 490 833 538 ad
852 490 973 539 fam.
1000 492 1051 551 5,
1080 492 1162 543 12.
1196 491 1262 542 cl.

330 559 395 608 ad
419 557 523 616 Aa.
544 560 595 618 4,
618 557 669 618 6,
689 560 740 607 4.
790 561 863 608 lb.
884 560 935 617 4,
956 558 1005 617 9,
1030 562 1079 610 2.
1121 561 1191 609 Ib.
1212 563 1263 618 4,

330 628 427 687 11,
465 629 518 678 2.
561 656 633 666 -—
674 628 756 677 Ad
778 627 1140 678 consolatorias
1162 629 1265 678 Lu-

820 195 881 242 P.
914 195 1249 244 Luccnms
1275 218 1358 228 -
1390 198 1449 244 ο.
1479 165 1821 246 ιυοιιιυέ.

1410 355 1475 404 ad
1497 354 1616 404 fam.
1649 353 1699 414 8,
1729 354 1822 414 11,
1846 356 1906 414 2,
1935 355 1999 403 cl.
2053 355 2126 404 ad
2161 357 2268 408 Ate.
2310 359 2344 406 7

1413 423 1460 486 1,
1496 425 1546 474 7.
1570 449 1636 460 -
1660 421 1714 472 C.
1739 424 1915 472 Hirrus
1937 424 2288 488 Pompeianus
2308 440 2355 474 a.

1407 507 1459 544 u.
1483 506 1525 539 c.
1549 491 1666 541 705.
1709 507 1820 542 cum
1834 492 1898 541 V.
1917 493 2218 543 cohortibus
2237 497 2359 543 sub-

1407 561 1634 678 selqtgtur
1653 561 1710 610 L.
1737 561 2040 620 Domitium,
2081 563 2150 611 ad
2173 564 2279 611 Att.
2305 563 2356 622 8,

330 699 426 746 ceii
445 697 721 761 respondet
742 697 912 748 Cicero
933 734 945 756 ,
982 698 1048 748 ad
1068 698 1187 748 fam.
1212 699 1262 759 5,
1336 696 1606 750 Luceium
1628 699 1892 748 castellum
1911 701 2144 750 Deiotari
2185 703 2232 747 iu
2257 699 2350 748 Ga-

330 767 417 817 13.
441 793 510 802 ——
546 767 723 815 Luceii
758 768 923 830 ipsius
956 768 1170 831 epistola
1198 767 1264 816 ad

330 835 642 897 Ciceronem,
665 836 737 884 ΙΙ).
754 835 805 896 5,
831 837 910 885 14.
925 863 992 872 -
1013 837 1133 886 Eius
1154 837 1261 885 lau·

329 906 449 968 des,
488 920 581 970 pro
603 904 775 954 Caelio
795 903 908 967 (10,
936 906 1047 967 24.)
1069 906 1151 966 21,
1175 906 1260 954 52.

329 976 405 1023 lb.
430 975 513 1036 22,
536 975 621 1022 54.
642 1001 711 1010 ——
741 973 813 1022 De
840 974 1012 1022 Luceii
1034 975 1266 1024 consiliis

327 1059 387 1092 ac
406 1042 723 1106 Theophani,
762 1043 825 1092 ad
856 1042 1029 1103 Atat),
1056 1044 1101 1104 1,
1125 1043 1173 1094 3.
1200 1071 1266 1078 -—

326 1112 451 1160 Eius
488 1125 747 1160 sermones
786 1112 1033 1172 minaces,
1071 1114 1138 1162 ad
1156 1114 1262 1164 Att.

328 1179 377 1242 9,
415 1179 493 1240 11,
530 1179 579 1228 3.
624 1207 689 1216 -
726 1179 943 1229 Luceius
980 1182 1266 1232 abalienato

324 1249 422 1298 fuit
454 1251 623 1298 animo
652 1250 704 1296 in
726 1247 814 1298 Cn.
838 1247 1157 1310 Sallustium,
1198 1250 1265 1300 ad

318 1320 427 1371 Att.
454 1319 503 1378 1,
528 1319 579 1378 3,
601 1319 652 1370 3.
691 1321 763 1372 ib,
788 1319 833 1378 1,
854 1321 903 1376 5,
922 1319 972 1372 5.
1010 1323 1081 1372 Ib.
1114 1320 1260 1380 1,11,

330 1389 378 1439 1.
420 1388 495 1436 11).
527 1388 679 1450 1,14,
707 1389 756 1436 7.
794 1389 866 1436 lb.
894 1390 943 1447 2,
971 1389 1019 1449 1,
1040 1387 1087 1438 9.

257 1453 323 1509 Ρ.
354 1454 625 1507 Lucceius
660 1472 703 1504 Β.
728 1454 995 1519 Luceius,
1037 1457 1263 1506 Ciceroni

330 1527 710 1576 commendatus
773 1541 801 1574 a
853 1525 911 1584 Q.
974 1526 1262 1582 CornificiO,

329 1597 395 1644 ad
434 1596 555 1642 fam.
602 1595 687 1651 12,
732 1595 799 1642 25
852 1610 899 1648 a.
952 1593 1001 1645 6.

329 1662 426 1719 30,
466 1665 514 1712 5.

260 1730 329 1798 Q.
364 1729 635 1780 Lucceius
672 1747 713 1779 s.
740 1730 981 1782 Luceius
1004 1769 1017 1794 ,
1060 1735 1147 1794 qui
1186 1748 1266 1781 ar-

327 1800 606 1865 gentariam
623 1799 806 1865 Rheg'ii
830 1803 1103 1848 maximam
1128 1800 1265 1860 fecit,

326 1869 471 1919 testis
494 1870 544 1918 in
560 1870 789 1932 Verrem,
806 1870 851 1916 V
856 1885 951 1920 err.
976 1877 1197 1919 accusat.
1215 1871 1265 1930 5,

262 2007 325 2059 G.
375 2007 647 2059 Lucceius
697 2025 739 2061 S.
788 2006 1029 2059 Luceius
1077 2006 1139 2057 G.
1202 2005 1266 2055 F.

1057 1595 1128 1644 Ib.
1179 1594 1262 1654 12,

326 2075 568 2141 Pupinia
589 2076 794 2128 Hirrus
824 2082 873 2127 in
906 2086 1111 2127 senatus
1148 2091 1268 2125 con-

326 2145 461 2195 sulto
482 2147 548 2195 ad
570 2147 689 2195 fam.
714 2148 747 2197 8
764 2184 776 2205 ,
810 2148 869 2204 8,
904 2150 953 2197 5.
995 2173 1060 2181 --
1088 2146 1264 2194 Hirrus

326 2221 512 2263 auctor·
554 2214 665 2267 fore
715 2217 918 2266 videtur
968 2215 1264 2279 Pompeium

332 2285 625 2335 dictatorem
668 2283 871 2335 dicendi
896 2300 941 2333 a.
979 2300 1026 2333 u.
1052 2299 1096 2334 c.
1120 2283 1260 2343 700„

328 2355 393 2404 ad
414 2353 470 2413 Q.
499 2354 561 2404 fr.
596 2353 657 2414 3,
686 2354 738 2415 8,
760 2354 924 2405 4.1b.
947 2352 1009 2414 3,
1034 2352 1095 2416 9,
1118 2352 1168 2403 3.
1197 2380 1262 2388 —-

324 2426 503 2473 Hirrus
530 2438 645 2475 cum
673 2424 896 2474 Domitio
927 2422 1262 2472 Ahenobarbo

330 2493 539 2543 consule
558 2496 607 2543 in
630 2496 793 2557 gratia
814 2500 889 2543 est
915 2509 961 2541 a.
986 2508 1033 2540 u.
1058 2491 1260 2550 c.700.,

328 2564 393 2611 ad
413 2564 518 2609 ΑΜ.
538 2564 589 2624 4,
615 2561 695 2625 16,
726 2564 775 2611 5.
802 2594 875 2602 -
907 2562 1059 2611 Caius
1080 2560 1262 2608 Hirrus

326 2630 635 2679 aedilitatem
659 2646 773 2678 curn
798 2629 969 2680 Caelio
992 2630 1117 2695 petit
1137 2644 1184 2681 a.
1205 2645 1258 2678 u.

328 2715 370 2748 c.
396 2696 521 2755 703,
566 2698 767 2747 Caelius
800 2699 864 2747 ad
885 2698 1009 2747 fam.
1034 2698 1094 2759 8,
1116 2699 1177 2759 2,
1207 2698 1258 2747 2.

322 2765 395 2813 lb.
418 2766 467 2828 8,
489 2764 539 2826 3,
564 2764 611 2813 l.
660 2766 735 2817 lb.
762 2766 813 2829 8,
835 2768 883 2827 4,
910 2766 962 2820 3.
987 2795 1051 2803 —
1080 2768 1262 2817 Hirrus

322 2840 439 2899 post
470 2832 745 2883 aedilitatis
775 2835 1101 2901 repulsama.
1128 2851 1180 2884 ιι.
1212 2852 1257 2884 c.

325 2901 443 2954 703.
480 2903 613 2951 risus
643 2902 791 2967 facit,
833 2906 909 2956 lb.
941 2906 1007 2963 8,
1028 2906 1089 2963 9,
1115 2906 1159 2955 1.
1192 2930 1263 2941 —

323 2975 381 3025 In
412 2988 525 3023 eum
556 2987 585 3021 a
614 2973 682 3023 M.
715 2971 883 3023 Caelio
910 2974 973 3022 de
1008 2973 1264 3022 aedilitate

327 3042 487 3093 curuli
521 3043 768 3095 deiectum
796 3058 841 3091 a.
878 3058 931 3094 u.
962 3041 1081 3095 703.
1123 3044 1263 3092 ioca-

324 3126 405 3162 tur
442 3112 639 3175 Cicero,
677 3114 745 3162 ad
783 3112 903 3162 fam.
928 3112 991 3171 2,
1020 3110 1081 3171 9,
1116 3112 1161 3163 l.
1190 3138 1262 3147 -—

324 3183 513 3233 Hillum
548 3182 837 3233 ioculariter
867 3196 981 3233 eum
1014 3180 1258 3247 appellat,

322 3252 396 3300 lb.
424 3253 473 3311 2,
498 3251 648 3307 10,,1.
672 3280 737 3289 —-
758 3252 937 3302 Hirrus
964 3251 1141 3302 Catoni
1170 3251 1260 3300 ad-

325 3335 505 3369 sensus
526 3328 599 3369 est
616 3357 629 3379 ,
668 3322 754 3384 qui
775 3322 838 3370 de
858 3320 1099 3370 Cicerone
1122 3320 1261 3367 locu-

324 3396 407 3435 tus
432 3388 704 3438 honorifice
739 3404 841 3437 uon
871 3390 1101 3437 decrerat
1137 3402 1258 3451 sup-

318 3454 622 3517 plicationes
653 3471 701 3509 a.
723 3472 774 3504 u.
811 3472 852 3503 c.
878 3455 1026 3521 704.,
1060 3455 1259 3504 Caelius

1405 768 1543 828 latia,
1563 783 1655 833 pro
1667 767 1900 818 Deiotaro
1923 769 1975 831 6,
1996 770 2080 822 17.
2106 769 2180 817 Ib.
2199 771 2248 830 7,
2265 769 2347 816 21.

1333 835 1587 888 Lucense
1618 838 1968 903 municipium,
2003 840 2070 886 ad
2106 837 2231 886 fam.
2268 836 2350 895 13,

1409 905 1490 954 13.
1519 908 1582 957 V.
1605 905 1775 958 Luca.

1336 973 1597 1024 Luceres.
1641 975 1750 1024 Non
1769 977 1933 1041 potuit
1952 975 2010 1024 L.
2032 975 2348 1038 Tarquinius

1405 1045 1706 1093 Titiensium
1775 1052 1822 1093 et
1873 1045 2241 1094 Ramnensium
2303 1051 2350 1092 et

1406 1114 1655 1162 Lucerum
1686 1120 1905 1171 mutare,
1947 1129 2105 1175 quum
2123 1120 2348 1177 cuperet,

1406 1184 1630 1241 nomina,
1653 1183 1789 1244 quod
1807 1189 1982 1231 auctor
2001 1184 2049 1232 ei
2070 1197 2238 1246 augur
2257 1183 2348 1230 At-

1406 1260 1486 1300 tus
1519 1249 1710 1299 Navius
1749 1266 1847 1300 non
1882 1259 2016 1304 erat.
2061 1253 2123 1300 de
2149 1267 2192 1303 r.
2215 1265 2268 1315 p.
2295 1251 2346 1311 2,

1404 1319 1490 1380 20,
1511 1318 1594 1369 36.

1332 1384 1600 1450 Luceria,
1643 1389 1886 1453 oppidum
1939 1389 2160 1453 Apuliae
2207 1376 2349 1437 'infra

1403 1460 1659 1516 Teanum,
1701 1458 1764 1506 ad
1802 1459 2014 1508 fluvium
2053 1457 2343 1517 Cerbalum,

1403 1527 1598 1576 colonia
1643 1527 1886 1582 Romana,
1929 1525 2082 1576 hodie
2119 1527 2346 1585 Lucera,

1403 1597 1472 1645 ad
1508 1595 1629 1644 fam.
1679 1596 1773 1656 15,
1819 1596 1912 1655 14,
1949 1597 2002 1646 4.
2055 1597 2121 1645 ad
2151 1597 2256 1644 Att.
2295 1597 2346 1656 7,

1407 1665 1491 1722 12,
1523 1665 1574 1716 2.
1609 1665 1683 1717 lb.
1709 1664 1760 1724 8,
1794 1665 1839 1724 l,
1873 1666 1918 1718 1.
1983 1679 2077 1728 pro
2117 1665 2348 1714 Cluentio

1403 1732 1488 1791 69,
1515 1733 1629 1784 197.

1336 1799 1474 1852 Luci
1496 1803 1594 1850 duo
1615 1803 1833 1850 Romae:
1857 1800 2052 1850 ‘Locus
2076 1803 2126 1849 iu
2142 1800 2346 1866 Capito-

1409 1871 1476 1920 lio
1510 1873 1637 1920 inter
1672 1872 1800 1919 duos
1833 1870 1974 1918 lucos
1997 1874 2030 1927 ’,
2071 1872 2213 1933 quod
2241 1880 2348 1919 erat

1407 1941 1624 2004 asylum,
1651 1942 1714 1991 de
1733 1941 1888 1989 divin.
1913 1941 1965 2001 2,
1991 1941 2073 1999 17,
2099 1940 2185 1989 40.

1338 2008 1598 2073 Lucifer,
1646 2026 1710 2060 an
1744 2010 1894 2071 deuS,
1941 2009 2005 2057 de
2025 2024 2074 2055 n.
2099 2009 2150 2057 d.
2172 2008 2234 2069 3,
2257 2009 2342 2067 20,

1406 2080 1490 2129 51.
1515 2106 1580 2115 -
1600 2078 1816 2137 Lucifer,
1840 2078 2054 2127 Veneris
2076 2077 2240 2137 stella,
2264 2078 2338 2127 lb.

1407 2150 1466 2206 2,
1507 2149 1600 2209 20,
1641 2147 1723 2198 53.
1763 2175 1828 2183 -
1869 2146 2072 2195 Lucifer
2101 2153 2150 2195 et
2169 2154 2344 2195 sancta

1402 2216 1639 2266 Mercurii
1659 2216 1805 2265 stella
1824 2230 2022 2265 cursum
2047 2214 2236 2264 habent'
2251 2214 2344 2264 So-

1401 2286 1467 2335 lis
1493 2286 1736 2335 celeritati
1751 2300 1924 2349 parem
1943 2322 1955 2343 ,
1983 2286 2113 2335 Tim.
2133 2284 2184 2335 9.

1339 2352 1399 2404 G.
1421 2352 1693 2417 Luciliust,
1719 2369 1871 2415 eques
1890 2354 2340 2414 Rom.,satirarum

1403 2426 1636 2487 scriptor,
1665 2430 1890 2471 mortuus
1918 2438 1965 2473 a.
1990 2438 2040 2471 u.
2067 2436 2112 2475 c.
2139 2422 2258 2471 652.
2276 2448 2341 2455 —

1401 2492 1657 2552 LuciliuS,
1697 2492 1850 2540 homo
1881 2492 2058 2541 doctus
2086 2499 2339 2553 et·pe1·ur-

1401 2563 1591 2621 banUS,
1631 2561 1886 2609 subiratus
1921 2561 1978 2620 Q.
2004 2560 2169 2607 Mucio
2191 2556 2341 2607 Scae-

1401 2630 1548 2679 volae
1588 2630 1798 2694 auguri,
1843 2630 2096 2677 neminem
2137 2643 2251 2677 esse
2291 2630 2340 2675 in

1403 2706 1656 2749 oratorum
1693 2712 1900 2747 numero
1939 2698 2230 2746 habendum
2263 2697 2341 2745 di-

1399 2770 1504 2826 xit,
1543 2768 1630 2829 qui
1657 2781 1755 2817 non
1777 2768 1842 2815 sit
1863 2768 2099 2816 omnibus
2133 2766 2198 2815 iis
2219 2765 2340 2813 arti-

1399 2838 1514 2900 bu3‚
1536 2852 1665 2899 quae
1685 2844 1801 2886 sunt
1821 2836 1982 2885 libero
2002 2837 2206 2900 dignae,
2225 2848 2340 2897 per-

1401 2907 1608 2971 polituS,
1633 2906 1694 2955 de
1715 2911 1840 2957 orat.
1871 2906 1920 2965 1,
1945 2904 2024 2968 16,
2056 2906 2141 2954 72.
2163 2931 2234 2939 -
2263 2902 2339 2951 De

1403 2977 1513 3025 eius
1533 2974 1762 3024 libertate
1788 2974 2017 3036 dicendi,
2053 2974 2338 3022 TrebonIus

1402 3044 1468 3092 ad
1488 3043 1605 3092 fam.
1624 3044 1705 3104 12,
1721 3044 1803 3103 16,
1827 3042 1875 3094 3.
1894 3068 1960 3077 -·
1977 3042 2050 3093 De
2071 3044 2179 3093 eius
2201 3042 2339 3091 face-

1398 3114 1501 3176 tiis,
1540 3114 1602 3162 ad
1627 3110 1827 3171 sam-9,
1870 3112 1957 3173 15,
1995 3112 2045 3160 2.
2085 3138 2150 3147 -
2187 3111 2338 3161 Luci-

1401 3182 1501 3229 lius
1519 3182 1738 3231 vitiosus
1763 3183 1812 3229 in
1828 3180 2094 3229 verborum
2122 3181 2338 3227 transie-

1399 3252 1565 3299 ctione
1583 3289 1593 3307 ‚
1634 3251 1700 3300 ad
1719 3250 1837 3299 Her.
1864 3254 1927 3309 4,
1972 3250 2052 3307 12,
2079 3248 2159 3298 18.
2182 3272 2255 3285 -
2279 3247 2334 3297 C.

1348 3356 1350 3359 ψ
1397 3320 1625 3369 Lucilius
1646 3319 1814 3369 dicere
1847 3316 2044 3367 solebat
2075 3334 2162 3375 en,
2205 3331 2336 3378 quae

1399 3389 1670 3450 scriberet,
1701 3400 1864 3447 neque
1885 3385 1948 3435 ab
1973 3386 2336 3435 indoctissimis

1399 3471 1454 3505 se
1487 3470 1650 3517 neque
1669 3470 1698 3504 a
1725 3454 2039 3503 doctissimis
2061 3454 2164 3518 legi
2187 3454 2326 3521 velle=
