2500 3850
221 228 296 319 ¹8.
385 237 864 288 ANDROMENES
898 259 986 274 —·
1013 239 1379 290 Amnonmu
1408 240 1775 290 tusconen
1817 241 2131 290 STEMMA.

215 392 617 457 Andromenes,
641 411 816 445 servus
838 409 879 443 s.
904 394 1134 458 libertus,
1153 397 1220 444 ad
1288 391 1487 460 Annia,
1525 396 1628 445 fllia
1667 397 1722 446 C.
1761 397 1912 444 Annii
1948 395 2118 446 Aselli
2156 411 2317 446 sena-

283 464 386 512 Att.
410 461 495 524 13,
517 464 600 512 24.
623 465 695 514 lb.
720 464 800 525 13,
823 463 908 526 25,
933 465 981 516 1.

213 529 437 582 Andron
459 547 506 581 v.
527 529 734 581 Andro.

218 598 281 648 C.
307 597 669 663 Andronicus,
687 600 1008 659 Puteolanum,
1031 601 1097 651 ad
1110 601 1215 654 Aa,

213 733 428 802 Anguis
449 737 610 801 sidus,
647 739 789 786 Atat.
814 753 859 787 v.
883 736 966 788 86.
1009 737 1072 786 de
1090 750 1142 785 n.
1165 736 1216 786 d.

281 806 334 864 2,
355 807 442 861 42,
469 803 584 856 109.

213 869 622 940 Anguitenens,
663 873 867 923 Graecis
905 872 1215 937 OphiuchoS,

282 943 422 994 Arat.
447 958 497 990 v.
520 941 604 992 76.
629 942 690 992 de
708 957 758 995 n.
781 943 831 991 d.
854 944 904 998 2,
924 943 1011 1001 42,
1038 940 1154 993 109.

212 1007 502 1073 Anicatus,
531 1012 721 1060 amicus
739 1011 913 1071 Attici,
953 1012 1020 1059 ad
1037 1010 1141 1063 Att.
1161 1011 1214 1073 2,

212 1145 483 1198 Aniciana
545 1147 673 1198 sella
737 1149 874 1213 regis
927 1147 1215 1206 Ptolemaei,

287 1214 608 1280 octaphoros,
639 1215 705 1264 ad
724 1217 783 1276 Q.
805 1216 869 1265 fr.
893 1219 942 1280 2,
969 1215 1051 1278 10,
1073 1218 1122 1265 2.

211 1281 481 1335 Aniciana
500 1292 618 1333 nota
639 1286 742 1334 vini
762 1300 792 1334 a
811 1285 1013 1335 consule
1023 1285 1080 1332 L.
1095 1283 1218 1332 Ani-

283 1354 362 1469 (3ἰὲ
392 1351 536 1401 Gallo
565 1367 612 1402 a.
634 1369 685 1403 u.
711 1369 755 1402 e.
779 1353 898 1405 594.
915 1391 930 1420 ‚
969 1352 1104 1402 Brut.
1131 1352 1216 1412 83,

216 1488 280 1539 0.
304 1486 530 1539 Anicius
551 1498 769 1553 senator,
789 1489 1056 1538 familiaris
1077 1487 1216 1538 Cice-

277 1559 435 1619 ronis,
476 1557 542 1606 ad
570 1559 629 1618 Q.
662 1557 724 1606 fr.
757 1560 819 1618 2,
844 1558 936 1618 10,
958 1558 1008 1609 3.
1046 1583 1117 1594 —·
1152 1558 1216 1606 ad

279 1625 403 1676 fam.
426 1629 475 1682 7,
496 1624 582 1685 26,
603 1627 652 1677 2.
675 1627 748 1680 Ib.
776 1626 858 1685 12,
878 1625 967 1674 21.

214 1691 286 1744 Τ.
310 1691 565 1757 Anicius,
595 1693 746 1744 homo
767 1702 1033 1757 suspectus
1053 1700 1099 1742 et
1120 1693 1213 1743 fal-

281 1762 385 1823 lax,
407 1763 473 1811 ad
494 1763 548 1820 Q.
575 1761 636 1810 l‘r.
657 1763 708 1822 3,
730 1763 776 1822 1,
799 1761 849 1815 7'.
874 1763 925 1823 S.
946 1761 1033 1814 23.

212 1827 470 1880 Aniensis
507 1831 694 1886 tribus,
733 1833 800 1881 ad
835 1831 956 1879 fam.
994 1828 1045 1893 8,
1076 1828 1128 1888 8,
1159 1830 1210 1879 5.

285 1914 373 1965 pro
394 1899 599 1951 Plancio
625 1901 710 1960 22,
730 1899 813 1949 54.

212 1966 355 2019 Anio
376 1984 420 2021 s,
442 1966 639 2031 Anien,
675 1968 861 2018 fluvius
897 1966 1212 2030 Sabinorum,

285 2036 478 2088 Gornel.
514 2038 662 2101 prim.
696 2035 880 2101 fragm.
901 2035 986 2085 23.
1011 2050 1061 2101 p.
1092 2036 1213 2087 212.

281 2132 351 2141 -
364 2105 502 2154 Brut.
521 2105 600 2167 14,
622 2105 705 2155 54.
723 2133 786 2141 -—
798 2119 890 2169 pro
903 2104 1109 2154 Murena
1129 2102 1212 2165 39,

283 2173 370 2223 84.
411 2174 472 2223 de
491 2173 579 2222 fin.
600 2175 651 2233 2,
675 2174 760 2233 22,
782 2174 863 2224 73.
904 2175 1022 2222 Ace.
1059 2174 1213 2222 Anio-

283 2256 401 2291 nem
421 2242 483 2290 de
502 2256 552 2293 n.
575 2242 622 2291 d.
647 2241 697 2301 3,
719 2242 804 2303 20,
826 2242 910 2291 52.

214 2310 469 2373 Annaea,
514 2311 786 2375 pecuniosa
821 2309 1001 2359 mul-ier
1015 2346 1031 2370 ,
1069 2312 1212 2359 Verr.

285 2381 520 2430 Accusat.
546 2380 592 2441 1,
613 2379 698 2440 43,
724 2378 841 2428 111.

217 2446 280 2498 G.
306 2446 565 2497 Annaeus
579 2446 884 2510 Brocchus,
905 2444 1215 2496 senatorRo·

284 2530 488 2575 manuS,
527 2517 671 2565 Verr.
695 2516 929 2567 Accusat.
951 2514 1002 2574 3,
1019 2514 1106 2578 40,
1127 2512 1211 2563 93.

213 2601 457 2654 Annales
493 2603 704 2651 maximi
738 2618 768 2651 a
804 2601 1041 2651 Pontissee
1077 2614 1210 2648 max.

285 2670 526 2729 confecti,
565 2671 626 2719 de
647 2683 719 2718 or.
743 2672 791 2728 2,
815 2670 897 2731 12,
919 2669 1006 2718 52.
1055 2668 1118 2716 V.
1139 2665 1209 2716 P.

281 2736 503 2789 Mucius
543 2736 838 2789 Scaevola.
881 2764 951 2773 —-
989 2735 1214 2786 Annales

281 2807 576 2857 Pontificum
625 2792 986 2861 maximorum,
1032 2805 1224 2866 quibus⁴

281 2876 407 2925 nihil
443 2882 606 2939 potest
644 2890 756 2925 esse
798 2873 1068 2923 iucundius
1084 2908 1096 2928 ,
1153 2872 1217 2920 de

282 2945 418 3009 legg.
444 2943 615 3005 1,2,6.
641 2941 705 2991 cl.
731 2944 792 2992 de
811 2958 853 2991 r.
878 2957 927 3006 p.
952 2941 999 3003 1,
1026 2940 1108 3003 16,
1129 2940 1213 2989 25.

213 3026 466 3091 Annalis.
509 3030 573 3078 V.
595 3025 794 3077 Villius
814 3024 1065 3076 Annalis.

129 3098 134 3105 ’
217 3110 282 3162 G.
305 3110 568 3176 Anneius,
587 3112 736 3163 heres
755 3112 814 3171 Q.
829 3111 987 3171 Turil,
1009 3112 1075 3160 ad
1094 3111 1216 3161 fam.

288 3182 370 3241 12,
390 3181 476 3240 26,
500 3181 548 3229 1.

215 3260 295 3315 Μ.
335 3262 598 3327 Anneius,
637 3266 833 3330 legatus
871 3266 1128 3317 Ciceronis
1164 3266 1216 3315 in

285 3332 461 3382 Cilicia
482 3348 527 3381 a.
551 3349 600 3381 u.
625 3350 666 3383 c.
687 3334 836 3395 703„
877 3335 941 3384 ad
973 3334 1092 3386 fam.
1130 3332 1210 3395 13,

285 3400 614 3462 55,1.et57,
638 3403 683 3452 1.
719 3404 791 3453 lb.
817 3402 900 3463 15,
921 3405 970 3462 4,
990 3402 1039 3453 2.
1080 3401 1210 3451 Jbid.

286 3471 333 3530 s.
356 3467 405 3517 9.
445 3470 509 3517 ad
533 3470 633 3522 Att.
657 3471 706 3532 5,
729 3472 776 3531 4,
797 3473 846 3521 2.

1356 465 1509 524 toris,
1547 466 1693 514 Verr.
1716 473 1939 515 accusat.
1977 464 2005 515 1
2022 500 2037 525 ,
2058 464 2156 523 58,
2181 464 2305 515 153.

1358 535 1455 584 lb..
1478 535 1531 593 2,
1554 534 1603 595 7,
1628 534 1715 584 21.

1289 599 1544 652 Anniana
1564 601 1765 651 Milonis
1786 601 1965 652 domus
1978 637 1999 666 ,
2028 602 2099 651 ad
2117 601 2225 650 Att.
2250 602 2305 666 4,

1288 735 1601 789 Annianum
1620 737 1958 804 (praedium),
1995 738 2067 788 ad
2082 737 2189 788 Att.
2215 737 2307 798 15,

1285 873 1545 938 Annibal,
1578 871 1951 926 vsllannibal.

1287 940 1571 995 Annicerii
1617 941 1912 1007 philosophi
1962 944 2027 993 ab
2079 943 2307 991 Annice-

1354 1013 1465 1062 ride
1498 1012 1772 1077 Cyrenaico
1804 1011 2076 1076 appellati,
2118 1011 2185 1060 de
2218 1009 2303 1060 off.

1356 1081 1409 1144 3,
1430 1079 1514 1144 33,
1540 1078 1652 1129 116.

1287 1147 1519 1211 Annius,
1549 1157 1766 1207 senator,
1798 1149 2147 1199 amicissimus
2168 1145 2308 1196 Cati-

1358 1219 1510 1278 linae,
1546 1218 1604 1275 Q.
1628 1215 1727 1265 Cie.
1751 1216 1815 1265 de
1835 1224 1937 1280 pet.
1960 1231 2107 1266 cons.
2135 1215 2188 1274 3,
2214 1214 2301 1265 10.

1287 1285 1355 1336 L.
1399 1281 1609 1336 Annius
1625 1321 1639 1347 ,
1685 1287 1999 1350 propinquus
2040 1285 2097 1334 G.
2143 1283 2306 1332 Annii

1360 1353 1537 1412 Aselli,
1560 1354 1704 1401 Verr.
1729 1353 1961 1402 Accusat.
1988 1353 2039 1412 1,
2062 1351 2151 1413 41,
2179 1351 2327 1409 105„

1288 1421 1369 1472 M.
1388 1418 1615 1484 Annius,
1630 1428 1783 1482 eques
1795 1421 1961 1478 Rom.,
1980 1422 2133 1470 Verr.
2151 1435 2304 1470 accu-

1356 1498 1451 1540 sat.
1475 1490 1523 1548 1,
1546 1486 1595 1547 5,
1618 1489 1701 1539 14.
1726 1490 1798 1538 lb.
1820 1490 1870 1549 5,
1892 1489 1975 1549 29,
1998 1487 2087 1538 73.
2129 1515 2192 1524 -
2224 1489 2301 1540 Ib.

1356 1559 1407 1618 5,
1430 1557 1514 1618 60,
1543 1557 1657 1608 156.

1284 1626 1366 1677 Μ.
1408 1622 1615 1677 Annius
1652 1623 1891 1690 Appius,
1931 1623 2163 1687 Camers,
2208 1639 2303 1688 pro

1354 1694 1514 1744 Balbo
1535 1695 1618 1756 20,
1640 1695 1725 1745 46.

1288 1762 1352 1812 C.
1375 1760 1585 1812 Annius
1604 1761 1853 1824 Asellus,
1890 1767 2095 1811 senator
2124 1761 2296 1824 Rom.,

1352 1831 1499 1880 Verr.
1519 1830 1753 1879 Accusat.
1781 1829 1826 1891 l,
1856 1828 1940 1889 41,
1965 1829 2083 1881 104.
2128 1828 2193 1878 cl.
2225 1830 2295 1877 ib.

1360 1900 1407 1962 l,
1428 1899 1513 1959 58,
1538 1898 1651 1950 153.
1675 1905 1723 1948 et
1744 1898 2056 1960 Accusat.·2,
2078 1900 2129 1957 7,
2151 1897 2240 1949 21.

1288 1966 1549 2034 (Annius)
1582 1965 1891 2029 Bellienus,
1926 1981 2087 2017 verna
2114 1966 2299 2015 Deme-

1354 2039 1457 2097 trii,
1496 2038 1561 2086 ad
1598 2035 1717 2085 fam.
1756 2036 1807 2097 8,
1847 2034 1928 2097 15,
1964 2036 2017 2087 2.
2067 2038 2131 2087 V.
2156 2049 2294 2083 nom.

1358 2120 1498 2168 sequ.

1286 2172 1497 2224 Annius
1528 2171 1816 2222 Bellienus
1850 2172 1999 2219 homo
2028 2171 2297 2230 molestuS,

1355 2244 1438 2293 cui
1458 2242 1709 2290 confertur
1728 2241 2012 2289 Demetrius
2026 2278 2040 2301 ,
2082 2242 2151 2289 ad
2171 2240 2295 2290 fam.

1359 2310 1440 2370 16,
1462 2310 1545 2371 22,
1567 2310 1615 2358 2.
2272 2362 2275 2367 ,

1289 2376 1353 2428 0.
1404 2374 1685 2441 (Annius)
1742 2373 2033 2426 Bellienus
2051 2412 2066 2437 ,
2128 2384 2299 2425 orator

1354 2447 1520 2505 Rom.,
1538 2445 1689 2494 horno
1708 2460 1801 2509 per
1820 2460 1875 2495 se
1894 2458 2131 2509 magnus,
2150 2445 2293 2494 Brut.

1352 2512 1437 2573 45,
1463 2514 1581 2563 175.

1287 2597 1351 2649 G.
1385 2596 1595 2649 Annius
1628 2596 1945 2664 Bellienus,
1984 2598 2184 2662 legatus
2224 2598 2290 2646 M.
2310 2594 2357 2668 s

1354 2668 1551 2738 Fonteii
1579 2682 1624 2715 a.
1644 2683 1695 2717 u.
1720 2682 1765 2715 e.
1787 2668 1931 2730 682„
1969 2681 2061 2731 pro
2079 2666 2291 2715 Fonteio

1355 2737 1405 2798 4,
1428 2735 1477 2785 8.

1286 2821 1353 2872 L.
1378 2817 1643 2884 (Annius)
1667 2817 1957 2870 Bellienus
1974 2856 1988 2883 ‚
2025 2819 2291 2883 Pompeia-

1356 2904 1481 2949 nus»,
1520 2888 1740 2953 Philipp.
1780 2890 1831 2946 2,
1870 2888 1955 2951 36,
1994 2888 2077 2939 91.
2118 2888 2181 2936 el.
2223 2888 2291 2937 ad

1358 2958 1477 3008 fam.
1501 2956 1583 3017 16,
1604 2958 1688 3015 22,
1713 2958 1763 3006 2.
1792 2958 1865 3007 Ib.
1886 2956 1936 3017 8,
1960 2956 2043 3020 15,
2062 2957 2112 3005 2.

1294 3041 1357 3093 G.
1380 3040 1590 3092 Annius
1612 3039 1859 3105 Cimber,
1883 3041 2107 3105 Lysidici
2135 3040 2287 3099 filius,

1358 3110 1583 3176 Philipp.
1608 3111 1689 3167 11,
1710 3111 1760 3169 6,
1786 3111 1866 3161 14.
1888 3136 1959 3144 —
1987 3110 2051 3158 ad
2070 3109 2173 3157 Att.
2203 3107 2285 3164 15,

1359 3179 1443 3243 13,
1474 3178 1523 3229 3.
1557 3205 1628 3216 —·
1660 3177 2023 3241 Philadelphus
2060 3191 2150 3241 per
2186 3176 2288 3223 iro-

1354 3250 1492 3299 niam
1526 3247 1708 3297 dicitur
1741 3246 1963 3310 Philipp.
1986 3244 2069 3308 13,
2092 3245 2174 3302 12,
2197 3242 2284 3293 26.

1353 3317 1418 3369 cl.
1442 3317 1509 3366 ad
1526 3317 1629 3365 Att.
1654 3315 1735 3375 15,
1759 3314 1841 3374 13,
1862 3314 1910 3364 3.

1283 3399 1586 3452 Anniorum
1614 3398 1922 3449 Luscorum
1956 3398 2051 3446 hoc
2074 3402 2285 3445 stemma

1350 3470 1470 3519 fec-it
1498 3468 1844 3518 Drumannus:
