2500 3850
1029 110 1281 213 rLA'rO.
2078 153 2200 217 299

173 327 307 377 crito
342 326 395 373 in
425 322 624 387 scriptis
655 321 884 371 relictum
906 328 982 369 est
999 324 1122 387 poi}-

175 405 287 445 tam
336 395 521 443 bonum
575 391 829 439 neminem
886 392 999 441 sine
1046 392 1124 439 in-

172 463 524 514 flammatione
561 461 843 509 animorum
878 459 1122 509 exsistere

174 548 336 599 posse
348 538 397 581 et
407 531 517 581 sine
537 529 756 593 quodam
772 529 962 579 adflatu
978 530 1126 591 quasi

174 602 400 660 furoriS,
437 601 499 649 de
531 606 655 651 orat.
683 601 744 662 2,
771 597 868 661 46,
903 598 1020 649 194.
1061 598 1124 648 de

173 672 340 721 divin.
368 668 415 730 1,
439 668 524 733 37,
544 667 628 717 80.
655 694 720 703 -—
739 666 1001 717 Platonem
1022 681 1124 717 non

173 740 364 790 iniuria
383 736 722 787 Dicaearchus
743 743 965 797 accusat,
988 737 1125 799 quod

171 808 342 859 amori
363 806 715 857 auctoritatem
738 806 994 866 tribuerit,
1023 805 1124 854 Tu-

173 878 304 929 scul.
327 879 362 926 4
379 914 393 939 ,
418 874 486 925 34
501 912 515 933 ,
546 874 630 923 71.
655 902 721 911 —-
743 874 886 923 Plato
905 874 1125 923 faciebat

175 951 297 996 cum
331 944 564 1007 Socrate,
597 943 677 991 cui
697 942 825 993 nih-il
857 944 1125 994 videbatur

175 1016 300 1067 sciri
321 1028 503 1079 posse,
532 1013 688 1061 Acad.
709 1028 788 1077 pr.
811 1014 869 1073 2,
904 1012 1000 1076 23,
1037 1013 1120 1062 74.

175 1112 245 1122 ·-—
285 1084 409 1133 Loci
447 1098 476 1132 e
523 1080 752 1133 Phaedro
797 1082 848 1131 in
885 1082 1123 1132 Latinum

174 1166 466 1205 sermonem
503 1152 768 1210 conversi,
806 1152 870 1200 de
902 1166 946 1203 r.
979 1166 1032 1215 p.
1068 1149 1122 1213 6,

173 1226 263 1286 25,
285 1224 372 1273 27.
411 1221 613 1271 Tuscul.
641 1220 688 1283 1,
709 1220 794 1282 23,
813 1219 897 1272 53.
927 1220 989 1269 de
1007 1235 1117 1272 sen.

175 1293 262 1352 21,
287 1292 373 1344 78.
396 1291 460 1340 de
479 1290 565 1339 fin.
589 1292 638 1351 2,
665 1289 746 1353 16,
767 1289 852 1339 52.
877 1316 944 1324 —-
961 1288 1119 1350 Plato,

175 1362 250 1413 Ib.
275 1365 328 1425 2,
356 1360 403 1420 1,
435 1360 482 1410 1.
503 1386 570 1395 —
591 1358 852 1407 Sententia
873 1372 938 1405 ex
963 1356 1124 1406 Phae-

178 1430 274 1479 dro
290 1466 304 1492 ,
341 1428 413 1479 lb.
435 1429 498 1487 2,
531 1428 593 1487 2,
615 1429 666 1477 4.
692 1454 757 1462 —
776 1426 1016 1475 Platanus
1035 1425 1124 1474 illa

179 1501 232 1547 in
281 1496 516 1546 Phaedro
575 1494 998 1556 celebratissima,
1060 1496 1123 1543 de

179 1574 308 1619 orat.
339 1567 365 1615 1
384 1602 397 1625 ,
421 1566 472 1625 7,
495 1561 580 1614 28.
605 1590 667 1600 -
689 1562 830 1611 Plato
852 1565 1122 1613 Isocratem

179 1633 551 1686 admirabiliter
583 1634 633 1681 in
663 1631 892 1681 Phaedro
923 1632 1122 1681 laudari

178 1706 296 1755 fecit
317 1704 378 1753 ab
403 1702 637 1764 Socrate,
673 1701 735 1751 de
767 1709 868 1765 opt.
893 1716 1009 1767 gen.
1045 1714 1119 1753 or.

177 1774 211 1826 6
232 1810 245 1832 ,
314 1773 394 1824 17.
469 1796 526 1806 -
592 1769 766 1829 Plato,
837 1770 1124 1835 exagitator

181 1844 408 1893 omnium
429 1840 688 1889 rhetorum
703 1874 718 1899 ,
740 1837 913 1889 laudat
928 1841 1122 1887 Isocra-

176 1922 294 1976 tem,
317 1917 440 1964 orat.
469 1907 551 1971 13,
571 1909 660 1960 42.
699 1908 763 1958 de
788 1908 888 1974 leg.
916 1909 968 1969 2,
995 1906 1044 1968 3,
1065 1907 1118 1958 6.

182 1992 307 2033 orat.
331 1985 394 2040 4,
430 1977 511 2029 15.
555 1978 616 2027 de
647 1978 804 2027 divin.
829 1979 853 2028 1
875 2013 890 2038 ,
913 1976 1009 2040 37,
1029 1975 1116 2030 80.

181 2061 303 2102 orat.
328 2049 409 2114 12,
434 2047 518 2100 39.
560 2047 634 2096 lb.
659 2045 742 2106 13,
765 2047 850 2098 41.
874 2071 936 2083 -κ-
965 2047 1120 2112 Apud

179 2121 438 2170 Platonem
458 2130 614 2180 saepe
642 2115 771 2165 haec
792 2117 952 2165 oratio
972 2129 1120 2164 usur-

181 2196 298 2256 pata
336 2196 436 2247 est,
474 2193 530 2236 ut
571 2184 699 2234 nihil
733 2193 935 2249 praeter
959 2185 1119 2234 virtu-

178 2269 278 2309 tem
329 2257 578 2306 diceretur
613 2254 802 2303 bonum
820 2289 834 2308 .
885 2254 1020 2303 velut
1066 2255 1120 2303 in

179 2325 394 2392 Gorgia,
427 2323 632 2374 Tuscul.
670 2323 729 2386 5,
765 2322 860 2382 12,
894 2323 980 2374 34.
1001 2324 1118 2371 etin

180 2395 480 2460 Epitaphio,
511 2394 584 2442 Ib.
617 2392 678 2451 5,
718 2393 810 2452 12,
845 2391 929 2442 36.
965 2391 1037 2442 lb.
1065 2390 1116 2454 5,

177 2465 262 2528 23,
292 2463 376 2514 64.
400 2490 467 2498 -
487 2463 628 2511 Plato
649 2461 697 2509 in
723 2461 912 2524 Gorgia
930 2461 982 2508 in
1003 2475 1118 2509 ora-

179 2534 369 2584 toribus
390 2530 665 2580 irridendis
685 2531 796 2594 ipse
819 2543 933 2579 esse
953 2535 1118 2578 orator

180 2617 404 2653 summus
425 2601 645 2661 videtur,
675 2600 738 2648 de
771 2603 899 2647 orat.
937 2596 991 2660 1,
1032 2596 1114 2656 11,

176 2674 264 2724 47.
288 2672 427 2720 -In
449 2669 636 2734 Gorgia
655 2668 888 2718 Socrates
910 2665 1116 2714 cavilla-

178 2750 260 2792 tur
280 2747 558 2802 oratorem,
589 2738 660 2784 lb.
683 2735 744 2796 3,
777 2735 841 2786 31
862 2772 876 2794 ,
901 2735 1020 2784 122.
1047 2761 1117 2772 —-

181 2811 254 2860 De
278 2809 502 2857 Platonis
523 2805 711 2870 Gorgia
731 2804 977 2854 iudicium
995 2839 1007 2862 ,
1037 2804 1112 2852 Ib.

181 2881 230 2941 3,
251 2876 335 2937 32,
358 2877 472 2928 129.
493 2903 555 2913 --
577 2873 741 2922 Locus
763 2889 790 2923 e
813 2871 1030 2934 Critone,
1053 2873 1116 2922 de

185 2946 340 2997 divin.
368 2945 423 3003 1,
445 2944 511 2992 25
528 2980 540 3003 ,
563 2943 648 2992 52.
675 2969 738 2978 -
759 2941 982 2992 Platonis
1011 2941 1116 2991 Me-

183 3030 276 3064 non
290 3050 304 3075 ,
325 3011 526 3064 Tuscul.
557 3012 582 3060 1
599 3047 613 3073 ,
639 3011 734 3073 23,
755 3011 838 3062 55.
860 3038 931 3047 —
948 3011 1116 3060 Plato-

185 3086 260 3132 nis
279 3082 434 3141 liber,
457 3081 543 3142 qui
575 3089 651 3128 est
683 3081 747 3130 de
779 3081 947 3130 animo
967 3117 980 3141 ,
1005 3081 1116 3130 sive

183 3152 407 3210 Phaedo,
433 3151 506 3200 lb.
529 3149 576 3211 1,
601 3150 662 3200 11
681 3187 694 3210 ,
719 3151 803 3199 24.
825 3176 894 3186 --
911 3148 1115 3200 Phaedo

187 3220 410 3269 laudatur
446 3218 568 3267 item
601 3231 697 3282 pro
737 3217 928 3267 Scauro
965 3217 1025 3280 3,
1063 3221 1112 3268 4.

189 3304 236 3353 p.
274 3286 392 3340 228.
437 3311 496 3322 -
533 3285 794 3336 Platonem
829 3289 880 3336 in
906 3285 1115 3336 Timaeo

187 3357 352 3407 dicere
406 3355 614 3417 quidam
663 3356 968 3406 arbitrantur
1015 3363 1116 3404 ter-

187 3441 290 3476 ram
306 3463 318 3486 ,
357 3439 457 3473 non
477 3424 674 3474 caelum
693 3426 887 3476 moveri
908 3461 922 3484 ,
956 3424 1114 3474 Acad.

1264 338 1343 387 pr.
1365 324 1413 381 2,
1442 320 1526 381 39,
1551 320 1670 371 123.
1692 350 1757 357 —
1778 324 1832 371 Iu
1856 322 2060 371 Timaeo
2089 324 2201 372 Pla-

1264 391 1399 441 tonis
1418 406 1585 440 rerum
1621 392 1926 458 obscuritas,
1957 407 2059 441 non
2088 408 2198 443 ver-

1263 461 1444 511 borum
1483 460 1629 518 facit,
1669 468 1721 509 ut
1756 474 1858 509 non
1891 461 2203 525 intelligatur

1266 530 1425 579 oratio
1441 566 1455 589 ,
1488 530 1550 578 de
1574 528 1661 577 fin.
1684 531 1744 591 2,
1768 530 1829 589 5,
1852 529 1933 579 15.
1960 557 2021 565 ——
2042 530 2199 593 Plato,

1263 601 1410 661 quasi
1454 598 1662 661 quidam
1709 598 1835 647 deus
1874 596 2201 661 philosopho·
2280 658 2285 662 ⁵

1264 683 1377 717 rum
1396 702 1411 730 ,
1434 667 1617 729 quibus
1640 668 1951 732 argumentis
1976 668 2203 717 docuerit

1227 738 1233 743 '
1263 738 1567 787 animantem
1604 744 1653 785 et
1690 736 2054 801 intelligentem
2092 751 2204 785 esse

1263 805 1508 855 mundum
1525 841 1538 867 ,
1570 806 1635 855 de
1654 820 1701 853 n.
1727 806 1777 857 d.
1804 806 1860 862 2,
1886 806 1977 866 12,
2000 804 2067 855 32
2090 820 2200 870 sqq.

1264 876 1324 926 cl.
1351 874 1555 924 Tuscul.
1582 874 1609 924 1
1625 911 1639 934 ,
1662 874 1747 935 28,
1771 874 1853 924 70.
1885 901 1954 910 --
1973 874 2114 925 Plato
2138 890 2202 923 ex

1264 944 1475 993 materia
1516 945 1569 993 in
1604 958 1661 993 se
1712 945 1881 993 omnia
1927 943 2203 1008 recipiente

1263 1014 1506 1065 mundum
1530 1028 1644 1063 esse
1665 1011 1851 1062 factum
1874 1020 2046 1062 censet
2074 1013 2199 1062 adeo

1265 1084 1657 1148 sempiternum,
1697 1082 1857 1131 Acad.
1895 1098 1975 1148 pr.
2017 1082 2075 1143 2,
2116 1080 2199 1140 37,

1268 1152 1385 1209 118.
1406 1178 1474 1189 --
1494 1152 1721 1201 Pla-tonis
1740 1152 1804 1201 de
1825 1152 2033 1201 Timaeo
2055 1150 2199 1212 deuS,

1264 1222 1441 1286 opifex
1460 1219 1853 1282 aedificatorque
1872 1220 2067 1279 mundi,
2090 1219 2203 1267 irri-

1263 1306 1350 1339 sus
1382 1306 1413 1339 a
1438 1289 1639 1339 Velleio
1668 1289 1932 1353 EpicuriO,
1969 1289 2032 1337 de
2063 1303 2113 1340 n.
2148 1288 2197 1339 d.

1267 1360 1292 1409 1
1313 1395 1327 1418 ,
1354 1359 1387 1409 8
1406 1395 1419 1421 ,
1448 1358 1513 1407 18
1544 1372 1655 1419 sqq.
1677 1382 1747 1392 -
1775 1355 2011 1406 Rotunda
2043 1355 2203 1405 forma

1262 1428 1417 1477 ullam
1442 1433 1594 1489 negat
1612 1439 1726 1473 esse
1754 1424 2088 1489 pulcriorem,
2123 1424 2200 1475 lb.

1265 1498 1291 1545 1
1310 1532 1323 1553 ,
1350 1495 1441 1556 10,
1474 1495 1559 1546 24.
1585 1521 1651 1528 -
1673 1494 1747 1541 De
1770 1492 1997 1542 Platonis
2026 1493 2202 1541 incon-

1263 1564 1477 1627 stantia,
1526 1562 1613 1624 qui
1667 1563 1716 1609 in
1759 1562 1963 1611 Timaeo
2007 1569 2201 1625 patrem

1263 1633 1417 1681 huius
1481 1631 1658 1680 mundi
1730 1630 1981 1681 nominari
2050 1637 2202 1693 neget

1264 1716 1444 1767 posse,
1499 1702 1551 1749 in
1606 1699 1777 1765 legum
1826 1708 1995 1749 autem
2040 1698 2199 1762 libris,

1264 1770 1386 1834 quid
1414 1770 1480 1819 sit
1507 1769 1712 1817 omnino
1738 1769 1936 1831 anquiri
1969 1774 2201 1833 oportere

1262 1854 1361 1889 non
1382 1846 1585 1887 censeat
1606 1845 1699 1887 etc.
1719 1874 1734 1901 ,
1758 1839 1833 1887 Ib.
1860 1838 1907 1896 1,
1938 1839 2014 1895 12,
2034 1835 2117 1887 30.
2135 1864 2199 1870 -

1261 1906 1593 1974 Philosophia
1634 1908 1859 1956 omnium
1910 1912 2069 1956 mater
2122 1918 2201 1953 ar-

1258 1980 1387 2028 tium
1406 1977 1531 2027 nihil
1550 1985 1625 2026 est
1644 1975 1783 2026 aliud
1800 1977 1900 2024 nisi
1914 2013 1927 2040 ,
1961 1985 2017 2026 ut
2036 1974 2199 2034 Plato,

1261 2049 1450 2098 donum
1488 2048 1727 2107 deorum,
1765 2044 1968 2097 Tuscul.
2012 2044 2070 2103 1,
2112 2041 2197 2102 26,

1259 2116 1345 2167 64.
1387 2115 1452 2166 cl.
1476 2115 1637 2164 Acad.
1660 2121 1794 2178 post.
1822 2114 1880 2178 1,
1914 2114 1947 2162 2
1966 2151 1979 2174 ,
2006 2111 2061 2164 8.
2100 2111 2201 2160 Tu—

1260 2186 1384 2235 scul.
1431 2184 1456 2233 1
1483 2219 1497 2244 ,
1525 2185 1619 2243 25,
1652 2182 1737 2236 63.
1778 2183 1851 2242 lb.
1891 2183 1947 2241 1,
1984 2179 2078 2240 26,
2108 2179 2194 2231 64.

1260 2255 1390 2303 Tim.
1433 2253 1515 2304 14.
1553 2254 1615 2302 de
1646 2253 1745 2316 leg.
1784 2252 1841 2311 1,
1871 2250 1956 2300 22.
1990 2249 2199 2298 —Eius

1261 2325 1451 2374 dictum
1500 2323 1551 2371 in
1588 2320 1951 2384 philosophos,
2002 2319 2063 2367 de
2110 2316 2196 2366 off.

1260 2393 1319 2456 1,
1375 2391 1437 2454 9,
1484 2390 1569 2440 28.
1617 2416 1684 2424 —-—
1728 2389 1853 2436 Eius
1900 2388 2089 2436 dictum
2134 2386 2198 2434 de

1253 2475 1379 2510 vera
1412 2456 1728 2514 fortitudine,
1772 2457 1834 2506 de
1871 2453 1957 2503 off.
2004 2454 2029 2503 1
2052 2491 2067 2514 ,
2110 2451 2194 2512 19,

1254 2529 1340 2581 63.
1392 2557 1459 2564 -
1510 2527 1585 2576 De
1622 2523 2069 2584 LacedaemoniiS,
2123 2521 2195 2570 Ib.

1260 2597 1316 2658 1,
1352 2596 1445 2656 19,
1481 2596 1570 2648 64.
1596 2621 1662 2630 -
1688 2593 1831 2643 Plato
1862 2593 2099 2657 princeps
2134 2591 2196 2640 de

1257 2683 1312 2715 re
1348 2665 1488 2730 publ.
1522 2664 1790 2727 disseruit,
1823 2663 1885 2712 de
1913 2661 2015 2726 leg.
2042 2660 2106 2719 3,
2144 2659 2193 2723 6,

1258 2736 1342 2787 14.
1374 2761 1439 2771 -
1470 2733 1639 2794 Plato,
1674 2731 1995 2794 AristoteleS,
2034 2728 2196 2778 Theo-

1254 2803 1495 2868 phrastus
1520 2808 1725 2865 totaque
1743 2800 2191 2865 Peripateticorum

1253 2872 1450 2922 familia
1490 2885 1729 2936 magnum
1764 2871 1931 2921 locum
1968 2867 2195 2932 ‘philoso-

1253 2941 1508 3007 phiaeque
1544 2941 1808 3007 proprium
1845 2941 1909 2988 de
1952 2953 2008 2986 re
2050 2936 2192 3000 publ.

1254 3017 1533 3060 tractarunt
1551 3010 1801 3058 uberrime
1818 3045 1831 3068 ,
1864 3009 1926 3056 de
1951 3005 2109 3055 divin.
2142 3005 2190 3063 2,

1259 3081 1286 3130 l
1308 3117 1322 3141 ,
1353 3079 1402 3130 3.
1434 3109 1505 3120 -
1540 3079 1679 3128 Plato
1712 3091 1896 3128 novam
1924 3072 2194 3136 quamdam

1254 3149 1403 3198 finxit
1423 3149 1473 3196 in
1503 3147 1648 3196 libris
1670 3146 1921 3194 civitatem
1937 3178 1952 3202 ,
1984 3142 2046 3190 de
2066 3150 2191 3192 orat.

1259 3218 1287 3266 1
1308 3254 1321 3274 ‚
1353 3219 1448 3280 52,
1474 3217 1591 3265 224.
1611 3243 1683 3254 -—
1702 3211 2060 3263 Commenticia
2082 3209 2193 3258 eius

1258 3286 1465 3348 civitas,
1500 3285 1571 3332 Ib.
1597 3282 1655 3343 1,
1685 3279 1781 3346 53,
1809 3280 1929 3332 230.
1957 3305 2021 3314 -—
2040 3277 2194 3342 Apud

1256 3354 1517 3403 Platonem
1540 3351 1775 3404 Socrates
1796 3351 1896 3400 sibi
1924 3363 2031 3397 rem
2051 3344 2191 3411 publ.

1258 3424 1373 3486 ipse
1398 3421 1571 3484 finxit,
1606 3421 1669 3470 de
1696 3435 1741 3469 r.
1768 3435 1825 3485 p.
1852 3421 1914 3480 2,
1939 3418 1965 3468 1
1985 3452 1998 3477 ,
2028 3414 2081 3466 3.
2116 3415 2191 3466 Ib.
