2500 3850
607 212 680 258 21.
714 210 1010 259 'runnms
1035 212 1106 257 M.
1137 211 1201 257 F.
1233 212 1307 258 M.
1339 211 1405 257 N.
1433 209 1703 257 cronno.
2028 255 2031 258 ,
2082 196 2205 257 415

183 364 550 416 aestimantfl'S
567 366 772 417 viciens.
787 366 1126 414 Tusculanum

183 444 230 483 et
265 434 578 483 Formianum
610 436 758 484 valde
791 434 1124 493 illiberaliter,

183 504 248 551 ad
272 507 374 553 Att.
396 505 454 560 4,
485 504 546 562 2,
581 504 629 553 5.
667 530 724 540 —
751 504 917 555 Clodii
951 510 1128 553 contra

184 572 481 622 Ciceronem
507 581 556 621 et
579 570 637 630 Q.
673 569 880 622 fratrem
904 572 1126 621 furiosae

184 642 438 701 actioneS,
458 642 530 690 lb.
557 644 611 700 4,
637 640 687 691 3.
710 668 780 679 -—
801 641 975 691 Cicero
1001 643 1126 691 scri-

179 711 258 759 bit
285 726 340 759 se
361 710 530 759 animo
566 712 758 774 vigere,
795 726 848 760 re
881 710 1127 761 familiari

182 780 546 829 comminutum
570 793 711 841 esse,
737 780 809 827 lb.
829 781 880 843 4,
905 781 956 835 2,
976 780 1027 827 7.

253 850 318 897 A.
339 862 389 895 u.
415 864 459 897 c.
493 846 614 900 698.
647 855 744 897 aet.
767 848 849 897 LI.
873 848 1128 897 Ciceronis

181 918 406 965 actiones
427 918 492 966 de
511 916 794 967 Ptolemaeo
816 932 936 982 rege
956 918 1128 983 Aegy-

182 987 291 1050 ptio
309 1000 402 1049 per
418 986 474 1034 P.
494 982 989 1036 Lentulum-Ciliciae
1009 1000 1128 1050 pro-

183 1070 288 1107 cos.
314 1053 629 1116 reducendO,
655 1057 720 1105 ad
745 1055 864 1107 fam.
903 1056 960 1120 1,
997 1055 1044 1107 1.
1073 1058 1124 1105 2.

187 1126 236 1173 4.
261 1126 311 1176 5.
340 1124 390 1171 7.
429 1123 496 1173 ad
516 1122 571 1181 Q.
597 1123 657 1171 fr.
683 1125 734 1185 2,
755 1128 804 1185 2,
829 1124 877 1175 3.
903 1150 970 1161 -·
989 1125 1045 1173 In
1065 1140 1126 1173 ea

184 1208 238 1241 re
264 1192 442 1240 habuit
465 1193 740 1244 orationem
774 1194 835 1243 de
860 1209 980 1259 rege
1006 1194 1124 1242 Ale-

180 1260 428 1311 xandrino
443 1300 456 1325 ,
497 1261 680 1326 fragm.
723 1278 773 1326 p.
811 1263 914 1314 200
951 1277 1028 1324 sq.
1056 1290 1127 1299 --

181 1330 356 1379 Mense
390 1331 662 1379 Februario
693 1331 749 1378 P.
785 1330 982 1381 Sestius
1013 1332 1126 1395 lege

183 1399 384 1447 Lutetia
413 1398 475 1447 de
511 1400 560 1447 vi
583 1400 868 1461 postulatus
899 1407 976 1449 est
1009 1414 1036 1447 a
1058 1400 1124 1448 M.

187 1467 356 1516 Tullio
382 1466 730 1517 Albinovano:
755 1484 870 1517 eum
888 1468 1126 1518 defende-

181 1544 298 1585 runt
317 1536 616 1585 Hortensius
635 1544 685 1585 et
706 1535 882 1587 Cicero
901 1540 1128 1586 oratione

187 1621 276 1669 pro
306 1604 472 1654 Sestio
488 1638 503 1667 ,
523 1620 653 1667 quae
671 1614 861 1665 exstat,
883 1607 946 1657 ad
978 1606 1035 1665 Q.
1059 1606 1122 1655 fr.

183 1676 234 1732 2,
253 1674 306 1737 3,
329 1674 380 1723 5.
399 1700 464 1709 -—-
487 1674 628 1723 Idem
653 1675 914 1725 absolutus
939 1684 1032 1735 est,
1054 1676 1124 1723 Ib.

184 1746 235 1801 2,
255 1744 306 1799 4,
332 1742 380 1791 1.
401 1770 467 1778 —-
487 1742 677 1792 Eodem
699 1759 868 1793 mense
890 1746 1017 1794 dixit
1032 1759 1126 1810 pro

183 1812 356 1861 Bestia
377 1813 439 1861 de
461 1812 678 1874 ambitu,
706 1814 780 1863 Ib.
801 1815 862 1872 2,
893 1814 954 1874 3,
979 1814 1028 1865 6.
1059 1839 1129 1848 —

183 1880 392 1930 Librum
427 1881 626 1943 scribit,
668 1882 718 1930 in
754 1897 852 1946 quo
897 1882 1128 1934 Caesaris

185 1958 293 2000 acta
314 1951 515 2016 probat,
539 1966 667 2013 quae
686 1950 1005 2018 παλινῳδία
1025 1953 1127 2017 ipsi

184 2019 384 2068 videtur
401 2021 768 2084 subturpicula,
790 2022 856 2071 ad
876 2024 979 2072 Att.
1000 2026 1053 2082 4,
1075 2023 1126 2080 5,

186 2090 236 2140 1.
257 2115 324 2125 —-
344 2087 585 2138 Luceium
607 2101 768 2154 rogat,
790 2099 844 2140 ut
865 2091 1128 2140 historiam

187 2159 249 2207 de
267 2159 416 2206 rebus
435 2159 545 2206 suis
566 2173 596 2206 a
619 2159 872 2224 principio
892 2162 1128 2211 coniura-

181 2226 336 2274 tionis
369 2224 692 2276 Catilinariae
731 2244 891 2292 usque
921 2230 985 2278 ad
1021 2229 1128 2278 red-

187 2297 310 2343 itum
337 2309 485 2344 suum
505 2296 718 2355 scribat,
739 2299 804 2346 ad
828 2297 948 2347 fam.
969 2299 1020 2358 5,
1045 2299 1126 2348 12.

186 2365 253 2412 ad
274 2367 374 2412 Att.
395 2365 458 2426 4,
489 2363 550 2427 6,
575 2367 628 2414 4.
648 2390 720 2402 —-
739 2364 973 2423 Queritur
999 2367 1130 2414 sein

185 2449 240 2482 re
277 2432 421 2498 publ.
460 2447 552 2480 nec
594 2435 730 2495 quod
769 2441 996 2500 oporteat
1036 2449 1129 2483 nec

189 2503 326 2564 quod
345 2515 472 2566 opus
494 2503 561 2552 sit
580 2502 720 2565 loqui
739 2518 918 2566 posse,
937 2505 1032 2552 n‘ec
1053 2511 1128 2552 ta-

187 2586 302 2620 men
321 2573 471 2620 etiam
491 2578 658 2622 tacere
681 2571 834 2622 licere
848 2611 862 2632 ,
891 2574 962 2622 Ib.
991 2574 1052 2630 4,
1073 2570 1127 2636 6,

184 2641 234 2690 2.
255 2665 328 2676 —-
349 2642 396 2689 A
426 2638 555 2688 libro
575 2643 793 2703 quodam
825 2641 892 2691 ad
913 2641 1126 2690 Horten-

184 2710 316 2758 sium
335 2709 600 2758 scribendo
621 2710 881 2772 abhorret,
904 2712 979 2761 lb.
1002 2713 1052 2770 4,
1075 2709 1128 2772 6,

187 2777 239 2829 3.
281 2804 348 2813 —
379 2778 557 2827 Invisit
591 2778 888 2844 Pompeium
929 2781 980 2843 in
1019 2780 1128 2828 eius

187 2845 518 2901 Cumano,lb.
534 2848 586 2906 4,
601 2847 652 2908 9,
671 2847 752 2898 10.
767 2875 833 2884 ·-
845 2849 922 2898 Ab
938 2863 996 2898 eo
1011 2863 1129 2898 con-

186 2915 387 2963 venitur
405 2915 457 2962 in
478 2929 570 2964 suo
595 2915 816 2967 Cumano
833 2954 847 2978 ,
867 2919 942 2971 lb.
967 2917 1016 2976 4,
1042 2917 1124 2969 10.

257 2984 321 3038 Α.
343 2998 394 3032 u.
414 2998 462 3032 c.
481 2983 598 3035 699.
632 2993 730 3038 aet.
761 2986 866 3040 LII.
891 2987 1125 3036 Crassum
1199 2984 1204 2989 ’

189 3051 449 3102 consulem
477 3069 504 3102 e
525 3063 700 3103 senatu
723 3056 917 3106 reducit
935 3064 983 3104 et
1012 3071 1125 3105 cum

188 3137 247 3172 eo
275 3123 337 3171 de
365 3121 423 3180 Q.
450 3121 618 3172 fratris
648 3127 850 3190 negotio
886 3124 1124 3187 loquitur,

189 3189 254 3239 ad
273 3191 331 3248 Q.
353 3191 416 3242 fr.
439 3193 470 3240 2
487 3228 502 3251 ,
535 3194 564 3240 7
585 3188 704 3255 (9),
734 3195 784 3243 2.
807 3221 877 3232 -—-
893 3195 1130 3244 Defendit

192 3258 389 3308 Gallum
411 3259 690 3324 Caninium,
713 3264 780 3312 ad
799 3263 918 3312 fam.
941 3265 992 3323 7,
1013 3264 1125 3322 1,4.

190 3353 258 3363 —
292 3326 500 3392 Cogitur
528 3345 628 3378 non
653 3347 924 3394 numquam
962 3333 1129 3380 homi-

191 3410 283 3444 nes
313 3411 412 3446 non
442 3399 630 3460 optime
654 3400 716 3448 de
737 3415 794 3448 se
813 3403 1020 3449 meritos
1043 3400 1129 3448 de-

189 3463 426 3530 fendere,
452 3467 518 3514 ad
541 3466 659 3521 fam.
685 3470 734 3528 7,
759 3469 806 3529 1,
827 3477 877 3520 4.

1338 366 1402 413 A.
1429 380 1479 417 u.
1518 382 1562 413 c.
1596 366 1715 418 700.
1750 374 1847 414 aet.
1880 366 2013 418 LIII.
2048 365 2212 413 Tene·

1268 434 1468 483 diorum
1492 449 1697 483 causam
1717 436 1768 482 in
1788 444 1965 483 senatu
1993 450 2107 485 cum
2125 434 2213 481 Bi-

1270 502 1386 551 bulo
1410 512 1459 551 et
1483 501 1679 551 Calidio
1714 510 1763 551 et
1783 504 2005 552 Favonio
2036 503 2209 553 defen-

1268 572 1369 631 dit,
1410 572 1477 621 ad
1510 570 1567 629 Q.
1602 571 1664 620 fr.
1704 574 1765 635 2,
1808 571 1840 623 9
1872 568 2017 636 (11),
2056 573 2105 621 2.
2142 598 2213 606 -—-

1268 639 1436 689 Crassi
1462 640 1763 705 dignitatem
1794 643 2023 691 studiose
2048 641 2101 689 in
2130 654 2211 689 se·

1266 720 1387 759 natu
1406 708 1649 772 defendit,
1668 710 1737 759 ad
1754 710 1876 760 fam.
1896 710 1950 771 5,
1970 708 2021 759 8.
2035 738 2105 747 —
2124 708 2213 757 Ait

1270 778 1535 827 Caesarem
1556 794 1670 828 esse
1692 794 1750 828 se
1780 780 2019 839 alterum,
2056 779 2128 827 Ib.
2158 778 2208 833 7,

1266 848 1298 897 5
1316 885 1329 909 ,
1356 848 1403 897 1.
1424 874 1495 883 -
1513 848 1807 899 Trebatium
1829 848 1984 897 tradit
2014 848 2068 895 in
2100 848 2217 895 eius

1268 931 1472 966 manum
1505 924 1554 965 et
1595 918 1807 966 victoria
1844 926 1893 967 et
1927 916 2027 966 fide
2063 930 2211 981 prae-

1266 993 1509 1046 stantem,
1542 986 1616 1035 lb.
1650 987 1711 1049 7,
1746 986 1804 1046 5,
1838 986 1889 1037 3.
1911 985 2083 1033 —Ait
2113 986 2213 1033 sibi

1268 1053 1534 1104 Caesarem
1553 1056 1607 1103 in
1624 1058 1741 1105 sinu
1760 1070 1889 1113 esse,
1907 1056 1973 1105 ad
1992 1054 2049 1113 Q.
2072 1053 2137 1102 fr.
2158 1054 2213 1113 2,

1271 1124 1328 1173 11
1353 1120 1490 1189 (13),
1514 1123 1562 1171 1.
1585 1152 1650 1160 -
1666 1124 1789 1173 Eius
1806 1138 2029 1173 amorem
2050 1123 2211 1171 omni-

1266 1194 1360 1243 bus
1380 1193 1654 1243 honoribus
1673 1195 1951 1257 anteponit,
1974 1192 2039 1242 ad
2058 1192 2117 1249 Q.
2142 1192 2209 1241 fr.

1268 1264 1329 1321 2,
1368 1260 1431 1313 13
1464 1259 1613 1327 (15),
1652 1262 1699 1310 1.
1720 1288 1791 1299 -·
1818 1262 2053 1311 Defendit
2080 1262 2210 1311 Mes-

1267 1332 1428 1390 sium,
1465 1332 1532 1378 ad
1561 1334 1660 1379 Att.
1697 1332 1759 1390 4,
1794 1331 1884 1392 15,
1913 1330 1965 1379 9.
1989 1356 2055 1365 --
2086 1332 2211 1379 item

1267 1399 1491 1448 Drusum
1515 1406 1564 1447 et
1584 1396 1830 1447 Scaurum
1861 1406 1910 1447 et
1931 1399 2210 1457 Vatinium,

1269 1468 1340 1516 Ib.
1368 1468 1420 1529 4,
1444 1466 1528 1526 15,
1549 1466 1599 1519 9.
1641 1466 1707 1516 ad
1728 1468 1786 1527 Q.
1810 1468 1875 1517 fr.
1894 1468 1955 1530 2,
1989 1466 2051 1517 15
2072 1465 2213 1530 (16),

1268 1535 1321 1586 3.
1351 1562 1417 1571 —-
1448 1534 1635 1585 Statuit
1673 1538 1741 1586 ad
1776 1536 1968 1585 nullam
2000 1534 2215 1584 medici-

1268 1620 1383 1653 nam
1408 1605 1481 1654 rei
1510 1605 1653 1667 publ.
1678 1606 1789 1655 sine
1810 1620 1995 1670 magno
2015 1604 2211 1668 praesi-

1268 1674 1353 1723 dio
1390 1674 1657 1736 accedere,
1694 1675 1765 1723 Ib.
1788 1676 1851 1735 2,
1884 1674 1947 1724 15
1973 1672 2127 1738 (16),
2158 1673 2211 1725 2.

1272 1768 1329 1779 -
1360 1742 1527 1809 Rogat
1554 1742 1822 1803 Quintum,
1857 1751 1911 1792 ut
1950 1744 2049 1792 sibi
2080 1742 2209 1791 iudi-

1267 1814 1403 1861 cium
1440 1810 1673 1861 Caesaris
1720 1813 1785 1861 de
1827 1812 2044 1875 quodam
2086 1814 2213 1876 poe—

1267 1889 1401 1932 mate
1422 1895 1513 1930 suo
1535 1880 1783 1946 explicet,
1806 1883 1880 1933 lb.
1900 1883 1933 1932 2
1949 1918 1964 1942 ‚
1990 1881 2055 1932 15
2074 1878 2211 1944 (16),

1270 1952 1321 2002 5.
1342 1977 1409 1986 —-
1431 1950 1517 1999 Ait
1535 1965 1591 2000 se
1616 1951 1781 2000 nullas
1807 1952 1861 2000 iu
1882 1950 2111 2000 Caesaris
2132 1965 2211 1998 re-

1272 2021 1367 2070 bus
1396 2016 1659 2084 δευτέρας
1688 2016 2003 2084 φροντίδας
2022 2019 2215 2068 habere

1268 2103 1448 2154 posse,
1488 2091 1607 2150 quia
1644 2097 1759 2139 eum
1798 2090 2075 2139 secundum
2110 2087 2213 2138 fra-

1268 2171 1395 2208 trem
1416 2167 1465 2207 et
1483 2159 1671 2209 liberos
1700 2159 1921 2208 maxime
1942 2167 2106 2216 amet,
2132 2159 2205 2206 Ib.

1269 2227 1331 2288 3,
1367 2228 1391 2277 1
1412 2265 1427 2289 ,
1463 2227 1545 2280 18.
1579 2255 1645 2264 -—
1667 2227 1856 2279 Causas
1883 2229 2093 2293 exponit
2122 2243 2214 2274 eur

1269 2305 1387 2363 post
1416 2297 1633 2347 reditum
1667 2299 1731 2346 ab
1760 2297 1939 2349 exsilio
1979 2297 2212 2348 Caesaris

1269 2367 1566 2430 dignitatem
1614 2367 1857 2416 tuendam
1908 2365 2211 2430 susceperit,

1268 2439 1390 2484 item
1409 2449 1497 2484 cur
1523 2449 1638 2482 cum
1660 2435 1865 2483 Vatinio
1888 2441 1937 2482 ct
1956 2433 2139 2484 Crasso
2161 2434 2213 2479 in

1265 2505 1480 2568 gratiam
1517 2503 1745 2562 redierit,
1782 2505 1848 2552 ad
1882 2503 2003 2552 fam.
2050 2502 2106 2564 1,
2158 2501 2210 2563 9,

1266 2572 1455 2621 4—20.
1472 2599 1543 2608 —
1562 2571 1793 2621 Caesaris
1811 2571 2211 2620 aedificationem

1268 2643 1320 2689 in
1342 2641 1453 2692 foro
1474 2641 1594 2689 etin
1612 2655 1719 2690 cam
1725 2655 1792 2704 po
1810 2640 1989 2696 Martio
2008 2649 2211 2689 senten-

1268 2711 1340 2760 tia
1371 2725 1465 2759 sua
1499 2710 1669 2774 iuvat,
1696 2711 1849 2759 etiam
1881 2710 1927 2758 si
1956 2709 2213 2775 profusio-

1270 2795 1383 2828 nem
1416 2781 1664 2844 pecuniae
1693 2781 1973 2843 improbet,
2004 2780 2070 2829 ad
2104 2781 2207 2826 Ati.

1266 2853 1325 2914 4,
1360 2848 1455 2910 16,
1491 2849 1573 2901 14.
1596 2875 1665 2885 -
1687 2851 1731 2898 Α
1753 2848 1967 2899 Caesare
1987 2849 2129 2899 videt
2157 2863 2211 2896 se

1268 2917 1776 2969 honorilicentissime
1797 2920 2004 2968 tractari
2025 2925 2073 2968 et
2101 2917 2213 2964 uni-

1269 3003 1325 3037 ce
1354 2987 1524 3050 diligi,
1561 2989 1627 3037 ad
1661 2988 1781 3038 fam.
1812 2989 1879 3046 7,
1922 2987 2014 3046 17,
2054 2989 2106 3038 2.
2146 3011 2211 3020 --

1268 3057 1404 3105 Metu
1455 3057 1685 3120 Pompeii
1735 3057 1893 3105 noluit
1941 3053 2209 3103 Gabinium

1267 3139 1505 3175 accusare
1520 3160 1534 3183 ,
1556 3127 1621 3172 ad
1641 3126 1699 3184 Q.
1722 3124 1787 3178 fr.
1808 3123 1858 3184 3,
1876 3127 1911 3175 4
1927 3161 1942 3184 ,
1968 3125 2120 3174 1--2.
2142 3149 2211 3160 —-

1269 3193 1425 3242 Multo
1448 3194 1617 3242 minus
1650 3209 1764 3242 enm
1792 3192 2024 3258 Pompeii
2049 3193 2217 3258 gratia

1272 3261 1539 3311 defendere
1570 3261 1753 3323 voluit,
1785 3262 1858 3316 lb.
1880 3261 1940 3321 3,
1970 3263 2029 3325 4,
2068 3261 2119 3313 3.
2142 3287 2210 3297 —

1272 3330 1635 3380 Testimonium
1654 3331 1705 3380 in
1730 3347 1845 3380 eum
1865 3331 2017 3392 dicit,
2052 3331 2121 3380 [b.
2142 3353 2216 3368 -··

1268 3399 1416 3447 Dolet
1448 3399 1641 3448 nullam
1670 3415 1782 3451 esse
1814 3417 1917 3450 rem
1954 3399 2096 3465 publ.
2130 3413 2211 3446 se-

1274 3483 1369 3530 que
1393 3483 1452 3518 ea
1469 3477 1659 3532 aetate,
1697 3471 1783 3520 ubi
1814 3471 2106 3521 auctoritate
2128 3485 2209 3522 se—
