2500 3850
213 178 331 241 114

273 344 571 410 prudentia,
605 344 667 392 de
697 357 807 394 sen.
828 342 889 407 9,
925 344 1009 392 27.
1028 369 1102 380 -
1120 340 1214 392 Se-

276 428 376 462 nex
398 427 505 460 rem
534 412 790 476 publicam
809 411 1021 460 consilio
1053 418 1104 461 et
1123 425 1211 461 au-

277 482 510 532 ctoritate
547 480 878 544 defendebat,
917 481 989 530 lb.
1030 480 1090 541 6,
1126 479 1208 530 15.

277 549 584 600 Coniunctus
603 550 826 599 amicitia
845 564 958 599 cum
985 547 1044 607 Q.
1073 551 1210 614 Papo

274 618 515 682 Aemilio,
537 617 591 670 C.
613 619 846 668 Fabricio
864 618 1103 680 Luscino,
1121 617 1206 668 Μ’.

277 687 447 748 Curio,
470 687 534 738 de
553 701 652 738 am·
676 688 762 747 11,
783 686 871 740 39.
893 713 964 724 -
983 686 1115 745 Quid
1129 686 1207 735 Ti.

277 755 620 809 Coruncanius
639 764 690 806 et
703 757 790 810 Μ’.
811 755 994 807 Curius
1014 756 1076 805 de
1089 755 1209 820 Epi·

277 827 386 876 curi
415 826 643 876 doctrina
675 825 1102 884 existimaverint,
1145 824 1210 874 de

275 909 385 948 sen.
410 893 506 956 13,
538 893 624 945 43.
649 923 716 932 -
736 893 789 944 G.
811 894 1096 956 Fabricius,
1122 893 1207 943 Μ’.

276 963 485 1022 Curius,
517 963 594 1012 Ti.
632 961 974 1013 Coruncanius
1009 964 1209 1026 sapien-

275 1041 352 1083 tes
380 1049 410 1082 a
439 1033 548 1082 suis
567 1032 902 1097 popularibus
923 1031 1111 1094 habiti,
1145 1032 1210 1082 de

275 1117 376 1155 am.
399 1102 459 1164 5,
494 1099 577 1152 18.
611 1127 677 1136 -—
704 1100 780 1149 Ti.
817 1101 1159 1152 Coruncanius
1178 1116 1211 1151 a

275 1171 356 1221 dis
377 1169 618 1230 dilectus,
648 1169 779 1219 den.
801 1170 852 1220 d.
877 1169 1056 1229 2,66,
1091 1169 1207 1221 165.

275 1241 351 1289 Ib.
374 1239 422 1295 3,
442 1239 492 1298 2,
513 1239 566 1288 5.
601 1252 695 1302 pro
716 1237 909 1288 Sulla*
887 1259 927 1304 a,
951 1237 1035 1289 23.

209 1303 461 1359 Corvini.
497 1306 562 1355 V.
586 1304 767 1357 Rulli.

207 1375 450 1439 Corvus,
471 1375 631 1425 sidus.
672 1377 815 1427 Arat.
838 1392 886 1426 v.
908 1374 1027 1426 464.
1069 1376 1130 1426 de
1152 1390 1202 1429 ιι.

276 1447 329 1498 d.
349 1446 401 1506 2,
423 1412 512 1506 44,
546 1443 662 1495 114.

209 1513 462 1581 Corybas
500 1514 756 1576 Apollinis
805 1513 1014 1562 secundi
1048 1519 1208 1576 pater,

276 1585 339 1634 de
360 1597 409 1630 ιι.
435 1582 486 1631 d.
510 1580 561 1639 3,
583 1582 668 1641 23,
689 1581 776 1634 57.

205 1649 630 1718 Κωρυκαῖοι,
685 1648 963 1714 Corycaei,
1030 1649 1208 1715 populi

275 1716 633 1795 Pamphyliae,
664 1717 1139 1781 adAtt.10,18,1.

208 1786 492 1852 Corycus,
535 1753 742 1834 Ciliciae
781 1786 930 1845 urba,
979 1787 1046 1834 ad
1083 1785 1206 1833 fam.

211 1921 501 1993 Coryphe,
534 1920 719 1973 Oceani
749 1922 874 1979 fllia,
911 1930 961 1973 et
982 1923 1209 1987 Iuppiter

273 2001 508 2059 parentes
528 1992 785 2043 Minervae
803 1991 1036 2058 (Curiae)
1057 2007 1210 2055 quar-

273 2071 382 2126 tae,
405 2062 537 2111 den.
563 2063 613 2114 d.
635 2062 685 2123 3,
707 2062 793 2118 23.
815 2060 900 2112 59.

209 2130 319 2183 Coa
348 2131 547 2193 insula,
577 2132 643 2181 ad
667 2130 772 2180 Att.
794 2133 854 2189 9,
873 2131 933 2194 9,
956 2132 1005 2180 2.
1040 2132 1207 2180 -Ιιι-

277 2199 418 2250 colae
439 2197 544 2262 Coi,
569 2200 707 2264 apud
725 2214 852 2261 quos
870 2209 976 2248 erat
992 2200 1207 2249 Veneris

277 2268 407 2319 Coae
438 2267 622 2317 nobilis
651 2268 821 2317 tabula
857 2269 995 2333 picta
1029 2283 1060 2317 a
1095 2269 1208 2318 cive

274 2354 366 2389 suo
389 2336 568 2402 Apelle
583 2374 598 2398 ,
617 2340 762 2389 Verr.
795 2345 1015 2389 accusat.
1036 2339 1070 2388 4
1085 2374 1100 2399 ,
1122 2337 1208 2404 60,

207 2474 382 2540 Cosa,
407 2477 740 2541 municipium
759 2478 990 2527 Emit-iae
1005 2512 1020 2540 ,
1057 2489 1088 2523 a
1109 2489 1209 2537 quo

276 2545 552 2607 Cosanum,
579 2549 641 2595 ad
663 2547 767 2595 Att.
789 2546 839 2602 9,
862 2546 912 2606 6,
934 2546 984 2598 2.
1025 2545 1099 2594 Ib.
1125 2544 1208 2607 15,

210 2680 271 2733 C.
297 2678 601 2731 Cosconius
618 2716 633 2743 ,
665 2687 868 2743 praetor
896 2681 1101 2730 consule
1124 2680 1208 2730 Ci-

274 2763 453 2800 cerone
474 2764 521 2800 a.
545 2764 594 2801 u.
619 2764 661 2798 c.
675 2748 826 2810 691„
847 2763 938 2813 pro
958 2746 1099 2797 Sulla
1123 2751 1204 2814 14,

271 2819 357 2868 42.
379 2840 451 2854 —
467 2818 648 2865 Postea
671 2831 764 2879 pro
793 2817 995 2867 consule
1018 2818 1205 2883 Hispa-

270 2887 406 2935 niam
436 2884 725 2935 ulteriorem
765 2886 980 2935 obtinuit
1005 2886 1205 2935 habuit-

273 2970 371 3017 que
388 2954 647 3003 Vatinium
681 2953 929 3020 legatum,
959 2956 1010 3003 in
1033 2957 1202 3009 Vatin.

270 3024 450 3085 5,12.
488 3024 554 3073 ad
588 3024 647 3083 Q.
681 3023 741 3073 fr.
776 3026 838 3085 2,
872 3022 1204 3089 4(6),5.-

272 3092 516 3143 Cosconio
545 3100 744 3142 mortuo
763 3108 810 3145 a.
831 3110 878 3142 u.
906 3108 947 3145 c.
968 3092 1086 3145 695.
1121 3092 1202 3143 Ci-

270 3176 382 3211 cero
402 3162 452 3210 in
470 3164 578 3211 eius
596 3161 762 3212 locum
784 3164 1022 3211 invitatus
1036 3178 1065 3213 a
1079 3161 1203 3212 Cae-

271 3245 383 3279 sare
405 3232 452 3279 in
482 3232 883 3296 vigintiviratum
916 3233 1054 3297 agris
1079 3232 1204 3281 dan-

269 3300 348 3349 dis
369 3270 725 3364 adsignoaudis,
745 3302 811 3350 ad
830 3303 1013 3362 Att.2,
1036 3301 1127 3358 19,
1147 3304 1198 3351 4.

205 3363 266 3415 C.
303 3365 641 3431 Cosconius,
681 3370 912 3419 diversus
946 3386 977 3419 a
1003 3378 1202 3435 praeto-

270 3433 372 3495 ria,
410 3435 465 3487 Ρ.
495 3436 691 3487 Vatinii
727 3437 924 3503 collega
953 3439 1006 3486 in
1041 3439 1201 3489 tribu-

891 185 1176 234 001³va
1201 207 1287 218 --
1310 186 1601 234 CRABRA.

1352 348 1475 392 natu
1503 356 1549 392 a.
1571 356 1623 393 u.
1646 356 1688 389 c.
1706 339 1824 390 695.
1845 376 1860 400 ,
1896 340 2076 390 aedilis
2096 356 2143 391 a.
2162 358 2220 397 u.
2244 360 2294 394 c.

1352 409 1473 461 697.
1488 445 1506 470 ,
1528 409 1682 459 iudex
1704 410 1755 457 in
1776 423 1931 460 causa
1949 409 2006 462 P.
2030 408 2183 460 Sestii
2201 449 2217 472 ,
2238 415 2295 461 in

1350 479 1522 531 Vatia.
1551 477 1709 538 7,16.

1286 547 1347 598 C.
1390 543 1701 602 Cosconius
1752 543 2077 597 Calidianus
2120 549 2294 613 Illyri-

1350 630 1465 665 cum
1504 615 1787 678 obtinebat,
1824 630 1918 680 pio
1958 615 2157 672 Cluent.
2198 617 2293 684 35,

1348 685 1437 736 97.
1467 682 1541 734 De
1570 685 1680 733 eius
1706 685 1994 746 eloquentia
2030 687 2293 736 existimat

1350 751 1553 812 Cicero,
1578 752 1716 804 Brut.
1736 752 1822 814 69,
1845 754 1968 805 242.

1282 819 1555 873 Cosianus
1570 857 1585 885 ,
1608 821 1673 872 ad
1695 822 1799 872 Att.
1827 822 1909 886 15,
1931 822 2016 882 29,
2040 822 2090 873 1.

1282 886 1445 942 Cossi
1465 891 1663 940 fratres.
1700 890 1795 939 Pro
1816 892 1881 940 iis
1905 890 2040 941 dixit
2060 892 2113 940 in
2133 908 2294 942 causa

1350 959 1701 1011 centumvirali
1723 958 1875 1009 Curio
1895 969 2069 1011 contra
2088 960 2155 1009 Μ.
2180 964 2293 1010 An·

1348 1031 1543 1080 ‘conium
1565 1036 1811 1078 oratorem
1826 1065 1841 1089 ,
1872 1030 1936 1080 de
1958 1038 2084 1079 orat.
2108 1031 2168 1089 2,
2198 1031 2290 1092 23,

1279 1166 1342 1219 L.
1377 1163 1674 1217 Cossinius
1705 1166 1920 1227 Tiburs,
1958 1168 2197 1218 damnato
2227 1169 2289 1220 Τ.

1350 1234 1537 1295 Caelio,
1558 1237 1685 1284 civis
1708 1235 1966 1286 Romanus
1988 1237 2173 1298 factus,
2193 1252 2291 1302 pro

1343 1304 1499 1354 Balbo
1518 1302 1603 1367 23,
1626 1303 1711 1354 53.

1280 1373 1343 1426 L.
1366 1369 1677 1434 Cossinius,
1696 1373 1763 1423 ad
1778 1374 1883 1423 Att.
1908 1372 1955 1436 l,
1987 1374 2070 1435 19,
2094 1375 2178 1424 11.
2207 1377 2286 1428 lb.

1349 1442 1433 1507 20,
1452 1441 1504 1494 6.
1540 1443 1617 1492 Ib.
1648 1443 1699 1506 2,
1724 1441 1774 1503 1,
1798 1440 1844 1494 1.
1865 1469 1929 1479 —
1954 1441 2291 1494 Commenda-

1348 1517 1432 1561 tur
1450 1509 1557 1560 Ser.
1582 1509 1838 1575 Sulpicio,
1863 1510 1930 1562 ad
1948 1511 2069 1565 fam.
2095 1512 2179 1574 13,
2200 1513 2289 1575 23,

1352 1580 1402 1629 1.
1426 1579 1666 1628 —Deeo
1691 1588 1889 1632 mortuo
1923 1595 1972 1634 a.
2004 1597 2057 1629 ιι.
2090 1598 2136 1631 c.
2164 1581 2287 1634 709.

1350 1647 1487 1698 dolet
1506 1647 1709 1709 Cicero
1730 1649 1797 1698 ad
1818 1648 1923 1698 Att.
1950 1649 2032 1714 13,
2054 1650 2143 1712 46,
2163 1654 2216 1702 4.

1279 1715 1344 1771 L.
1375 1713 1671 1767 Cossinius
1694 1685 2036 1782 Anchialus,
2078 1718 2134 1772 L
2164 1719 2291 1770 Cos-

1349 1787 1468 1835 sinii
1489 1786 1729 1846 libertus,
1758 1789 2140 1838 commendatur
2172 1788 2285 1843 Ser.

1246 1870 1256 1894 ι
1350 1854 1594 1920 Sulpicio,
1620 1855 1687 1904 ad
1709 1855 1829 1908 fam:
1853 1855 1933 1918 13,
1960 1857 2042 1915 23,
2066 1857 2111 1907 1.

1282 1922 1523 1975 Cosmoe
1551 1925 1725 1974 decem
1754 1926 1807 1975 in
1838 1925 1984 1975 Creta
2006 1928 2286 1989 constituti,

1348 2003 1703 2059 comparantur
1734 2009 1851 2045 cum
1882 1996 2099 2046 tribunis
2125 1996 2288 2061 plebi,

1348 2065 1411 2112 de
1432 2078 1471 2113 r.
1494 2078 1546 2127 p.
1571 2064 1620 2127 2,
1643 2062 1729 2122 33,
1755 2062 1839 2117 58.

1283 2128 1651 2183 Cossutianae
1670 2132 1907 2183 tabernae
1921 2168 1936 2193 ,
1968 2132 2035 2182 ad
2052 2132 2176 2185 fam.
2200 2132 2287 2194 16,

1281 2269 1361 2322 Μ.
1403 2266 1702 2321 Cossutius
1718 2305 1731 2332 ,
1760 2284 1914 2331 eques
1934 2270 2109 2332 Rom„
2133 2270 2282 2324 Verr.

1351 2348 1571 2387 accusat.
1596 2338 1647 2401 3,
1666 2340 1751 2401 22,
1770 2338 1857 2388 55.
1882 2340 1954 2389 Ib.
1978 2338 2027 2402 3,
2048 2337 2136 2399 80,
2164 2338 2285 2389 185.

1281 2406 1344 2459 L.
1368 2405 1553 2457 Cotta.
1592 2406 1647 2454 P.
1674 2406 1973 2467 Africanus,
2003 2407 2157 2457 homo
2180 2408 2288 2457 vir·

1352 2482 1474 2539 tute,
1495 2475 1722 2537 fortuna,
1743 2475 1905 2541 gloria
1918 2514 1932 2537 ,
1952 2477 2104 2527 rebus
2125 2477 2286 2542 gestis

1349 2544 1725 2607 amplissimus,
1757 2553 2026 2609 postquam
2053 2546 2135 2595 bis
2164 2561 2283 2596 con-

1350 2612 1430 2662 sul
1446 2621 1495 2661 et
1516 2628 1695 2663 censor
1711 2612 1900 2678 fuerat,
1935 2614 1991 2663 L.
2018 2613 2214 2665 Cottam
2232 2615 2284 2662 in

1347 2682 1591 2732 iudicium
1623 2684 1845 2747 vocavit,
1885 2683 2097 2732 divinat.
2137 2684 2189 2733 in
2221 2682 2281 2741 Q.

1347 2749 1530 2801 Caecil.
1580 2752 1679 2813 21,
1714 2750 1804 2805 69.
1860 2753 2007 2803 Pater
2042 2752 2283 2802 Aurelius

1349 2819 1491 2870 Cotta
1510 2836 1614 2870 coS.
1638 2836 1686 2875 a.
1707 2836 1757 2869 u.
1781 2835 1827 2875 c.
1850 2820 1969 2873 610.
1994 2835 2057 2871 an
2086 2820 2147 2871 L.
2177 2822 2284 2870 Au-

1343 2888 1502 2939 relius
1523 2889 1663 2939 Cotta
1680 2889 1812 2939 filius
1832 2905 1937 2939 cos,
1959 2906 2005 2957 a.
2023 2906 2073 2938 ιι.
2090 2907 2136 2938 c.
2158 2890 2282 2942 635.

1342 2957 1521 3020 fuerit,
1547 2960 1791 3008 incertum
1812 2965 1902 3008 est.
1941 2958 2005 3007 V.
2028 2956 2265 3009 Aurelii.

1274 3024 1353 3077 M.
1387 3035 1435 3076 et
1466 3025 1532 3078 P.
1570 3026 1773 3093 Cottii,
1817 3029 2008 3091 equites
2044 3027 2281 3089 Romani,

1341 3097 1491 3146 Verr.
1516 3108 1742 3147 accusat.
1762 3096 1814 3153 5.
1836 3096 1921 3158 64,
1945 3095 2062 3147 165.

1276 3163 1476 3215 Cottus
1499 3164 1755 3232 (Cotys),
1788 3181 1877 3215 rex
1902 3165 2175 3215 Bessorum
2191 3201 2208 3229 ,
2230 3166 2281 3215 in

1342 3236 1511 3283 Pison.
1532 3234 1617 3296 34,
1640 3234 1725 3285 84.

1275 3301 1501 3369 Cotyla.
1543 3304 1606 3352 V.
1627 3302 1691 3353 L.
1715 3300 1914 3353 Varius
1940 3301 2161 3369 Cotyla.

1276 3370 1490 3422 Crabra
1527 3387 1657 3436 aqua
1692 3371 2004 3431 Tusculana,
2043 3372 2110 3420 ad
2151 3370 2260 3421 fam

1344 3438 1425 3503 16,
1449 3439 1529 3505 18,
1551 3439 1601 3491 3.
1644 3440 1706 3490 de
1727 3440 1839 3505 lege
1862 3455 1970 3506 agr.
1994 3438 2043 3501 3,
2071 3440 2123 3502 2,
2150 3438 2203 3495 9.
