<?xml version="1.0" encoding="UTF-8"?>
<!DOCTYPE html PUBLIC "-//W3C//DTD XHTML 1.0 Transitional//EN"
    "http://www.w3.org/TR/xhtml1/DTD/xhtml1-transitional.dtd">
<html xmlns="http://www.w3.org/1999/xhtml" xml:lang="en" lang="en">
 <head>
  <title>
</title>
<meta http-equiv="Content-Type" content="text/html;charset=utf-8" />
  <meta name='ocr-system' content='tesseract 3.04.00' />
  <meta name='ocr-capabilities' content='ocr_page ocr_carea ocr_par ocr_line ocrx_word'/>
</head>
<body>
  <div class='ocr_page' id='page_1' title='image "./scriptaquaemans04mlgoog_0400.png"; bbox 0 0 2500 3850; ppageno 0'>
   <div class='ocr_carea' id='block_1_1' title="bbox 219 142 345 205">
    <p class='ocr_par' dir='ltr' id='par_1_1' title="bbox 219 142 345 205">
     <span class='ocr_line' id='line_1_1' title="bbox 219 142 345 205; baseline -0.016 0"><span class='ocrx_word' id='word_1_1' title='bbox 219 142 345 205; x_wconf 82' lang='lat'>394</span> 
     </span>
    </p>
   </div>
   <div class='ocr_carea' id='block_1_2' title="bbox 191 308 1224 3462">
    <p class='ocr_par' dir='ltr' id='par_1_2' title="bbox 191 308 1224 1267">
     <span class='ocr_line' id='line_1_2' title="bbox 222 308 1221 373; baseline -0.004 -12"><span class='ocrx_word' id='word_1_2' title='bbox 222 308 514 361; x_wconf 84' lang='lat' dir='ltr'>Thericlia</span> <span class='ocrx_word' id='word_1_3' title='bbox 533 309 732 373; x_wconf 85' lang='lat' dir='ltr'>pocula,</span> <span class='ocrx_word' id='word_1_4' title='bbox 756 310 906 359; x_wconf 86' lang='lat' dir='ltr'>Verr.</span> <span class='ocrx_word' id='word_1_5' title='bbox 931 316 1154 361; x_wconf 85' lang='lat' dir='ltr'>accusat.</span> <span class='ocrx_word' id='word_1_6' title='bbox 1169 310 1221 371; x_wconf 82' lang='lat'>4,</span> 
     </span>
     <span class='ocr_line' id='line_1_3' title="bbox 215 445 1224 511; baseline -0.002 -14"><span class='ocrx_word' id='word_1_7' title='bbox 215 446 526 510; x_wconf 78' lang='lat' dir='ltr'><strong>Thermae,</strong></span> <span class='ocrx_word' id='word_1_8' title='bbox 569 445 774 496; x_wconf 75' lang='lat' dir='ltr'>Siciliae</span> <span class='ocrx_word' id='word_1_9' title='bbox 796 448 1044 511; x_wconf 88' lang='lat' dir='ltr'>oppidum</span> <span class='ocrx_word' id='word_1_10' title='bbox 1062 460 1224 510; x_wconf 82' lang='lat' dir='ltr'><strong>prope</strong></span> 
     </span>
     <span class='ocr_line' id='line_1_4' title="bbox 285 515 1224 580; baseline -0.002 -15"><span class='ocrx_word' id='word_1_11' title='bbox 285 518 567 580; x_wconf 80' lang='lat' dir='ltr'><strong>Himeram,</strong></span> <span class='ocrx_word' id='word_1_12' title='bbox 605 518 748 566; x_wconf 89' lang='lat' dir='ltr'>cuius</span> <span class='ocrx_word' id='word_1_13' title='bbox 783 515 977 565; x_wconf 85' lang='lat' dir='ltr'>incolae</span> <span class='ocrx_word' id='word_1_14' title='bbox 995 516 1224 564; x_wconf 85' lang='lat' dir='ltr'>Thermi-</span> 
     </span>
     <span class='ocr_line' id='line_1_5' title="bbox 284 583 1220 646; baseline -0.003 -13"><span class='ocrx_word' id='word_1_15' title='bbox 284 586 406 644; x_wconf 85' lang='lat' dir='ltr'>tani,</span> <span class='ocrx_word' id='word_1_16' title='bbox 426 585 575 637; x_wconf 88' lang='lat' dir='ltr'>Verr.</span> <span class='ocrx_word' id='word_1_17' title='bbox 597 592 815 634; x_wconf 85' lang='lat' dir='ltr'>accusat.</span> <span class='ocrx_word' id='word_1_18' title='bbox 837 586 887 642; x_wconf 85' lang='lat'>2,</span> <span class='ocrx_word' id='word_1_19' title='bbox 916 583 1002 646; x_wconf 86' lang='lat'>34,</span> <span class='ocrx_word' id='word_1_20' title='bbox 1023 583 1090 634; x_wconf 88' lang='lat'>85</span> <span class='ocrx_word' id='word_1_21' title='bbox 1108 600 1220 646; x_wconf 84' lang='lat' dir='ltr'>sqq.</span> 
     </span>
     <span class='ocr_line' id='line_1_6' title="bbox 214 650 1220 717; baseline -0.002 -14"><span class='ocrx_word' id='word_1_22' title='bbox 214 650 596 717; x_wconf 80' lang='lat' dir='ltr'>Thermitani,</span> <span class='ocrx_word' id='word_1_23' title='bbox 622 652 769 703; x_wconf 89' lang='lat' dir='ltr'>Verr.</span> <span class='ocrx_word' id='word_1_24' title='bbox 790 661 1011 703; x_wconf 88' lang='lat' dir='ltr'>accusat.</span> <span class='ocrx_word' id='word_1_25' title='bbox 1039 651 1100 713; x_wconf 83' lang='lat'>3,</span> <span class='ocrx_word' id='word_1_26' title='bbox 1134 654 1220 711; x_wconf 84' lang='lat'>42,</span> 
     </span>
     <span class='ocr_line' id='line_1_7' title="bbox 191 789 1222 857; baseline -0.003 -16"><span class='ocrx_word' id='word_1_27' title='bbox 191 789 665 857; x_wconf 78' lang='lat' dir='ltr'>&#39;Thermopylae,</span> <span class='ocrx_word' id='word_1_28' title='bbox 703 799 952 856; x_wconf 79' lang='lat' dir='ltr'>angustus</span> <span class='ocrx_word' id='word_1_29' title='bbox 984 792 1222 839; x_wconf 75' lang='lat' dir='ltr'>transitus</span> 
     </span>
     <span class='ocr_line' id='line_1_8' title="bbox 285 859 1222 925; baseline -0.002 -16"><span class='ocrx_word' id='word_1_30' title='bbox 285 875 376 925; x_wconf 87' lang='lat' dir='ltr'>per</span> <span class='ocrx_word' id='word_1_31' title='bbox 393 868 693 924; x_wconf 84' lang='lat' dir='ltr'>praeruptos</span> <span class='ocrx_word' id='word_1_32' title='bbox 715 869 931 921; x_wconf 85' lang='lat' dir='ltr'>montes,</span> <span class='ocrx_word' id='word_1_33' title='bbox 960 859 1106 909; x_wconf 85' lang='lat' dir='ltr'>silvis</span> <span class='ocrx_word' id='word_1_34' title='bbox 1125 861 1222 908; x_wconf 87' lang='lat' dir='ltr'>im-</span> 
     </span>
     <span class='ocr_line' id='line_1_9' title="bbox 281 928 1223 994; baseline -0.002 -17"><span class='ocrx_word' id='word_1_35' title='bbox 281 930 506 994; x_wconf 87' lang='lat' dir='ltr'>pervios,</span> <span class='ocrx_word' id='word_1_36' title='bbox 521 942 585 977; x_wconf 85' lang='lat' dir='ltr'>cx</span> <span class='ocrx_word' id='word_1_37' title='bbox 598 928 868 978; x_wconf 78' lang='lat' dir='ltr'>Thessalia</span> <span class='ocrx_word' id='word_1_38' title='bbox 891 929 941 978; x_wconf 91' lang='lat' dir='ltr'>in</span> <span class='ocrx_word' id='word_1_39' title='bbox 962 928 1223 977; x_wconf 86' lang='lat' dir='ltr'>Boeotiam</span> 
     </span>
     <span class='ocr_line' id='line_1_10' title="bbox 288 996 1221 1063; baseline -0.002 -17"><span class='ocrx_word' id='word_1_40' title='bbox 288 1005 340 1046; x_wconf 84' lang='lat' dir='ltr'>et</span> <span class='ocrx_word' id='word_1_41' title='bbox 369 997 666 1056; x_wconf 80' lang='lat' dir='ltr'>Locridem,</span> <span class='ocrx_word' id='word_1_42' title='bbox 702 996 960 1063; x_wconf 83' lang='lat' dir='ltr'>Leonidae</span> <span class='ocrx_word' id='word_1_43' title='bbox 990 1010 1221 1061; x_wconf 85' lang='lat' dir='ltr'>praeser-</span> 
     </span>
     <span class='ocr_line' id='line_1_11' title="bbox 281 1065 1222 1126; baseline -0.001 -11"><span class='ocrx_word' id='word_1_44' title='bbox 281 1067 374 1115; x_wconf 85' lang='lat' dir='ltr'>tim</span> <span class='ocrx_word' id='word_1_45' title='bbox 394 1079 703 1126; x_wconf 89' lang='lat' dir='ltr'>suorumque</span> <span class='ocrx_word' id='word_1_46' title='bbox 724 1072 772 1113; x_wconf 89' lang='lat' dir='ltr'>et</span> <span class='ocrx_word' id='word_1_47' title='bbox 793 1065 976 1114; x_wconf 86' lang='lat' dir='ltr'>virtute</span> <span class='ocrx_word' id='word_1_48' title='bbox 997 1074 1046 1114; x_wconf 90' lang='lat' dir='ltr'>et</span> <span class='ocrx_word' id='word_1_49' title='bbox 1061 1072 1222 1114; x_wconf 87' lang='lat' dir='ltr'>morte</span> 
     </span>
     <span class='ocr_line' id='line_1_12' title="bbox 282 1131 1218 1195; baseline -0.003 -11"><span class='ocrx_word' id='word_1_50' title='bbox 282 1134 476 1195; x_wconf 89' lang='lat' dir='ltr'>clarus,</span> <span class='ocrx_word' id='word_1_51' title='bbox 509 1134 574 1182; x_wconf 91' lang='lat' dir='ltr'>de</span> <span class='ocrx_word' id='word_1_52' title='bbox 597 1147 704 1181; x_wconf 86' lang='lat' dir='ltr'>sen.</span> <span class='ocrx_word' id='word_1_53' title='bbox 731 1131 813 1192; x_wconf 88' lang='lat'>10,</span> <span class='ocrx_word' id='word_1_54' title='bbox 845 1131 934 1184; x_wconf 85' lang='lat'>32.</span> <span class='ocrx_word' id='word_1_55' title='bbox 976 1134 1040 1182; x_wconf 90' lang='lat' dir='ltr'>de</span> <span class='ocrx_word' id='word_1_56' title='bbox 1058 1132 1146 1182; x_wconf 84' lang='lat' dir='ltr'>fin.</span> <span class='ocrx_word' id='word_1_57' title='bbox 1167 1135 1218 1193; x_wconf 88' lang='lat'>2,</span> 
     </span>
     <span class='ocr_line' id='line_1_13' title="bbox 280 1200 1218 1267; baseline -0.004 -14"><span class='ocrx_word' id='word_1_58' title='bbox 280 1201 365 1267; x_wconf 86' lang='lat'>30,</span> <span class='ocrx_word' id='word_1_59' title='bbox 389 1202 473 1251; x_wconf 82' lang='lat'>97.</span> <span class='ocrx_word' id='word_1_60' title='bbox 497 1200 700 1251; x_wconf 87' lang='lat' dir='ltr'>Tuscul.</span> <span class='ocrx_word' id='word_1_61' title='bbox 719 1202 767 1262; x_wconf 91' lang='lat'>1,</span> <span class='ocrx_word' id='word_1_62' title='bbox 786 1202 872 1262; x_wconf 88' lang='grc'>42,</span> <span class='ocrx_word' id='word_1_63' title='bbox 900 1200 1015 1252; x_wconf 82' lang='grc'><strong>101.</strong></span> <span class='ocrx_word' id='word_1_64' title='bbox 1047 1202 1108 1251; x_wconf 89' lang='lat' dir='ltr'>de</span> <span class='ocrx_word' id='word_1_65' title='bbox 1131 1201 1218 1251; x_wconf 84' lang='lat' dir='ltr'>off.</span> 
     </span>
    </p>

    <p class='ocr_par' dir='ltr' id='par_1_3' title="bbox 209 1334 958 1391">
     <span class='ocr_line' id='line_1_14' title="bbox 209 1334 958 1391; baseline -0.005 -1"><span class='ocrx_word' id='word_1_66' title='bbox 209 1338 515 1390; x_wconf 83' lang='lat' dir='ltr'>Thermus.</span> <span class='ocrx_word' id='word_1_67' title='bbox 559 1341 624 1391; x_wconf 90' lang='lat' dir='ltr'>V.</span> <span class='ocrx_word' id='word_1_68' title='bbox 658 1334 958 1389; x_wconf 86' lang='lat' dir='ltr'>Minucius.</span> 
     </span>
    </p>

    <p class='ocr_par' dir='ltr' id='par_1_4' title="bbox 209 1406 1220 2642">
     <span class='ocr_line' id='line_1_15' title="bbox 209 1406 1215 1473; baseline -0.002 -14"><span class='ocrx_word' id='word_1_69' title='bbox 209 1407 473 1459; x_wconf 86' lang='lat' dir='ltr'>Theseus</span> <span class='ocrx_word' id='word_1_70' title='bbox 491 1444 506 1470; x_wconf 92' lang='lat'>,</span> <span class='ocrx_word' id='word_1_71' title='bbox 548 1408 770 1473; x_wconf 81' lang='lat' dir='ltr'>Neptuni</span> <span class='ocrx_word' id='word_1_72' title='bbox 805 1406 965 1467; x_wconf 83' lang='lat' dir='ltr'>filius,</span> <span class='ocrx_word' id='word_1_73' title='bbox 1005 1408 1068 1457; x_wconf 92' lang='lat' dir='ltr'>de</span> <span class='ocrx_word' id='word_1_74' title='bbox 1089 1422 1139 1459; x_wconf 89' lang='lat' dir='ltr'>n.</span> <span class='ocrx_word' id='word_1_75' title='bbox 1165 1409 1215 1458; x_wconf 61' lang='lat' dir='ltr'>d..</span> 
     </span>
     <span class='ocr_line' id='line_1_16' title="bbox 281 1475 1220 1540; baseline -0.005 -10"><span class='ocrx_word' id='word_1_76' title='bbox 281 1478 331 1540; x_wconf 89' lang='lat'>3,</span> <span class='ocrx_word' id='word_1_77' title='bbox 355 1478 438 1537; x_wconf 88' lang='lat'>18,</span> <span class='ocrx_word' id='word_1_78' title='bbox 466 1478 552 1527; x_wconf 87' lang='lat'>45.</span> <span class='ocrx_word' id='word_1_79' title='bbox 581 1504 652 1513; x_wconf 95' lang='lat'><strong>—</strong></span> <span class='ocrx_word' id='word_1_80' title='bbox 678 1475 932 1537; x_wconf 84' lang='lat' dir='ltr'>Theseus,</span> <span class='ocrx_word' id='word_1_81' title='bbox 966 1478 1220 1526; x_wconf 78' lang='lat' dir='ltr'>amicitiae</span> 
     </span>
     <span class='ocr_line' id='line_1_17' title="bbox 283 1544 1219 1610; baseline -0.002 -15"><span class='ocrx_word' id='word_1_82' title='bbox 283 1545 572 1610; x_wconf 86' lang='lat' dir='ltr'>exemplum</span> <span class='ocrx_word' id='word_1_83' title='bbox 589 1584 603 1607; x_wconf 92' lang='lat'>,</span> <span class='ocrx_word' id='word_1_84' title='bbox 643 1545 707 1594; x_wconf 88' lang='lat' dir='ltr'>de</span> <span class='ocrx_word' id='word_1_85' title='bbox 728 1544 816 1593; x_wconf 88' lang='lat' dir='ltr'>fin.</span> <span class='ocrx_word' id='word_1_86' title='bbox 851 1546 897 1607; x_wconf 89' lang='lat'>1,</span> <span class='ocrx_word' id='word_1_87' title='bbox 916 1544 1004 1605; x_wconf 93' lang='lat'>20,</span> <span class='ocrx_word' id='word_1_88' title='bbox 1025 1545 1112 1596; x_wconf 86' lang='lat'>65.</span> <span class='ocrx_word' id='word_1_89' title='bbox 1148 1572 1219 1583; x_wconf 88' lang='lat'>—·</span> 
     </span>
     <span class='ocr_line' id='line_1_18' title="bbox 281 1613 1216 1676; baseline 0 -14"><span class='ocrx_word' id='word_1_90' title='bbox 281 1614 508 1664; x_wconf 88' lang='lat' dir='ltr'>Theseus</span> <span class='ocrx_word' id='word_1_91' title='bbox 528 1614 920 1676; x_wconf 83' lang='lat' dir='ltr'>haudquaquam</span> <span class='ocrx_word' id='word_1_92' title='bbox 942 1617 1099 1664; x_wconf 85' lang='lat' dir='ltr'>iratus</span> <span class='ocrx_word' id='word_1_93' title='bbox 1109 1613 1216 1663; x_wconf 89' lang='lat' dir='ltr'>Ma-</span> 
     </span>
     <span class='ocr_line' id='line_1_19' title="bbox 281 1683 1217 1747; baseline 0.001 -17"><span class='ocrx_word' id='word_1_94' title='bbox 281 1684 499 1731; x_wconf 78' lang='lat' dir='ltr'>rathonii</span> <span class='ocrx_word' id='word_1_95' title='bbox 554 1683 687 1732; x_wconf 86' lang='lat' dir='ltr'>tauri</span> <span class='ocrx_word' id='word_1_96' title='bbox 741 1696 932 1733; x_wconf 86' lang='lat' dir='ltr'>cornua</span> <span class='ocrx_word' id='word_1_97' title='bbox 985 1697 1217 1747; x_wconf 82' lang='lat' dir='ltr'>compre—</span> 
     </span>
     <span class='ocr_line' id='line_1_20' title="bbox 277 1750 1217 1815; baseline 0.003 -15"><span class='ocrx_word' id='word_1_98' title='bbox 277 1752 483 1814; x_wconf 87' lang='lat' dir='ltr'>hendit,</span> <span class='ocrx_word' id='word_1_99' title='bbox 520 1750 728 1803; x_wconf 90' lang='lat' dir='ltr'>Tuscul.</span> <span class='ocrx_word' id='word_1_100' title='bbox 769 1753 829 1815; x_wconf 97' lang='lat'>4,</span> <span class='ocrx_word' id='word_1_101' title='bbox 873 1752 971 1815; x_wconf 90' lang='lat'>22,</span> <span class='ocrx_word' id='word_1_102' title='bbox 1012 1751 1099 1803; x_wconf 87' lang='lat'>50.</span> <span class='ocrx_word' id='word_1_103' title='bbox 1146 1778 1217 1789; x_wconf 88' lang='lat'>—·</span> 
     </span>
     <span class='ocr_line' id='line_1_21' title="bbox 278 1819 1216 1885; baseline 0.001 -17"><span class='ocrx_word' id='word_1_104' title='bbox 278 1819 504 1869; x_wconf 85' lang='lat' dir='ltr'>Theseus</span> <span class='ocrx_word' id='word_1_105' title='bbox 559 1820 754 1869; x_wconf 86' lang='lat' dir='ltr'>Atticos</span> <span class='ocrx_word' id='word_1_106' title='bbox 811 1820 1094 1885; x_wconf 81' lang='lat' dir='ltr'>demigrare</span> <span class='ocrx_word' id='word_1_107' title='bbox 1151 1836 1216 1869; x_wconf 82' lang='lat' dir='ltr'>ex</span> 
     </span>
     <span class='ocr_line' id='line_1_22' title="bbox 281 1888 1216 1955; baseline -0.002 -15"><span class='ocrx_word' id='word_1_108' title='bbox 281 1890 420 1955; x_wconf 79' lang='lat' dir='ltr'>agris</span> <span class='ocrx_word' id='word_1_109' title='bbox 457 1896 506 1939; x_wconf 88' lang='lat' dir='ltr'>et</span> <span class='ocrx_word' id='word_1_110' title='bbox 535 1890 587 1939; x_wconf 90' lang='lat' dir='ltr'>in</span> <span class='ocrx_word' id='word_1_111' title='bbox 620 1897 734 1938; x_wconf 87' lang='lat' dir='ltr'>astu</span> <span class='ocrx_word' id='word_1_112' title='bbox 768 1889 904 1952; x_wconf 88' lang='lat' dir='ltr'>quod</span> <span class='ocrx_word' id='word_1_113' title='bbox 931 1888 1216 1954; x_wconf 78' lang='lat' dir='ltr'>appellatur</span> 
     </span>
     <span class='ocr_line' id='line_1_23' title="bbox 279 1957 1212 2024; baseline -0.003 -15"><span class='ocrx_word' id='word_1_114' title='bbox 279 1974 455 2009; x_wconf 89' lang='lat' dir='ltr'>omnes</span> <span class='ocrx_word' id='word_1_115' title='bbox 485 1957 792 2008; x_wconf 78' lang='lat' dir='ltr'>seconferre</span> <span class='ocrx_word' id='word_1_116' title='bbox 811 1959 987 2023; x_wconf 87' lang='lat' dir='ltr'>iussit,</span> <span class='ocrx_word' id='word_1_117' title='bbox 1027 1959 1090 2008; x_wconf 88' lang='lat' dir='ltr'>de</span> <span class='ocrx_word' id='word_1_118' title='bbox 1109 1959 1212 2024; x_wconf 86' lang='lat' dir='ltr'>leg.</span> 
     </span>
     <span class='ocr_line' id='line_1_24' title="bbox 276 2027 1213 2093; baseline 0 -17"><span class='ocrx_word' id='word_1_119' title='bbox 276 2029 338 2089; x_wconf 86' lang='lat'>2,</span> <span class='ocrx_word' id='word_1_120' title='bbox 367 2031 398 2077; x_wconf 83' lang='lat'>2</span> <span class='ocrx_word' id='word_1_121' title='bbox 419 2063 432 2086; x_wconf 92' lang='lat'><strong><em>‚</em></strong></span> <span class='ocrx_word' id='word_1_122' title='bbox 470 2029 520 2081; x_wconf 85' lang='lat'>5.</span> <span class='ocrx_word' id='word_1_123' title='bbox 540 2055 609 2065; x_wconf 90' lang='lat'>——</span> <span class='ocrx_word' id='word_1_124' title='bbox 633 2027 862 2077; x_wconf 88' lang='lat' dir='ltr'>Theseus</span> <span class='ocrx_word' id='word_1_125' title='bbox 887 2028 1213 2093; x_wconf 79' lang='lat' dir='ltr'>Hippolytum</span> 
     </span>
     <span class='ocr_line' id='line_1_25' title="bbox 276 2097 1215 2161; baseline 0 -17"><span class='ocrx_word' id='word_1_126' title='bbox 276 2097 533 2159; x_wconf 79' lang='lat' dir='ltr'>perdidit,</span> <span class='ocrx_word' id='word_1_127' title='bbox 589 2109 743 2158; x_wconf 89' lang='lat' dir='ltr'>quum</span> <span class='ocrx_word' id='word_1_128' title='bbox 792 2102 870 2144; x_wconf 88' lang='lat' dir='ltr'>ter</span> <span class='ocrx_word' id='word_1_129' title='bbox 922 2098 1127 2161; x_wconf 86' lang='lat' dir='ltr'>optandi</span> <span class='ocrx_word' id='word_1_130' title='bbox 1185 2111 1215 2144; x_wconf 92' lang='lat' dir='ltr'>a</span> 
     </span>
     <span class='ocr_line' id='line_1_26' title="bbox 279 2163 1214 2229; baseline 0.001 -17"><span class='ocrx_word' id='word_1_131' title='bbox 279 2164 509 2227; x_wconf 83' lang='lat' dir='ltr'>Neptuno</span> <span class='ocrx_word' id='word_1_132' title='bbox 529 2172 674 2227; x_wconf 89' lang='lat' dir='ltr'>patre</span> <span class='ocrx_word' id='word_1_133' title='bbox 701 2163 964 2214; x_wconf 83' lang='lat' dir='ltr'>habuisset</span> <span class='ocrx_word' id='word_1_134' title='bbox 992 2172 1214 2229; x_wconf 84' lang='lat' dir='ltr'>potesta-</span> 
     </span>
     <span class='ocr_line' id='line_1_27' title="bbox 275 2230 1213 2294; baseline 0.002 -14"><span class='ocrx_word' id='word_1_135' title='bbox 275 2240 378 2281; x_wconf 84' lang='lat' dir='ltr'>tem</span> <span class='ocrx_word' id='word_1_136' title='bbox 396 2269 411 2293; x_wconf 90' lang='lat'>,</span> <span class='ocrx_word' id='word_1_137' title='bbox 452 2233 515 2281; x_wconf 90' lang='lat' dir='ltr'>de</span> <span class='ocrx_word' id='word_1_138' title='bbox 533 2246 582 2285; x_wconf 88' lang='lat' dir='ltr'>n.</span> <span class='ocrx_word' id='word_1_139' title='bbox 607 2231 658 2282; x_wconf 82' lang='lat' dir='ltr'>d.</span> <span class='ocrx_word' id='word_1_140' title='bbox 682 2230 734 2294; x_wconf 90' lang='grc'>3,</span> <span class='ocrx_word' id='word_1_141' title='bbox 756 2230 840 2289; x_wconf 88' lang='grc'>31,</span> <span class='ocrx_word' id='word_1_142' title='bbox 863 2232 945 2284; x_wconf 93' lang='grc'>76.</span> <span class='ocrx_word' id='word_1_143' title='bbox 977 2259 1048 2270; x_wconf 92' lang='lat'><em>-</em></span> <span class='ocrx_word' id='word_1_144' title='bbox 1080 2231 1213 2282; x_wconf 85' lang='lat' dir='ltr'>The-</span> 
     </span>
     <span class='ocr_line' id='line_1_28' title="bbox 276 2299 1210 2366; baseline 0.002 -18"><span class='ocrx_word' id='word_1_145' title='bbox 276 2314 396 2350; x_wconf 89' lang='lat' dir='ltr'>seus</span> <span class='ocrx_word' id='word_1_146' title='bbox 413 2299 738 2366; x_wconf 74' lang='lat' dir='ltr'>Hippolytum</span> <span class='ocrx_word' id='word_1_147' title='bbox 757 2301 1001 2366; x_wconf 80' lang='lat' dir='ltr'>perdidit,</span> <span class='ocrx_word' id='word_1_148' title='bbox 1041 2302 1105 2351; x_wconf 90' lang='lat' dir='ltr'>de</span> <span class='ocrx_word' id='word_1_149' title='bbox 1124 2301 1210 2352; x_wconf 86' lang='lat' dir='ltr'>off.</span> 
     </span>
     <span class='ocr_line' id='line_1_29' title="bbox 280 2369 1214 2436; baseline 0 -16"><span class='ocrx_word' id='word_1_150' title='bbox 280 2370 306 2420; x_wconf 93' lang='lat'>1</span> <span class='ocrx_word' id='word_1_151' title='bbox 323 2406 336 2428; x_wconf 89' lang='lat'>,</span> <span class='ocrx_word' id='word_1_152' title='bbox 361 2369 456 2432; x_wconf 93' lang='grc'><strong>10,</strong></span> <span class='ocrx_word' id='word_1_153' title='bbox 491 2369 574 2422; x_wconf 89' lang='grc'>32.</span> <span class='ocrx_word' id='word_1_154' title='bbox 594 2397 666 2406; x_wconf 87' lang='lat'>--</span> <span class='ocrx_word' id='word_1_155' title='bbox 685 2369 913 2420; x_wconf 86' lang='lat' dir='ltr'>Theseus</span> <span class='ocrx_word' id='word_1_156' title='bbox 943 2378 989 2421; x_wconf 88' lang='lat' dir='ltr'>et</span> <span class='ocrx_word' id='word_1_157' title='bbox 1020 2371 1214 2436; x_wconf 87' lang='lat' dir='ltr'>Hippo-</span> 
     </span>
     <span class='ocr_line' id='line_1_30' title="bbox 279 2438 1212 2502; baseline 0.003 -16"><span class='ocrx_word' id='word_1_158' title='bbox 279 2438 429 2502; x_wconf 77' lang='lat' dir='ltr'>lytuS‚</span> <span class='ocrx_word' id='word_1_159' title='bbox 466 2440 538 2492; x_wconf 90' lang='lat' dir='ltr'>Ib.</span> <span class='ocrx_word' id='word_1_160' title='bbox 571 2439 622 2500; x_wconf 88' lang='lat'>3,</span> <span class='ocrx_word' id='word_1_161' title='bbox 655 2441 740 2502; x_wconf 82' lang='lat'>25,</span> <span class='ocrx_word' id='word_1_162' title='bbox 781 2439 868 2494; x_wconf 84' lang='lat'>94.</span> <span class='ocrx_word' id='word_1_163' title='bbox 893 2467 963 2477; x_wconf 93' lang='lat'><em>-</em></span> <span class='ocrx_word' id='word_1_164' title='bbox 986 2439 1212 2490; x_wconf 88' lang='lat' dir='ltr'>Theseus</span> 
     </span>
     <span class='ocr_line' id='line_1_31' title="bbox 275 2507 1210 2572; baseline 0.003 -16"><span class='ocrx_word' id='word_1_165' title='bbox 275 2507 536 2572; x_wconf 85' lang='lat' dir='ltr'>Euripidis</span> <span class='ocrx_word' id='word_1_166' title='bbox 565 2509 760 2570; x_wconf 77' lang='lat' dir='ltr'>fabula,</span> <span class='ocrx_word' id='word_1_167' title='bbox 792 2507 1002 2560; x_wconf 88' lang='lat' dir='ltr'>Tuscul.</span> <span class='ocrx_word' id='word_1_168' title='bbox 1027 2510 1090 2570; x_wconf 87' lang='grc'><strong>3,</strong></span> <span class='ocrx_word' id='word_1_169' title='bbox 1132 2510 1210 2568; x_wconf 82' lang='grc'>14,</span> 
     </span>
     <span class='ocr_line' id='line_1_32' title="bbox 275 2576 803 2642; baseline 0.009 -18"><span class='ocrx_word' id='word_1_170' title='bbox 275 2576 357 2628; x_wconf 86' lang='grc'>29.</span> <span class='ocrx_word' id='word_1_171' title='bbox 382 2578 445 2626; x_wconf 90' lang='lat' dir='ltr'>de</span> <span class='ocrx_word' id='word_1_172' title='bbox 463 2593 505 2630; x_wconf 93' lang='lat' dir='ltr'>r.</span> <span class='ocrx_word' id='word_1_173' title='bbox 524 2591 577 2642; x_wconf 92' lang='lat' dir='ltr'>p.</span> <span class='ocrx_word' id='word_1_174' title='bbox 604 2578 655 2637; x_wconf 89' lang='lat'>2,</span> <span class='ocrx_word' id='word_1_175' title='bbox 679 2577 726 2637; x_wconf 94' lang='lat' dir='ltr'>l,</span> <span class='ocrx_word' id='word_1_176' title='bbox 753 2578 803 2630; x_wconf 89' lang='grc'>2.</span> 
     </span>
    </p>

    <p class='ocr_par' dir='ltr' id='par_1_5' title="bbox 207 2641 1208 2912">
     <span class='ocr_line' id='line_1_33' title="bbox 207 2641 1208 2708; baseline 0.004 -17"><span class='ocrx_word' id='word_1_177' title='bbox 207 2641 566 2708; x_wconf 79' lang='lat' dir='ltr'>Thespiades</span> <span class='ocrx_word' id='word_1_178' title='bbox 587 2645 790 2707; x_wconf 83' lang='lat' dir='ltr'>Musae,</span> <span class='ocrx_word' id='word_1_179' title='bbox 830 2661 858 2694; x_wconf 86' lang='lat' dir='ltr'>a</span> <span class='ocrx_word' id='word_1_180' title='bbox 887 2647 944 2694; x_wconf 88' lang='lat' dir='ltr'>L.</span> <span class='ocrx_word' id='word_1_181' title='bbox 969 2647 1208 2695; x_wconf 84' lang='lat' dir='ltr'>Mummio</span> 
     </span>
     <span class='ocr_line' id='line_1_34' title="bbox 275 2711 1208 2776; baseline 0.006 -18"><span class='ocrx_word' id='word_1_182' title='bbox 275 2711 484 2760; x_wconf 88' lang='lat' dir='ltr'>Romam</span> <span class='ocrx_word' id='word_1_183' title='bbox 513 2713 808 2776; x_wconf 77' lang='lat' dir='ltr'>deportatae</span> <span class='ocrx_word' id='word_1_184' title='bbox 841 2722 990 2775; x_wconf 87' lang='lat' dir='ltr'>atque</span> <span class='ocrx_word' id='word_1_185' title='bbox 1023 2713 1091 2763; x_wconf 70' lang='lat' dir='ltr'>ad</span> <span class='ocrx_word' id='word_1_186' title='bbox 1126 2728 1208 2764; x_wconf 86' lang='lat' dir='ltr'>ae-</span> 
     </span>
     <span class='ocr_line' id='line_1_35' title="bbox 277 2779 1205 2846; baseline 0.01 -19"><span class='ocrx_word' id='word_1_187' title='bbox 277 2779 390 2827; x_wconf 89' lang='lat' dir='ltr'>dem</span> <span class='ocrx_word' id='word_1_188' title='bbox 413 2779 687 2831; x_wconf 85' lang='lat' dir='ltr'>Felicitatis</span> <span class='ocrx_word' id='word_1_189' title='bbox 718 2782 1025 2846; x_wconf 85' lang='lat' dir='ltr'>collocatae,</span> <span class='ocrx_word' id='word_1_190' title='bbox 1054 2785 1205 2836; x_wconf 85' lang='lat' dir='ltr'>Verr.</span> 
     </span>
     <span class='ocr_line' id='line_1_36' title="bbox 277 2849 719 2912; baseline 0.005 -17"><span class='ocrx_word' id='word_1_191' title='bbox 277 2855 498 2896; x_wconf 86' lang='lat' dir='ltr'>accusat.</span> <span class='ocrx_word' id='word_1_192' title='bbox 522 2849 572 2912; x_wconf 88' lang='lat'>4,</span> <span class='ocrx_word' id='word_1_193' title='bbox 595 2849 645 2910; x_wconf 87' lang='grc'>2,</span> <span class='ocrx_word' id='word_1_194' title='bbox 668 2850 719 2899; x_wconf 89' lang='grc'>4.</span> 
     </span>
    </p>

    <p class='ocr_par' dir='ltr' id='par_1_6' title="bbox 207 2913 1208 3462">
     <span class='ocr_line' id='line_1_37' title="bbox 207 2913 1208 2982; baseline 0.003 -17"><span class='ocrx_word' id='word_1_195' title='bbox 207 2913 525 2982; x_wconf 81' lang='lat' dir='ltr'>Thespiae,</span> <span class='ocrx_word' id='word_1_196' title='bbox 563 2917 799 2968; x_wconf 88' lang='lat' dir='ltr'>Boeotiae</span> <span class='ocrx_word' id='word_1_197' title='bbox 840 2917 1083 2981; x_wconf 86' lang='lat' dir='ltr'>oppidum</span> <span class='ocrx_word' id='word_1_198' title='bbox 1116 2920 1208 2968; x_wconf 88' lang='lat' dir='ltr'>sub</span> 
     </span>
     <span class='ocr_line' id='line_1_38' title="bbox 274 2985 1205 3049; baseline 0.003 -16"><span class='ocrx_word' id='word_1_199' title='bbox 274 2985 511 3036; x_wconf 86' lang='lat' dir='ltr'>Helicone</span> <span class='ocrx_word' id='word_1_200' title='bbox 557 2987 623 3036; x_wconf 86' lang='lat' dir='ltr'>ad</span> <span class='ocrx_word' id='word_1_201' title='bbox 683 2989 847 3037; x_wconf 88' lang='lat' dir='ltr'>sinum</span> <span class='ocrx_word' id='word_1_202' title='bbox 901 2985 1205 3049; x_wconf 85' lang='lat' dir='ltr'>Grissaeum,</span> 
     </span>
     <span class='ocr_line' id='line_1_39' title="bbox 272 3055 1208 3119; baseline 0.003 -15"><span class='ocrx_word' id='word_1_203' title='bbox 272 3055 432 3105; x_wconf 88' lang='lat' dir='ltr'>Musis</span> <span class='ocrx_word' id='word_1_204' title='bbox 470 3071 702 3117; x_wconf 88' lang='lat' dir='ltr'>sacrum,</span> <span class='ocrx_word' id='word_1_205' title='bbox 753 3071 882 3119; x_wconf 86' lang='lat' dir='ltr'>quae</span> <span class='ocrx_word' id='word_1_206' title='bbox 925 3056 1041 3106; x_wconf 87' lang='lat' dir='ltr'>inde</span> <span class='ocrx_word' id='word_1_207' title='bbox 1075 3057 1208 3108; x_wconf 88' lang='lat' dir='ltr'>The-</span> 
     </span>
     <span class='ocr_line' id='line_1_40' title="bbox 273 3125 1205 3190; baseline 0.004 -18"><span class='ocrx_word' id='word_1_208' title='bbox 273 3125 482 3187; x_wconf 87' lang='lat' dir='ltr'>spiades</span> <span class='ocrx_word' id='word_1_209' title='bbox 502 3126 750 3183; x_wconf 87' lang='lat' dir='ltr'>dicuntur,</span> <span class='ocrx_word' id='word_1_210' title='bbox 783 3126 851 3176; x_wconf 87' lang='lat' dir='ltr'>ad</span> <span class='ocrx_word' id='word_1_211' title='bbox 868 3125 990 3179; x_wconf 82' lang='lat' dir='ltr'>fam.</span> <span class='ocrx_word' id='word_1_212' title='bbox 1014 3125 1096 3190; x_wconf 86' lang='lat'>13,</span> <span class='ocrx_word' id='word_1_213' title='bbox 1121 3127 1205 3185; x_wconf 84' lang='lat'>22,</span> 
     </span>
     <span class='ocr_line' id='line_1_41' title="bbox 276 3193 1208 3260; baseline 0.001 -18"><span class='ocrx_word' id='word_1_214' title='bbox 276 3193 321 3242; x_wconf 88' lang='lat'>1.</span> <span class='ocrx_word' id='word_1_215' title='bbox 361 3219 431 3230; x_wconf 89' lang='lat'>——</span> <span class='ocrx_word' id='word_1_216' title='bbox 468 3196 677 3259; x_wconf 86' lang='lat' dir='ltr'>Propter</span> <span class='ocrx_word' id='word_1_217' title='bbox 700 3195 964 3245; x_wconf 84' lang='lat' dir='ltr'>Praxitelis</span> <span class='ocrx_word' id='word_1_218' title='bbox 998 3196 1208 3260; x_wconf 86' lang='lat' dir='ltr'>Cupidi-</span> 
     </span>
     <span class='ocr_line' id='line_1_42' title="bbox 273 3261 1205 3328; baseline 0.003 -19"><span class='ocrx_word' id='word_1_219' title='bbox 273 3276 388 3310; x_wconf 90' lang='lat' dir='ltr'>nem</span> <span class='ocrx_word' id='word_1_220' title='bbox 445 3261 697 3328; x_wconf 85' lang='lat' dir='ltr'>Thespiae</span> <span class='ocrx_word' id='word_1_221' title='bbox 758 3265 1004 3313; x_wconf 88' lang='lat' dir='ltr'>visuntur.</span> <span class='ocrx_word' id='word_1_222' title='bbox 1078 3263 1205 3313; x_wconf 89' lang='lat' dir='ltr'>Nam</span> 
     </span>
     <span class='ocr_line' id='line_1_43' title="bbox 273 3328 1201 3394; baseline 0.008 -17"><span class='ocrx_word' id='word_1_223' title='bbox 273 3328 376 3379; x_wconf 83' lang='lat' dir='ltr'>alia</span> <span class='ocrx_word' id='word_1_224' title='bbox 395 3331 591 3381; x_wconf 88' lang='lat' dir='ltr'>visendi</span> <span class='ocrx_word' id='word_1_225' title='bbox 613 3347 768 3382; x_wconf 88' lang='lat' dir='ltr'>causa</span> <span class='ocrx_word' id='word_1_226' title='bbox 785 3332 924 3380; x_wconf 87' lang='lat' dir='ltr'>nulla</span> <span class='ocrx_word' id='word_1_227' title='bbox 949 3340 1044 3394; x_wconf 88' lang='lat' dir='ltr'>est,</span> <span class='ocrx_word' id='word_1_228' title='bbox 1055 3334 1201 3384; x_wconf 89' lang='lat' dir='ltr'>Verr.</span> 
     </span>
     <span class='ocr_line' id='line_1_44' title="bbox 271 3401 710 3462; baseline 0.011 -19"><span class='ocrx_word' id='word_1_229' title='bbox 271 3407 492 3447; x_wconf 79' lang='lat' dir='ltr'>accusat.</span> <span class='ocrx_word' id='word_1_230' title='bbox 514 3401 564 3459; x_wconf 89' lang='lat'>4,</span> <span class='ocrx_word' id='word_1_231' title='bbox 585 3401 637 3462; x_wconf 83' lang='lat'>2,</span> <span class='ocrx_word' id='word_1_232' title='bbox 657 3402 710 3451; x_wconf 85' lang='lat'>4.</span> 
     </span>
    </p>
   </div>
   <div class='ocr_carea' id='block_1_3' title="bbox 845 153 1647 205">
    <p class='ocr_par' dir='ltr' id='par_1_7' title="bbox 845 153 1647 205">
     <span class='ocr_line' id='line_1_45' title="bbox 845 153 1647 205; baseline -0.001 -5"><span class='ocrx_word' id='word_1_233' title='bbox 845 153 1222 205; x_wconf 77' lang='lat' dir='ltr'>THERICLIA</span> <span class='ocrx_word' id='word_1_234' title='bbox 1245 175 1330 185; x_wconf 92' lang='lat'>--</span> <span class='ocrx_word' id='word_1_235' title='bbox 1360 154 1647 201; x_wconf 63' lang='lat' dir='ltr'>THRAEX</span> 
     </span>
    </p>
   </div>
   <div class='ocr_carea' id='block_1_4' title="bbox 1278 306 2304 3398">
    <p class='ocr_par' dir='ltr' id='par_1_8' title="bbox 1294 306 2303 427">
     <span class='ocr_line' id='line_1_46' title="bbox 1294 306 2303 427; baseline 0.007 -69"><span class='ocrx_word' id='word_1_236' title='bbox 1294 306 1678 427; x_wconf 59' lang='lat' dir='ltr'>Thgspienses</span> <span class='ocrx_word' id='word_1_237' title='bbox 1694 345 1706 368; x_wconf 92' lang='lat'>,</span> <span class='ocrx_word' id='word_1_238' title='bbox 1730 309 1875 358; x_wconf 89' lang='lat' dir='ltr'>Verr.</span> <span class='ocrx_word' id='word_1_239' title='bbox 1898 318 2118 361; x_wconf 88' lang='lat' dir='ltr'>accusat.</span> <span class='ocrx_word' id='word_1_240' title='bbox 2140 314 2193 378; x_wconf 89' lang='lat'>4,</span> <span class='ocrx_word' id='word_1_241' title='bbox 2218 311 2303 377; x_wconf 90' lang='grc'>60,</span> 
     </span>
    </p>

    <p class='ocr_par' dir='ltr' id='par_1_9' title="bbox 1296 443 2304 579">
     <span class='ocr_line' id='line_1_47' title="bbox 1296 443 2304 513; baseline 0.002 -17"><span class='ocrx_word' id='word_1_242' title='bbox 1296 443 1674 513; x_wconf 85' lang='lat' dir='ltr'>Thesprotia,</span> <span class='ocrx_word' id='word_1_243' title='bbox 1697 446 1840 511; x_wconf 86' lang='lat' dir='ltr'>regio</span> <span class='ocrx_word' id='word_1_244' title='bbox 1859 445 2021 511; x_wconf 83' lang='lat' dir='ltr'>Epiri,</span> <span class='ocrx_word' id='word_1_245' title='bbox 2048 448 2113 497; x_wconf 91' lang='lat' dir='ltr'>ad</span> <span class='ocrx_word' id='word_1_246' title='bbox 2135 449 2304 499; x_wconf 89' lang='lat' dir='ltr'>sinum</span> 
     </span>
     <span class='ocr_line' id='line_1_48' title="bbox 1364 514 2164 579; baseline 0.008 -16"><span class='ocrx_word' id='word_1_247' title='bbox 1364 514 1690 564; x_wconf 82' lang='lat' dir='ltr'>Ambracium</span> <span class='ocrx_word' id='word_1_248' title='bbox 1710 551 1726 579; x_wconf 93' lang='lat'>,</span> <span class='ocrx_word' id='word_1_249' title='bbox 1762 515 1827 564; x_wconf 88' lang='lat' dir='ltr'>ad</span> <span class='ocrx_word' id='word_1_250' title='bbox 1846 515 1948 564; x_wconf 90' lang='lat' dir='ltr'>Att.</span> <span class='ocrx_word' id='word_1_251' title='bbox 1972 516 2023 574; x_wconf 88' lang='grc'>6,</span> <span class='ocrx_word' id='word_1_252' title='bbox 2044 516 2092 579; x_wconf 88' lang='grc'>3,</span> <span class='ocrx_word' id='word_1_253' title='bbox 2112 518 2164 569; x_wconf 90' lang='grc'>2.</span> 
     </span>
    </p>

    <p class='ocr_par' dir='ltr' id='par_1_10' title="bbox 1297 581 2304 788">
     <span class='ocr_line' id='line_1_49' title="bbox 1297 581 2304 649; baseline 0.002 -16"><span class='ocrx_word' id='word_1_254' title='bbox 1297 581 1606 634; x_wconf 84' lang='lat' dir='ltr'>Thessalia</span> <span class='ocrx_word' id='word_1_255' title='bbox 1636 591 1821 633; x_wconf 84' lang='lat' dir='ltr'>vexata</span> <span class='ocrx_word' id='word_1_256' title='bbox 1849 598 1879 632; x_wconf 86' lang='lat' dir='ltr'>a</span> <span class='ocrx_word' id='word_1_257' title='bbox 1911 584 1969 631; x_wconf 94' lang='lat' dir='ltr'>L.</span> <span class='ocrx_word' id='word_1_258' title='bbox 2002 585 2213 649; x_wconf 86' lang='lat' dir='ltr'>Pisone,</span> <span class='ocrx_word' id='word_1_259' title='bbox 2255 588 2304 635; x_wconf 87' lang='lat' dir='ltr'>in</span> 
     </span>
     <span class='ocr_line' id='line_1_50' title="bbox 1363 651 2303 717; baseline 0.005 -16"><span class='ocrx_word' id='word_1_260' title='bbox 1363 652 1531 703; x_wconf 88' lang='lat' dir='ltr'>Pison.</span> <span class='ocrx_word' id='word_1_261' title='bbox 1554 651 1639 716; x_wconf 82' lang='lat'>40,</span> <span class='ocrx_word' id='word_1_262' title='bbox 1661 651 1746 704; x_wconf 87' lang='grc'>96.</span> <span class='ocrx_word' id='word_1_263' title='bbox 1776 652 1840 701; x_wconf 90' lang='lat' dir='ltr'>de</span> <span class='ocrx_word' id='word_1_264' title='bbox 1858 660 1983 705; x_wconf 87' lang='lat' dir='ltr'>orat.</span> <span class='ocrx_word' id='word_1_265' title='bbox 2008 653 2055 717; x_wconf 88' lang='lat'>2,</span> <span class='ocrx_word' id='word_1_266' title='bbox 2080 654 2163 715; x_wconf 84' lang='lat'>86,</span> <span class='ocrx_word' id='word_1_267' title='bbox 2180 652 2303 706; x_wconf 77' lang='lat'>352.</span> 
     </span>
     <span class='ocr_line' id='line_1_51' title="bbox 1362 718 1874 788; baseline 0.01 -20"><span class='ocrx_word' id='word_1_268' title='bbox 1362 736 1455 787; x_wconf 86' lang='lat' dir='ltr'>pro</span> <span class='ocrx_word' id='word_1_269' title='bbox 1475 719 1655 788; x_wconf 83' lang='lat' dir='ltr'>Flacco</span> <span class='ocrx_word' id='word_1_270' title='bbox 1674 720 1767 780; x_wconf 89' lang='grc'>26,</span> <span class='ocrx_word' id='word_1_271' title='bbox 1788 718 1874 773; x_wconf 89' lang='grc'>63.</span> 
     </span>
    </p>

    <p class='ocr_par' dir='ltr' id='par_1_11' title="bbox 1297 787 2303 990">
     <span class='ocr_line' id='line_1_52' title="bbox 1297 787 2303 853; baseline 0.003 -14"><span class='ocrx_word' id='word_1_272' title='bbox 1297 787 1708 840; x_wconf 83' lang='lat' dir='ltr'>Thessalonica</span> <span class='ocrx_word' id='word_1_273' title='bbox 1726 826 1739 849; x_wconf 94' lang='lat'><strong><em>‚</em></strong></span> <span class='ocrx_word' id='word_1_274' title='bbox 1781 790 1903 839; x_wconf 87' lang='lat' dir='ltr'>urbs</span> <span class='ocrx_word' id='word_1_275' title='bbox 1956 790 2303 853; x_wconf 84' lang='lat' dir='ltr'>Macedoniae,</span> 
     </span>
     <span class='ocr_line' id='line_1_53' title="bbox 1364 856 2302 923; baseline 0 -16"><span class='ocrx_word' id='word_1_276' title='bbox 1364 860 1431 907; x_wconf 83' lang='lat' dir='ltr'>ad</span> <span class='ocrx_word' id='word_1_277' title='bbox 1448 860 1617 909; x_wconf 88' lang='lat' dir='ltr'>sinum</span> <span class='ocrx_word' id='word_1_278' title='bbox 1638 856 2014 923; x_wconf 80' lang='lat' dir='ltr'>Thermaicum,</span> <span class='ocrx_word' id='word_1_279' title='bbox 2042 860 2107 909; x_wconf 92' lang='lat' dir='ltr'>ad</span> <span class='ocrx_word' id='word_1_280' title='bbox 2140 860 2198 918; x_wconf 87' lang='lat' dir='ltr'>Q.</span> <span class='ocrx_word' id='word_1_281' title='bbox 2236 861 2302 910; x_wconf 81' lang='lat' dir='ltr'>fr.</span> 
     </span>
     <span class='ocr_line' id='line_1_54' title="bbox 1366 928 1562 990; baseline -0.01 -13"><span class='ocrx_word' id='word_1_282' title='bbox 1366 929 1414 990; x_wconf 89' lang='lat'>1,</span> <span class='ocrx_word' id='word_1_283' title='bbox 1435 930 1487 988; x_wconf 86' lang='grc'>4,</span> <span class='ocrx_word' id='word_1_284' title='bbox 1511 928 1562 977; x_wconf 88' lang='grc'>2.</span> 
     </span>
    </p>

    <p class='ocr_par' dir='ltr' id='par_1_12' title="bbox 1296 993 2303 1128">
     <span class='ocr_line' id='line_1_55' title="bbox 1296 993 2303 1059; baseline 0.002 -13"><span class='ocrx_word' id='word_1_285' title='bbox 1296 993 1837 1047; x_wconf 85' lang='lat' dir='ltr'>Thessalonicenses</span> <span class='ocrx_word' id='word_1_286' title='bbox 1862 1032 1877 1059; x_wconf 93' lang='lat'>,</span> <span class='ocrx_word' id='word_1_287' title='bbox 1917 998 1969 1045; x_wconf 89' lang='lat' dir='ltr'>in</span> <span class='ocrx_word' id='word_1_288' title='bbox 2006 997 2176 1050; x_wconf 89' lang='lat' dir='ltr'>Pison.</span> <span class='ocrx_word' id='word_1_289' title='bbox 2216 996 2303 1054; x_wconf 85' lang='lat'>34,</span> 
     </span>
     <span class='ocr_line' id='line_1_56' title="bbox 1360 1062 2023 1128; baseline -0.006 -13"><span class='ocrx_word' id='word_1_290' title='bbox 1360 1062 1446 1117; x_wconf 81' lang='lat'>84.</span> <span class='ocrx_word' id='word_1_291' title='bbox 1480 1065 1543 1114; x_wconf 88' lang='lat' dir='ltr'>de</span> <span class='ocrx_word' id='word_1_292' title='bbox 1566 1080 1712 1128; x_wconf 86' lang='lat' dir='ltr'>prov.</span> <span class='ocrx_word' id='word_1_293' title='bbox 1736 1079 1876 1116; x_wconf 88' lang='lat' dir='ltr'>cons.</span> <span class='ocrx_word' id='word_1_294' title='bbox 1901 1067 1951 1123; x_wconf 87' lang='lat'>2,</span> <span class='ocrx_word' id='word_1_295' title='bbox 1972 1068 2023 1116; x_wconf 88' lang='lat'>4.</span> 
     </span>
    </p>

    <p class='ocr_par' dir='ltr' id='par_1_13' title="bbox 1294 1130 2303 1388">
     <span class='ocr_line' id='line_1_57' title="bbox 1294 1130 2301 1199; baseline 0.001 -17"><span class='ocrx_word' id='word_1_296' title='bbox 1294 1130 1607 1183; x_wconf 85' lang='lat' dir='ltr'>Thessalus</span> <span class='ocrx_word' id='word_1_297' title='bbox 1637 1141 1685 1182; x_wconf 88' lang='lat' dir='ltr'>et</span> <span class='ocrx_word' id='word_1_298' title='bbox 1712 1131 2129 1199; x_wconf 79' lang='lat' dir='ltr'>Themistagoras</span> <span class='ocrx_word' id='word_1_299' title='bbox 2147 1135 2301 1185; x_wconf 81' lang='lat' dir='ltr'>Lam--</span> 
     </span>
     <span class='ocr_line' id='line_1_58' title="bbox 1360 1201 2303 1265; baseline 0.003 -15"><span class='ocrx_word' id='word_1_300' title='bbox 1360 1202 1567 1265; x_wconf 87' lang='lat' dir='ltr'>psaceni</span> <span class='ocrx_word' id='word_1_301' title='bbox 1592 1237 1605 1260; x_wconf 93' lang='lat'><em>‚</em></span> <span class='ocrx_word' id='word_1_302' title='bbox 1658 1201 1929 1251; x_wconf 83' lang='lat' dir='ltr'>tumultum</span> <span class='ocrx_word' id='word_1_303' title='bbox 1982 1204 2303 1253; x_wconf 86' lang='lat' dir='ltr'>concitarunt</span> 
     </span>
     <span class='ocr_line' id='line_1_59' title="bbox 1361 1268 2297 1388; baseline 0.006 -68"><span class='ocrx_word' id='word_1_304' title='bbox 1361 1278 1537 1388; x_wconf 48' lang='lat' dir='ltr'>corgtra</span> <span class='ocrx_word' id='word_1_305' title='bbox 1556 1268 1611 1319; x_wconf 83' lang='lat' dir='ltr'>G.</span> <span class='ocrx_word' id='word_1_306' title='bbox 1634 1271 1864 1336; x_wconf 86' lang='lat' dir='ltr'>Verrem,</span> <span class='ocrx_word' id='word_1_307' title='bbox 1889 1271 2036 1325; x_wconf 89' lang='lat' dir='ltr'>Verr.</span> <span class='ocrx_word' id='word_1_308' title='bbox 2074 1281 2297 1326; x_wconf 87' lang='lat' dir='ltr'>accusat.</span> 
     </span>
    </p>

    <p class='ocr_par' dir='ltr' id='par_1_14' title="bbox 1294 1405 2297 1541">
     <span class='ocr_line' id='line_1_60' title="bbox 1294 1405 2297 1474; baseline 0.004 -18"><span class='ocrx_word' id='word_1_309' title='bbox 1294 1405 1583 1471; x_wconf 87' lang='lat' dir='ltr'>Theudas,</span> <span class='ocrx_word' id='word_1_310' title='bbox 1603 1408 1815 1458; x_wconf 86' lang='lat' dir='ltr'>libertus</span> <span class='ocrx_word' id='word_1_311' title='bbox 1828 1409 2082 1474; x_wconf 87' lang='lat' dir='ltr'>Trebiani,</span> <span class='ocrx_word' id='word_1_312' title='bbox 2098 1410 2297 1460; x_wconf 81' lang='lat' dir='ltr'>adfam.</span> 
     </span>
     <span class='ocr_line' id='line_1_61' title="bbox 1356 1475 1585 1541; baseline -0.004 -15"><span class='ocrx_word' id='word_1_313' title='bbox 1356 1475 1409 1534; x_wconf 89' lang='grc'>6,</span> <span class='ocrx_word' id='word_1_314' title='bbox 1433 1477 1515 1541; x_wconf 89' lang='grc'>10,</span> <span class='ocrx_word' id='word_1_315' title='bbox 1540 1477 1585 1525; x_wconf 88' lang='grc'>1.</span> 
     </span>
    </p>

    <p class='ocr_par' dir='ltr' id='par_1_15' title="bbox 1293 1541 2301 1870">
     <span class='ocr_line' id='line_1_62' title="bbox 1293 1541 2301 1608; baseline 0.001 -13"><span class='ocrx_word' id='word_1_316' title='bbox 1293 1542 1354 1595; x_wconf 82' lang='lat' dir='ltr'>G.</span> <span class='ocrx_word' id='word_1_317' title='bbox 1378 1541 1722 1595; x_wconf 85' lang='lat' dir='ltr'>Thoranius.</span> <span class='ocrx_word' id='word_1_318' title='bbox 1745 1572 1816 1583; x_wconf 92' lang='lat'>——</span> <span class='ocrx_word' id='word_1_319' title='bbox 1846 1548 2001 1608; x_wconf 88' lang='lat' dir='ltr'>Eum,</span> <span class='ocrx_word' id='word_1_320' title='bbox 2036 1548 2119 1608; x_wconf 86' lang='lat' dir='ltr'>qui</span> <span class='ocrx_word' id='word_1_321' title='bbox 2153 1548 2301 1596; x_wconf 86' lang='lat' dir='ltr'>Pom-</span> 
     </span>
     <span class='ocr_line' id='line_1_63' title="bbox 1357 1614 2301 1680; baseline 0.003 -18"><span class='ocrx_word' id='word_1_322' title='bbox 1357 1614 1465 1678; x_wconf 89' lang='lat' dir='ltr'>peii</span> <span class='ocrx_word' id='word_1_323' title='bbox 1508 1624 1681 1680; x_wconf 87' lang='lat' dir='ltr'>partes</span> <span class='ocrx_word' id='word_1_324' title='bbox 1723 1624 1926 1665; x_wconf 88' lang='lat' dir='ltr'>secutus</span> <span class='ocrx_word' id='word_1_325' title='bbox 1966 1622 2115 1677; x_wconf 87' lang='lat' dir='ltr'>atque</span> <span class='ocrx_word' id='word_1_326' title='bbox 2156 1616 2301 1665; x_wconf 86' lang='lat' dir='ltr'>exsul</span> 
     </span>
     <span class='ocr_line' id='line_1_64' title="bbox 1358 1682 2301 1743; baseline 0.001 -12"><span class='ocrx_word' id='word_1_327' title='bbox 1358 1689 1489 1743; x_wconf 84' lang='lat' dir='ltr'>erat,</span> <span class='ocrx_word' id='word_1_328' title='bbox 1527 1697 1573 1731; x_wconf 87' lang='lat' dir='ltr'>a.</span> <span class='ocrx_word' id='word_1_329' title='bbox 1596 1699 1646 1736; x_wconf 91' lang='lat' dir='ltr'>u.</span> <span class='ocrx_word' id='word_1_330' title='bbox 1670 1699 1715 1731; x_wconf 90' lang='lat' dir='ltr'>c.</span> <span class='ocrx_word' id='word_1_331' title='bbox 1738 1682 1855 1734; x_wconf 90' lang='grc'><strong>709.</strong></span> <span class='ocrx_word' id='word_1_332' title='bbox 1896 1684 2187 1734; x_wconf 88' lang='lat' dir='ltr'>consolatur</span> <span class='ocrx_word' id='word_1_333' title='bbox 2218 1684 2301 1734; x_wconf 86' lang='lat' dir='ltr'>Gi-</span> 
     </span>
     <span class='ocr_line' id='line_1_65' title="bbox 1357 1751 2293 1818; baseline -0.002 -17"><span class='ocrx_word' id='word_1_334' title='bbox 1357 1766 1489 1811; x_wconf 86' lang='lat' dir='ltr'>cero,</span> <span class='ocrx_word' id='word_1_335' title='bbox 1512 1752 1577 1800; x_wconf 88' lang='lat' dir='ltr'>ad</span> <span class='ocrx_word' id='word_1_336' title='bbox 1608 1751 1728 1803; x_wconf 81' lang='lat' dir='ltr'>fam.</span> <span class='ocrx_word' id='word_1_337' title='bbox 1759 1751 1808 1800; x_wconf 85' lang='lat'>6.</span> <span class='ocrx_word' id='word_1_338' title='bbox 1847 1768 1930 1818; x_wconf 88' lang='lat' dir='ltr'>ep.</span> <span class='ocrx_word' id='word_1_339' title='bbox 1952 1752 2020 1803; x_wconf 92' lang='grc'><strong>20</strong></span> <span class='ocrx_word' id='word_1_340' title='bbox 2040 1761 2086 1803; x_wconf 89' lang='lat' dir='ltr'>et</span> <span class='ocrx_word' id='word_1_341' title='bbox 2104 1753 2189 1802; x_wconf 85' lang='grc'>21.</span> <span class='ocrx_word' id='word_1_342' title='bbox 2230 1752 2293 1799; x_wconf 89' lang='lat' dir='ltr'>V.</span> 
     </span>
     <span class='ocr_line' id='line_1_66' title="bbox 1358 1817 1835 1870; baseline 0 -2"><span class='ocrx_word' id='word_1_343' title='bbox 1358 1821 1509 1869; x_wconf 85' lang='lat' dir='ltr'>etiam</span> <span class='ocrx_word' id='word_1_344' title='bbox 1533 1817 1835 1870; x_wconf 83' lang='lat' dir='ltr'>Turanius.</span> 
     </span>
    </p>

    <p class='ocr_par' dir='ltr' id='par_1_16' title="bbox 1288 1886 2191 1955">
     <span class='ocr_line' id='line_1_67' title="bbox 1288 1886 2191 1955; baseline 0.006 -17"><span class='ocrx_word' id='word_1_345' title='bbox 1288 1886 1507 1938; x_wconf 88' lang='lat' dir='ltr'>Thoria</span> <span class='ocrx_word' id='word_1_346' title='bbox 1525 1888 1627 1952; x_wconf 86' lang='lat' dir='ltr'>lex,</span> <span class='ocrx_word' id='word_1_347' title='bbox 1662 1889 1724 1939; x_wconf 90' lang='lat' dir='ltr'>de</span> <span class='ocrx_word' id='word_1_348' title='bbox 1744 1897 1867 1939; x_wconf 87' lang='lat' dir='ltr'>orat.</span> <span class='ocrx_word' id='word_1_349' title='bbox 1890 1890 1941 1955; x_wconf 93' lang='lat'>2,</span> <span class='ocrx_word' id='word_1_350' title='bbox 1962 1889 2048 1952; x_wconf 93' lang='grc'>70,</span> <span class='ocrx_word' id='word_1_351' title='bbox 2069 1891 2191 1944; x_wconf 88' lang='grc'><strong>284.</strong></span> 
     </span>
    </p>

    <p class='ocr_par' dir='ltr' id='par_1_17' title="bbox 1287 1955 2296 2224">
     <span class='ocr_line' id='line_1_68' title="bbox 1287 1955 2294 2009; baseline 0.002 -2"><span class='ocrx_word' id='word_1_352' title='bbox 1287 1955 1349 2007; x_wconf 78' lang='lat' dir='ltr'>Ia.</span> <span class='ocrx_word' id='word_1_353' title='bbox 1377 1955 1627 2007; x_wconf 85' lang='lat' dir='ltr'>Thorius</span> <span class='ocrx_word' id='word_1_354' title='bbox 1654 1956 1887 2009; x_wconf 80' lang='lat' dir='ltr'>Balbus.</span> <span class='ocrx_word' id='word_1_355' title='bbox 1908 1985 1976 1996; x_wconf 86' lang='lat'>-—</span> <span class='ocrx_word' id='word_1_356' title='bbox 1997 1960 2043 2008; x_wconf 84' lang='lat' dir='ltr'>Is</span> <span class='ocrx_word' id='word_1_357' title='bbox 2065 1962 2133 2008; x_wconf 89' lang='lat' dir='ltr'>ita</span> <span class='ocrx_word' id='word_1_358' title='bbox 2152 1961 2294 2009; x_wconf 86' lang='lat' dir='ltr'>vive-</span> 
     </span>
     <span class='ocr_line' id='line_1_69' title="bbox 1356 2026 2296 2093; baseline 0.004 -19"><span class='ocrx_word' id='word_1_359' title='bbox 1356 2026 1461 2087; x_wconf 88' lang='lat' dir='ltr'>bat,</span> <span class='ocrx_word' id='word_1_360' title='bbox 1477 2034 1533 2074; x_wconf 91' lang='lat' dir='ltr'>ut</span> <span class='ocrx_word' id='word_1_361' title='bbox 1556 2027 1699 2076; x_wconf 91' lang='lat' dir='ltr'>nulla</span> <span class='ocrx_word' id='word_1_362' title='bbox 1720 2034 1824 2076; x_wconf 89' lang='lat' dir='ltr'>tam</span> <span class='ocrx_word' id='word_1_363' title='bbox 1844 2029 2104 2090; x_wconf 84' lang='lat' dir='ltr'>exquisita</span> <span class='ocrx_word' id='word_1_364' title='bbox 2122 2037 2296 2093; x_wconf 80' lang='lat' dir='ltr'>posset</span> 
     </span>
     <span class='ocr_line' id='line_1_70' title="bbox 1354 2095 2292 2161; baseline 0.003 -19"><span class='ocrx_word' id='word_1_365' title='bbox 1354 2096 1573 2144; x_wconf 87' lang='lat' dir='ltr'>inveniri</span> <span class='ocrx_word' id='word_1_366' title='bbox 1598 2095 1853 2161; x_wconf 85' lang='lat' dir='ltr'>voluptas,</span> <span class='ocrx_word' id='word_1_367' title='bbox 1892 2111 1990 2158; x_wconf 85' lang='lat' dir='ltr'>qua</span> <span class='ocrx_word' id='word_1_368' title='bbox 2008 2111 2107 2146; x_wconf 90' lang='lat' dir='ltr'>non</span> <span class='ocrx_word' id='word_1_369' title='bbox 2135 2099 2292 2148; x_wconf 86' lang='lat' dir='ltr'>abun-</span> 
     </span>
     <span class='ocr_line' id='line_1_71' title="bbox 1354 2163 1986 2224; baseline 0.005 -11"><span class='ocrx_word' id='word_1_370' title='bbox 1354 2163 1514 2224; x_wconf 80' lang='lat' dir='ltr'>daret,</span> <span class='ocrx_word' id='word_1_371' title='bbox 1539 2164 1602 2214; x_wconf 88' lang='lat' dir='ltr'>de</span> <span class='ocrx_word' id='word_1_372' title='bbox 1619 2164 1703 2214; x_wconf 85' lang='lat' dir='ltr'>fin.</span> <span class='ocrx_word' id='word_1_373' title='bbox 1727 2166 1778 2222; x_wconf 89' lang='lat'>2,</span> <span class='ocrx_word' id='word_1_374' title='bbox 1800 2165 1884 2222; x_wconf 89' lang='grc'>20,</span> <span class='ocrx_word' id='word_1_375' title='bbox 1900 2163 1986 2216; x_wconf 88' lang='grc'>63.</span> 
     </span>
    </p>

    <p class='ocr_par' dir='ltr' id='par_1_18' title="bbox 1286 2229 2294 2640">
     <span class='ocr_line' id='line_1_72' title="bbox 1286 2229 2290 2298; baseline 0.003 -18"><span class='ocrx_word' id='word_1_376' title='bbox 1286 2229 1380 2298; x_wconf 86' lang='lat' dir='ltr'>Sp.</span> <span class='ocrx_word' id='word_1_377' title='bbox 1406 2230 1656 2283; x_wconf 81' lang='lat' dir='ltr'>Thorius</span> <span class='ocrx_word' id='word_1_378' title='bbox 1676 2231 1889 2283; x_wconf 81' lang='lat' dir='ltr'>Balbus</span> <span class='ocrx_word' id='word_1_379' title='bbox 1921 2235 2045 2282; x_wconf 86' lang='lat' dir='ltr'>satis</span> <span class='ocrx_word' id='word_1_380' title='bbox 2068 2234 2223 2284; x_wconf 84' lang='lat' dir='ltr'>valuit</span> <span class='ocrx_word' id='word_1_381' title='bbox 2241 2235 2290 2284; x_wconf 89' lang='lat' dir='ltr'>in</span> 
     </span>
     <span class='ocr_line' id='line_1_73' title="bbox 1351 2302 2294 2368; baseline 0.002 -18"><span class='ocrx_word' id='word_1_382' title='bbox 1351 2302 1584 2368; x_wconf 86' lang='lat' dir='ltr'>populari</span> <span class='ocrx_word' id='word_1_383' title='bbox 1620 2317 1807 2366; x_wconf 83' lang='lat' dir='ltr'>genere</span> <span class='ocrx_word' id='word_1_384' title='bbox 1824 2303 2058 2362; x_wconf 88' lang='lat' dir='ltr'>dicendi,</span> <span class='ocrx_word' id='word_1_385' title='bbox 2096 2304 2167 2365; x_wconf 74' lang='lat' dir='ltr'>ie,</span> <span class='ocrx_word' id='word_1_386' title='bbox 2207 2305 2294 2366; x_wconf 88' lang='lat' dir='ltr'>qui</span> 
     </span>
     <span class='ocr_line' id='line_1_74' title="bbox 1353 2371 2294 2436; baseline 0.003 -18"><span class='ocrx_word' id='word_1_387' title='bbox 1353 2383 1531 2435; x_wconf 85' lang='lat' dir='ltr'>agrum</span> <span class='ocrx_word' id='word_1_388' title='bbox 1557 2371 1815 2436; x_wconf 85' lang='lat' dir='ltr'>publicum</span> <span class='ocrx_word' id='word_1_389' title='bbox 1835 2372 2019 2420; x_wconf 84' lang='lat' dir='ltr'>vitiosa</span> <span class='ocrx_word' id='word_1_390' title='bbox 2052 2379 2100 2420; x_wconf 89' lang='lat' dir='ltr'>et</span> <span class='ocrx_word' id='word_1_391' title='bbox 2128 2372 2294 2422; x_wconf 88' lang='lat' dir='ltr'>inutili</span> 
     </span>
     <span class='ocr_line' id='line_1_75' title="bbox 1354 2438 2293 2505; baseline 0.004 -19"><span class='ocrx_word' id='word_1_392' title='bbox 1354 2439 1466 2502; x_wconf 84' lang='lat' dir='ltr'>lege</span> <span class='ocrx_word' id='word_1_393' title='bbox 1528 2442 1729 2505; x_wconf 80' lang='lat' dir='ltr'>agraria</span> <span class='ocrx_word' id='word_1_394' title='bbox 1791 2439 2031 2504; x_wconf 81' lang='lat' dir='ltr'>vectigali</span> <span class='ocrx_word' id='word_1_395' title='bbox 2087 2438 2293 2505; x_wconf 84' lang='lat' dir='ltr'>levavit,</span> 
     </span>
     <span class='ocr_line' id='line_1_76' title="bbox 1354 2507 2293 2573; baseline 0.002 -16"><span class='ocrx_word' id='word_1_396' title='bbox 1354 2508 1490 2557; x_wconf 90' lang='lat' dir='ltr'>Brut.</span> <span class='ocrx_word' id='word_1_397' title='bbox 1530 2507 1625 2572; x_wconf 82' lang='lat'>36,</span> <span class='ocrx_word' id='word_1_398' title='bbox 1667 2507 1783 2560; x_wconf 88' lang='grc'><strong>136.</strong></span> <span class='ocrx_word' id='word_1_399' title='bbox 1812 2535 1881 2546; x_wconf 91' lang='lat'>--</span> <span class='ocrx_word' id='word_1_400' title='bbox 1922 2507 2046 2558; x_wconf 85' lang='lat' dir='ltr'>Eius</span> <span class='ocrx_word' id='word_1_401' title='bbox 2074 2507 2189 2573; x_wconf 88' lang='lat' dir='ltr'>lex,</span> <span class='ocrx_word' id='word_1_402' title='bbox 2228 2510 2293 2559; x_wconf 91' lang='lat' dir='ltr'>de</span> 
     </span>
     <span class='ocr_line' id='line_1_77' title="bbox 1354 2576 1792 2640; baseline 0.009 -15"><span class='ocrx_word' id='word_1_403' title='bbox 1354 2585 1477 2628; x_wconf 86' lang='lat' dir='ltr'>orat.</span> <span class='ocrx_word' id='word_1_404' title='bbox 1498 2579 1548 2635; x_wconf 92' lang='lat'>2,</span> <span class='ocrx_word' id='word_1_405' title='bbox 1569 2576 1652 2640; x_wconf 89' lang='grc'>70,</span> <span class='ocrx_word' id='word_1_406' title='bbox 1674 2576 1792 2629; x_wconf 87' lang='grc'><strong>284.</strong></span> 
     </span>
    </p>

    <p class='ocr_par' dir='ltr' id='par_1_19' title="bbox 1284 2643 2292 2985">
     <span class='ocr_line' id='line_1_78' title="bbox 1284 2643 2292 2711; baseline 0.003 -17"><span class='ocrx_word' id='word_1_407' title='bbox 1284 2643 1499 2700; x_wconf 86' lang='lat' dir='ltr'>Thoth.</span> <span class='ocrx_word' id='word_1_408' title='bbox 1523 2644 1609 2695; x_wconf 92' lang='lat' dir='ltr'>Sic</span> <span class='ocrx_word' id='word_1_409' title='bbox 1619 2646 1860 2711; x_wconf 75' lang='lat' dir='ltr'>Aegyptii</span> <span class='ocrx_word' id='word_1_410' title='bbox 1883 2645 2145 2710; x_wconf 87' lang='lat' dir='ltr'>appellant</span> <span class='ocrx_word' id='word_1_411' title='bbox 2162 2646 2292 2698; x_wconf 81' lang='lat' dir='ltr'>Mer-</span> 
     </span>
     <span class='ocr_line' id='line_1_79' title="bbox 1352 2715 2292 2781; baseline 0.001 -18"><span class='ocrx_word' id='word_1_412' title='bbox 1352 2715 1548 2763; x_wconf 88' lang='lat' dir='ltr'>curium</span> <span class='ocrx_word' id='word_1_413' title='bbox 1575 2715 1801 2777; x_wconf 86' lang='lat' dir='ltr'>quintum</span> <span class='ocrx_word' id='word_1_414' title='bbox 1818 2752 1833 2779; x_wconf 93' lang='lat'>,</span> <span class='ocrx_word' id='word_1_415' title='bbox 1869 2715 1956 2777; x_wconf 92' lang='lat' dir='ltr'>qui</span> <span class='ocrx_word' id='word_1_416' title='bbox 1979 2715 2055 2766; x_wconf 86' lang='lat' dir='ltr'>eis</span> <span class='ocrx_word' id='word_1_417' title='bbox 2081 2716 2222 2781; x_wconf 81' lang='lat' dir='ltr'>leges</span> <span class='ocrx_word' id='word_1_418' title='bbox 2243 2725 2292 2764; x_wconf 86' lang='lat' dir='ltr'>et</span> 
     </span>
     <span class='ocr_line' id='line_1_80' title="bbox 1350 2781 2291 2848; baseline 0.005 -19"><span class='ocrx_word' id='word_1_419' title='bbox 1350 2781 1545 2833; x_wconf 87' lang='lat' dir='ltr'>litteras</span> <span class='ocrx_word' id='word_1_420' title='bbox 1580 2784 1819 2846; x_wconf 86' lang='lat' dir='ltr'>tradidit,</span> <span class='ocrx_word' id='word_1_421' title='bbox 1878 2783 2159 2848; x_wconf 88' lang='lat' dir='ltr'>eodemque</span> <span class='ocrx_word' id='word_1_422' title='bbox 2199 2799 2291 2834; x_wconf 87' lang='lat' dir='ltr'>uo-</span> 
     </span>
     <span class='ocr_line' id='line_1_81' title="bbox 1350 2853 2291 2918; baseline 0.003 -19"><span class='ocrx_word' id='word_1_423' title='bbox 1350 2853 1485 2900; x_wconf 89' lang='lat' dir='ltr'>mine</span> <span class='ocrx_word' id='word_1_424' title='bbox 1531 2854 1649 2900; x_wconf 88' lang='lat' dir='ltr'>anni</span> <span class='ocrx_word' id='word_1_425' title='bbox 1697 2853 1891 2917; x_wconf 91' lang='lat' dir='ltr'>primus</span> <span class='ocrx_word' id='word_1_426' title='bbox 1926 2855 2117 2904; x_wconf 87' lang='lat' dir='ltr'>mensis</span> <span class='ocrx_word' id='word_1_427' title='bbox 2154 2855 2291 2918; x_wconf 81' lang='lat' dir='ltr'>apud</span> 
     </span>
     <span class='ocr_line' id='line_1_82' title="bbox 1350 2921 2286 2985; baseline 0.002 -17"><span class='ocrx_word' id='word_1_428' title='bbox 1350 2934 1438 2970; x_wconf 87' lang='lat' dir='ltr'>eos</span> <span class='ocrx_word' id='word_1_429' title='bbox 1465 2928 1705 2984; x_wconf 87' lang='lat' dir='ltr'>vocatur,</span> <span class='ocrx_word' id='word_1_430' title='bbox 1745 2922 1807 2970; x_wconf 88' lang='lat' dir='ltr'>de</span> <span class='ocrx_word' id='word_1_431' title='bbox 1828 2936 1877 2970; x_wconf 87' lang='lat' dir='ltr'>n.</span> <span class='ocrx_word' id='word_1_432' title='bbox 1904 2921 1954 2973; x_wconf 87' lang='lat' dir='ltr'>d.</span> <span class='ocrx_word' id='word_1_433' title='bbox 1976 2921 2038 2982; x_wconf 90' lang='grc'>3,</span> <span class='ocrx_word' id='word_1_434' title='bbox 2072 2924 2169 2985; x_wconf 87' lang='grc'>22,</span> <span class='ocrx_word' id='word_1_435' title='bbox 2198 2921 2286 2972; x_wconf 78' lang='grc'>56.</span> 
     </span>
    </p>

    <p class='ocr_par' dir='ltr' id='par_1_20' title="bbox 1281 2985 2287 3120">
     <span class='ocr_line' id='line_1_83' title="bbox 1281 2985 2287 3055; baseline 0.001 -18"><span class='ocrx_word' id='word_1_436' title='bbox 1281 2985 1567 3050; x_wconf 81' lang='lat' dir='ltr'>Thraces,</span> <span class='ocrx_word' id='word_1_437' title='bbox 1602 3004 1693 3055; x_wconf 88' lang='lat' dir='ltr'>pro</span> <span class='ocrx_word' id='word_1_438' title='bbox 1732 2989 1898 3040; x_wconf 88' lang='lat' dir='ltr'>Sestio</span> <span class='ocrx_word' id='word_1_439' title='bbox 1933 2989 2029 3051; x_wconf 87' lang='grc'>43,</span> <span class='ocrx_word' id='word_1_440' title='bbox 2069 2991 2152 3041; x_wconf 86' lang='grc'>94.</span> <span class='ocrx_word' id='word_1_441' title='bbox 2194 3003 2287 3054; x_wconf 86' lang='lat' dir='ltr'>pro</span> 
     </span>
     <span class='ocr_line' id='line_1_84' title="bbox 1348 3057 1773 3120; baseline 0.005 -15"><span class='ocrx_word' id='word_1_442' title='bbox 1348 3057 1557 3108; x_wconf 83' lang='lat' dir='ltr'>Fonteio</span> <span class='ocrx_word' id='word_1_443' title='bbox 1580 3058 1665 3120; x_wconf 89' lang='grc'>16,</span> <span class='ocrx_word' id='word_1_444' title='bbox 1688 3057 1773 3110; x_wconf 88' lang='grc'>34.</span> 
     </span>
    </p>

    <p class='ocr_par' dir='ltr' id='par_1_21' title="bbox 1279 3124 2285 3260">
     <span class='ocr_line' id='line_1_85' title="bbox 1279 3124 2285 3191; baseline 0 -15"><span class='ocrx_word' id='word_1_445' title='bbox 1279 3124 1563 3177; x_wconf 86' lang='lat' dir='ltr'>Thraecia</span> <span class='ocrx_word' id='word_1_446' title='bbox 1588 3131 1777 3176; x_wconf 85' lang='lat' dir='ltr'>castra</span> <span class='ocrx_word' id='word_1_447' title='bbox 1792 3163 1807 3191; x_wconf 91' lang='lat'>,</span> <span class='ocrx_word' id='word_1_448' title='bbox 1834 3142 1883 3180; x_wconf 86' lang='lat' dir='ltr'>a.</span> <span class='ocrx_word' id='word_1_449' title='bbox 1908 3142 1961 3181; x_wconf 91' lang='lat' dir='ltr'>u.</span> <span class='ocrx_word' id='word_1_450' title='bbox 1982 3143 2025 3178; x_wconf 88' lang='lat' dir='ltr'>c.</span> <span class='ocrx_word' id='word_1_451' title='bbox 2050 3125 2193 3184; x_wconf 70' lang='lat'>698„</span> <span class='ocrx_word' id='word_1_452' title='bbox 2223 3125 2285 3175; x_wconf 88' lang='lat' dir='ltr'>de</span> 
     </span>
     <span class='ocr_line' id='line_1_86' title="bbox 1348 3198 1809 3260; baseline 0.004 -16"><span class='ocrx_word' id='word_1_453' title='bbox 1348 3210 1489 3260; x_wconf 82' lang='lat' dir='ltr'>prov.</span> <span class='ocrx_word' id='word_1_454' title='bbox 1512 3209 1652 3245; x_wconf 90' lang='lat' dir='ltr'>cons.</span> <span class='ocrx_word' id='word_1_455' title='bbox 1680 3198 1732 3252; x_wconf 86' lang='grc'>2,</span> <span class='ocrx_word' id='word_1_456' title='bbox 1758 3198 1809 3246; x_wconf 91' lang='grc'>4.</span> 
     </span>
    </p>

    <p class='ocr_par' dir='ltr' id='par_1_22' title="bbox 1279 3261 2179 3330">
     <span class='ocr_line' id='line_1_87' title="bbox 1279 3261 2179 3330; baseline -0.001 -17"><span class='ocrx_word' id='word_1_457' title='bbox 1279 3261 1673 3327; x_wconf 86' lang='lat' dir='ltr'>Thraecidica‚</span> <span class='ocrx_word' id='word_1_458' title='bbox 1705 3265 1931 3330; x_wconf 88' lang='lat' dir='ltr'>Philipp.</span> <span class='ocrx_word' id='word_1_459' title='bbox 1952 3265 2004 3325; x_wconf 93' lang='grc'>7,</span> <span class='ocrx_word' id='word_1_460' title='bbox 2024 3264 2075 3325; x_wconf 89' lang='grc'>6,</span> <span class='ocrx_word' id='word_1_461' title='bbox 2096 3263 2179 3314; x_wconf 92' lang='grc'>17.</span> 
     </span>
    </p>

    <p class='ocr_par' dir='ltr' id='par_1_23' title="bbox 1278 3329 2287 3398">
     <span class='ocr_line' id='line_1_88' title="bbox 1278 3329 2287 3398; baseline 0.002 -17"><span class='ocrx_word' id='word_1_462' title='bbox 1278 3329 1536 3394; x_wconf 85' lang='lat' dir='ltr'>Thraex,</span> <span class='ocrx_word' id='word_1_463' title='bbox 1570 3332 1859 3397; x_wconf 84' lang='lat' dir='ltr'>gladiator,</span> <span class='ocrx_word' id='word_1_464' title='bbox 1898 3331 2125 3398; x_wconf 87' lang='lat' dir='ltr'>Philipp.</span> <span class='ocrx_word' id='word_1_465' title='bbox 2150 3331 2203 3393; x_wconf 88' lang='grc'>6,</span> <span class='ocrx_word' id='word_1_466' title='bbox 2234 3332 2287 3396; x_wconf 72' lang='lat'>5,</span> 
     </span>
    </p>
   </div>
  </div>
 </body>
</html>
