2500 3850
278 146 399 217 284'

347 323 493 371 deam
512 320 562 367 in
583 319 767 369 Pericli
790 320 943 369 labiis
961 320 1164 385 scripsit
1182 320 1284 369 Eu-

341 390 476 453 polis
518 389 862 453 sessitavisse,
900 388 1041 440 Brut.
1068 388 1129 437 15
1148 424 1162 447 ,
1194 387 1282 438 59.

345 486 409 493 —
434 457 700 525 Eupolidis
726 459 918 506 dictum
940 457 1000 506 de
1023 471 1081 506 eo
1098 493 1112 517 ,
1137 457 1280 506 Brut.

342 526 395 587 9,
424 525 507 577 38.
542 552 609 561 -
650 526 859 592 Propter
897 528 1171 589 ancipitem
1204 526 1283 575 fa-

343 594 511 645 ciendi
550 596 849 658 dicendique
890 596 1194 659 sapientiam
1230 594 1285 642 in

342 680 397 713 re
422 662 566 729 publ.
604 665 791 725 floruit,
833 663 896 712 de
936 671 1064 715 orat.
1110 663 1159 726 3,
1197 662 1279 723 16,

341 734 427 784 59.
461 760 527 769 -
550 732 917 782 Themistocles
942 732 1168 781 Athenas
1201 747 1280 780 re·-

343 803 510 865 liquit.
586 802 817 851 Fluctum
840 802 973 850 enim
990 802 1146 851 totius
1166 801 1281 848 bar-

340 872 514 920 bariae
536 870 668 919 ferre
685 870 808 919 urbs
824 885 923 919 una
941 884 1043 918 non
1064 876 1279 934 poterat.

340 942 410 988 At
430 940 564 988 idem
585 937 804 988 Pericles
832 938 1060 987 Athenas
1080 952 1181 986 non
1200 953 1282 985 re-

338 1009 507 1069 liquit,
532 1022 685 1069 quum
710 1014 913 1069 praeter
930 1008 1133 1055 moenia
1151 1005 1280 1054 nihi-l

340 1082 563 1137 teneret,
594 1076 661 1123 ad
682 1076 782 1122 Att.
806 1076 853 1137 7,
878 1074 961 1137 ll,
983 1074 1032 1124 3.
1055 1102 1126 1112 —
1144 1075 1284 1124 Peri-

342 1144 487 1203 clem,
510 1158 662 1204 quum
691 1143 793 1191 iam
812 1157 935 1192 suae
959 1143 1151 1192 civitati
1176 1158 1284 1191 ma-

340 1214 482 1261 xima
513 1214 807 1263 auctoritate
836 1211 1085 1275 plurimos
1124 1226 1283 1261 annos

345 1282 482 1331 domi
514 1289 563 1331 et
586 1280 707 1331 belli
725 1281 1062 1345 praefuisset,
1102 1280 1285 1331 violari

340 1352 571 1401 versibus
594 1358 641 1400 et
673 1366 759 1401 eos
780 1352 866 1415 agi
893 1351 947 1399 in
972 1365 1157 1399 scaeua
1181 1364 1283 1399 non

339 1421 455 1485 plus
479 1421 675 1485 decuit,
715 1434 865 1483 quam
893 1420 940 1469 si
964 1419 1175 1470 Plautus
1198 1434 1284 1469 vo-

340 1490 521 1539 luisset
553 1498 639 1540 aut
660 1488 881 1539 Naevius
900 1490 956 1539 P.
990 1496 1037 1538 et
1056 1488 1145 1539 Gn.
1170 1487 1284 1537 Sci-

342 1559 485 1621 pioni
506 1566 591 1607 aut
603 1556 855 1607 Caecilius
869 1556 938 1609 M.
954 1557 1132 1608 Catoni
1150 1556 1284 1606 male

345 1627 542 1688 dicere,
563 1626 628 1675 de
648 1640 689 1675 r.
714 1641 765 1689 p.
790 1627 851 1686 4,
876 1625 969 1686 10,
995 1626 1078 1677 11.
1105 1653 1171 1662 -
1189 1625 1284 1675 Pe-

340 1693 494 1743 ricles
518 1709 675 1755 quum
702 1695 901 1744 floreret
934 1694 1073 1745 omni
1096 1708 1286 1759 genere

340 1762 538 1811 virtutis
554 1799 569 1826 ,
620 1762 936 1824 eloquentiae
976 1770 1146 1811 tamen
1184 1762 1284 1811 fuit

342 1832 493 1881 laude
511 1830 825 1880 >clarissimus
842 1866 856 1891 ,
876 1831 1015 1884 Brut.
1037 1832 1088 1891 7,
1107 1830 1192 1881 28.
1214 1856 1283 1866 -

340 1900 563 1950 Pericles
595 1900 1043 1962 eloquentissimus
1066 1898 1283 1949 Athenis

343 1971 579 2032 idemque
614 1971 666 2019 in
704 1985 767 2019 ea
803 1971 1004 2020 civitate
1033 1969 1283 2034 plurimos

343 2054 502 2088 anuos
540 2040 779 2104 princeps
828 2039 1026 2088 consilii
1069 2038 1280 2102 publici,

342 2109 405 2155 de
426 2115 550 2156 orat.
588 2107 645 2166 1,
672 2105 765 2166 50,
800 2107 919 2156 216.
964 2131 1021 2142 --
1062 2105 1282 2156 Pericles

342 2189 590 2224 summam
610 2175 959 2224 auctoritatem
978 2183 1281 2226 consecutus

261 2275 265 2280 Α
342 2253 418 2293 est
444 2244 555 2292 sine
575 2243 683 2292 ulla
712 2242 993 2300 hilaritate,
1034 2243 1097 2292 de
1118 2241 1203 2292 off.
1230 2245 1278 2304 1,

324 2311 434 2374 -30,
459 2311 575 2363 108.
601 2337 659 2348 --
684 2313 815 2361 Ante
834 2311 1109 2370 Periclem,
1134 2313 1280 2362 cuius

341 2382 526 2447 scripta
548 2382 795 2445 quaedam
815 2381 1061 2442 feruntur,
1084 2386 1133 2430 et
1144 2379 1280 2429 Thu-

340 2452 601 2514 cydidem,
657 2452 747 2514 qui
804 2464 904 2500 non
952 2451 1279 2500 nascentibus

338 2521 568 2580 AtheniS,
594 2521 687 2570 sed
708 2522 814 2570 iam
838 2519 1029 2570 adultis
1054 2519 1277 2578 fuerunt,

338 2587 505 2638 littera
522 2588 662 2637 nulla
684 2597 779 2646 est,
818 2602 947 2650 quae
967 2589 1175 2648 quidem
1198 2602 1278 2637 or-

336 2667 514 2706 natum
541 2656 761 2718 aliquem
790 2655 973 2703 habeat
994 2662 1041 2702 et
1062 2656 1276 2706 oratoris

340 2738 455 2772 esse
478 2724 727 2787 videatur,
766 2723 904 2771 Brut.
928 2722 977 2782 7,
998 2725 1084 2776 27.
1125 2724 1187 2772 cl.
1212 2725 1277 2774 de

341 2798 466 2839 orat.
493 2793 556 2851 2,
588 2793 684 2850 22,
722 2789 809 2841 93.
858 2817 927 2826 —
960 2791 1133 2840 Attica
1168 2794 1278 2841 eius

340 2858 492 2908 dictio
510 2894 525 2918 ,
559 2857 699 2908 Brut.
721 2857 807 2920 84,
829 2856 951 2910 290.
973 2885 1041 2894 --
1060 2860 1279 2910 Pericles

337 2929 505 2977 minus
534 2927 699 2977 clarus
722 2941 877 2991 quam
896 2925 1278 2989 Demosthenes,

338 2997 403 3046 de
424 3004 549 3046 orat.
574 2995 626 3056 3,
652 2995 734 3056 19,
759 2995 845 3046 71.
883 3021 949 3032 --
977 2996 1100 3044 Eius
1122 2997 1282 3047 collo-

338 3068 514 3128 quium
548 3081 662 3115 cum
696 3063 949 3130 Sophocle
992 3064 1189 3131 collega
1228 3068 1282 3115 in

336 3142 575 3196 praetura
591 3171 606 3194 ,
644 3134 707 3183 de
726 3134 811 3184 off.
836 3134 863 3184 1
882 3169 896 3194 ,
920 3134 1015 3193 40,
1044 3135 1163 3187 144.
1204 3161 1276 3171 -·

334 3201 589 3262 PericleS,
626 3205 863 3267 princeps
893 3201 1163 3262 Graeciae,
1197 3205 1276 3253 vi-

336 3277 597 3332 tuperatus
641 3286 675 3320 a
708 3271 963 3320 Demetrio
1008 3271 1274 3337 Phalereo,

340 3339 474 3397 quod
510 3345 697 3386 tantam
736 3341 1004 3402 pecuniam
1035 3341 1087 3387 in
1124 3355 1274 3404 prae-

340 3403 475 3452 clara
516 3404 605 3452 illa
657 3407 937 3469 propylaea
980 3408 1272 3470 coniecerit,

1355 1622 1742 1691 Peripatetici.

828 158 1162 211 PERIQLES
1192 186 1278 195 --
1310 162 1817 211 PERIPATETIGI.

1421 320 1496 369 Ib.
1521 321 1571 377 2,
1600 319 1680 383 17,
1707 318 1791 369 60.
1819 343 1886 355 -
1915 318 2043 367 Eius
2073 318 2394 381 sepulcrum

1422 388 1665 451 Athenis,
1690 388 1753 437 de
1779 386 1865 435 fin.
1894 386 1957 445 5,
1977 388 2010 435 2
2030 422 2044 446 ,
2071 390 2128 436 4.
2156 413 2237 423 -
2263 386 2396 437 Sine

1426 458 1731 517 adiumentis
1776 456 2040 506 hominum
2077 463 2264 509 tantas
2303 472 2396 505 res

1424 525 1628 575 efficere
1655 540 1758 574 non
1779 524 1974 589 potuit,
2017 524 2080 573 de
2103 524 2196 574 off.
2227 526 2298 588 2,
2333 527 2391 584 5,

1427 594 1508 645 16.

1354 660 1608 712 Pericles
1642 660 1922 726 EphesiuS,
1961 662 2270 725 postulante
2310 663 2390 714 M.

1419 731 1626 781 Aurelio
1658 729 1876 792 Scauro,
1916 730 2054 791 quod
2093 731 2140 779 is
2173 729 2385 795 Ephesi

1421 816 1475 850 se
1497 807 1816 863 quaestorem
1839 799 1891 847 vi
1909 798 2240 863 prohibitum
2261 814 2382 848 esse

1422 870 1639 928 dicebat,
1677 883 1776 930 qno
1797 869 1962 917 minus
1983 883 2012 917 e
2031 866 2151 917 fano
2173 867 2382 917 Dianae

1423 953 1625 987 servum
1661 952 1835 996 suum,
1874 937 1960 999 qui
1989 936 2044 984 in
2078 936 2217 987 illud
2255 952 2377 1001 asy-

1422 1008 1527 1056 lum
1550 1006 1891 1071 confugisset,
1925 1005 2241 1069 abduceret,
2267 1006 2372 1054 Ro—

1422 1092 1556 1125 mam
1595 1083 1831 1125 evocatus
1867 1084 1969 1137 est,
2007 1076 2150 1135 quod
2194 1083 2378 1123 auctor

1422 1144 1562 1193 illius
1599 1145 1812 1193 iniuriae
1839 1142 1998 1191 fuisse
2029 1144 2369 1208 arguebatur,

1421 1215 1565 1263 Verr.
1587 1219 1807 1261 accusat.
1833 1212 1882 1274 1,
1905 1209 1991 1270 33,
2009 1212 2098 1262 85.

1354 1270 1876 1349 Περιπατητικοί,
1913 1288 2084 1345 partes
2101 1279 2376 1345 Peripate-

1422 1352 1662 1410 ticorum,
1693 1350 1759 1399 ad
1785 1350 1885 1400 Att.
1912 1348 1992 1407 13,
2019 1349 2104 1409 19,
2133 1346 2186 1397 4.

1352 1417 1764 1485 Peripateticus
1810 1432 1976 1467 sermo
2027 1418 2216 1467 dicitur
2275 1416 2370 1466 So-

1423 1489 1576 1537 cratis
1604 1488 1880 1553 disputatio
1905 1487 1960 1534 in
1977 1486 2207 1534 Platonis
2227 1486 2368 1535 Poli-

1423 1558 1522 1615 tia,
1561 1558 1626 1606 de
1648 1572 1689 1607 r.
1712 1570 1762 1619 p.
1787 1556 1838 1619 2,
1858 1555 1944 1616 29,
1963 1554 2049 1604 51.

1821 1624 1917 1681 Qui
1940 1631 2084 1671 erant
2109 1638 2226 1671 cum
2248 1624 2365 1671 Ari-

1425 1695 1632 1757 stotele,
1686 1692 2007 1756 Peripatetici
2048 1692 2177 1745 dicti
2224 1702 2362 1749 sunt,

1428 1765 1548 1825 quia
1567 1762 1895 1826 disputabant
1913 1760 2288 1809 inambulantes
2309 1762 2360 1807 in

1421 1832 1606 1897 Lyci0,
1645 1829 1804 1879 Acad.
1841 1836 1971 1892 post.
2000 1830 2059 1889 1,
2089 1832 2152 1892 4,
2180 1827 2261 1877 17.
2291 1855 2361 1864 -

1427 1900 1628 1951 Certam
1655 1906 1895 1963 quantam
1925 1897 2225 1962 disciplinae
2255 1897 2356 1947 for-

1424 1970 1613 2020 mulam
1643 1973 2063 2032 composuerunt,
2101 1965 2242 2016 illam
2269 1981 2359 2016 au-

1423 2047 1524 2088 tem
1545 2037 1861 2088 Socraticam
1905 2036 2267 2085 dubitationem
2295 2035 2358 2084 de

1425 2108 1657 2157 omnibus
1696 2107 1848 2156 rebus
1887 2104 2232 2168 reliquerunt,
2281 2105 2353 2153 Ib.

1419 2203 1488 2212 -
1513 2175 1648 2224 Vera
1685 2176 1990 2240 elegansque
2027 2171 2352 2238 philosophia

1423 2244 1572 2295 ducta
1612 2259 1641 2292 a
1677 2243 1885 2293 Socrate
1921 2244 1972 2292 in
2005 2242 2350 2307 PeripatetIcis

1423 2312 1591 2364 adhuc
1625 2313 1934 2376 permansit,
1973 2311 2181 2360 Tuscul.
2211 2313 2262 2370 4,
2301 2310 2347 2370 3,

1420 2383 1472 2434 6.
1515 2407 1584 2420 —-
1620 2382 2067 2446 Peripateticorum
2099 2380 2352 2445 principes

1421 2459 1470 2500 et
1510 2456 1740 2499 auctores
1763 2485 1776 2512 ,
1817 2448 2153 2513 Aristoteles,
2191 2449 2346 2496 Theo-

1418 2519 1686 2584 phrastus,
1711 2516 1917 2578 Strato,
1959 2517 2124 2582 Lyco,
2179 2517 2346 2565 Hiero·

1419 2601 1620 2652 nymus,
1653 2585 1921 2646 Critolaus,
1955 2586 2226 2648 DiodoruS,
2248 2588 2344 2634 An-

1415 2657 1636 2716 tiochus,
1676 2655 1740 2702 de
1757 2653 1844 2707 fin.
1867 2655 1920 2720 5,
1943 2654 1994 2716 5,
2023 2651 2088 2703 13
2113 2661 2161 2703 et
2187 2655 2259 2702 14.
2279 2680 2342 2688 —

1413 2724 1734 2789 Peripatetici
1764 2729 1813 2772 et
1841 2724 2132 2772 Academici
2161 2730 2342 2773 veteres

1418 2793 1674 2858 quondam
1710 2791 1867 2840 iidem
1899 2798 2071 2855 erant,
2111 2791 2172 2840 de
2195 2791 2270 2839 off.
2291 2791 2338 2850 3,

1416 2864 1480 2924 4,
1505 2861 1592 2914 20.
1626 2885 1708 2909 -.
1722 2860 2046 2924 Peripatetici
2076 2867 2130 2908 'et
2157 2859 2341 2909 Acade-

1417 2931 1538 2980 mici
1555 2931 1708 2978 rebus
1732 2935 2068 2994 congruentes
2088 2964 2103 2990 ,
2139 2929 2339 2978 nomini-

1416 2999 1514 3049 bus
1559 2997 1890 3063 differebant,
1927 2997 2090 3050 Acad.
2118 3004 2244 3061 post.
2292 2996 2338 3058 1,

1417 3069 1470 3126 4,
1494 3069 1576 3120 17.
1630 3067 1707 3116 lb.
1731 3069 1780 3126 1,
1803 3067 1853 3126 4,
1888 3065 1971 3116 18.
2010 3067 2090 3114 lb.
2113 3066 2158 3127 1,
2178 3065 2226 3128 6,
2253 3066 2332 3117 22.

1422 3137 1582 3186 Acad.
1612 3151 1692 3201 pr.
1713 3136 1765 3200 2,
1785 3136 1834 3193 5,
1861 3134 1942 3186 15.
1965 3159 2034 3170 -
2051 3133 2161 3183 Non
2178 3147 2334 3182 verum

1417 3219 1558 3268 esse,
1605 3204 1744 3266 quod
1775 3202 2032 3253 contendit
2058 3202 2332 3260 Antiochu5‚

1414 3273 1775 3336 Peripateticos
1797 3287 1912 3321 cum
1941 3270 2128 3322 Stoicis
2148 3287 2198 3320 re
2226 3285 2331 3322 con·

1416 3341 1669 3402 cinuisse,
1694 3341 1865 3388 verbis
1903 3340 2240 3402 dlacrepasse,
2274 3339 2329 3388 de

1416 3421 1465 3457 n.
1487 3408 1538 3457 d.
1559 3407 1610 3469 1,
1635 3406 1684 3471 7,
1710 3407 1791 3456 16.
1815 3431 1884 3442 --
1902 3406 2328 3472 Peripateticorum
