2500 3850
931 232 1178 281 SENIAE
1217 256 1286 263 -—
1314 236 1377 282 L.
1405 233 1713 283 SERGIUS.

350 388 634 449 drubalem,
661 373 956 437 Hannibalis
979 388 1180 437 fratrem
1205 404 1287 439 ce-

345 459 466 508 cidit
485 473 532 509 a.
557 474 608 507 u.
633 472 679 507 c.
703 457 852 520 547„
888 457 1024 507 Brut.
1058 456 1138 521 18,
1161 457 1247 508 73.

2201 235 2207 241 '
2240 226 2375 287 357-

1357 388 1422 439 P.
1446 386 1770 454 Septimius,
1792 392 1935 441 lestis
1956 392 2005 439 in
2026 391 2085 445 L.
2109 393 2362 454 Flaccum,

1425 474 1517 523 pro
1540 458 1717 507 Flacco
1739 460 1790 520 4,
1815 458 1894 518 11,
1933 462 2009 509 lb.
2031 459 2115 526 35,
2138 462 2222 513 88.

278 524 482 577 Seniue
517 526 726 575 balneae
764 526 967 575 fuerunt
1005 525 1202 576 Romae
1238 534 1288 576 et
1360 526 1430 591 Q.
1450 523 1758 591 Septicius,
1791 528 2179 579 honestissimus
2207 546 2363 593 eques

346 596 547 658 quidem
565 595 820 664 publicae,
840 610 932 661 pro
948 595 1082 646 Cael.
1099 596 1184 660 25,
1197 594 1283 646 61.

279 662 340 713 C.
393 661 618 715 Sentius
669 662 1004 714 Saturninus
1019 700 1034 727 ,
1081 673 1285 729 praetor

347 734 558 783 obtinuit
596 731 968 797 Macedoniam,
1009 733 1156 786 Verr.
1199 748 1284 783 ac-

346 810 502 851 cusat.
521 802 570 862 3,
590 800 675 859 93,
695 802 814 853 217.
840 803 892 851 in
911 804 1080 852 Pison.
1096 801 1181 862 34,
1195 802 1281 853 84.

275 868 558 937 Seplasia,
600 870 770 935 platea
810 870 1040 937 Capuae,
1086 872 1139 919 in
1181 886 1283 935 qua

345 941 668 1007 unguentarii
690 940 940 1005 negotiari
963 947 1105 997 erant
1124 940 1280 1004 soliti,

347 1010 409 1059 de
431 1010 542 1073 lege
562 1024 670 1073 agr.
693 1010 754 1069 2,
781 1008 874 1069 34,
904 1007 990 1058 94.
1027 1023 1122 1072 pro
1145 1007 1278 1058 Sest.

344 1079 394 1138 8,
421 1077 502 1128 19.
545 1078 596 1127 in
617 1078 789 1128 Pison.
813 1078 896 1138 11,
915 1079 1001 1127 24.

277 1145 504 1212 Septem
525 1161 732 1213 aquae,
764 1146 904 1196 lacus
928 1148 1039 1211 agri
1059 1146 1279 1208 Reatini,

349 1216 412 1265 ad
434 1216 538 1265 Att.
565 1217 614 1269 4.
637 1215 718 1279 15,
743 1216 794 1267 5.

278 1282 504 1349 Septem
521 1280 804 1349 sapientes
825 1282 903 1333 illi
923 1297 1020 1331 non
1039 1298 1132 1333 suo
1155 1320 1167 1343 ‚
1188 1282 1281 1331 sed

348 1353 649 1419 populorum
671 1352 916 1418 suffragio
947 1354 1170 1400 omnium
1191 1366 1281 1400 no-

349 1423 520 1471 minati
549 1428 691 1481 suut,
721 1423 784 1471 de
814 1421 900 1474 flu.
932 1422 993 1483 2,
1035 1419 1094 1481 3,
1135 1421 1184 1471 8.
1213 1447 1283 1457 —-

347 1492 550 1555 Septem
587 1492 842 1555 sapientes
881 1504 1054 1538 omnes
1086 1496 1283 1553 praeter

347 1560 596 1609 Milesium
621 1559 811 1609 Tbelen
847 1558 1135 1607 civitatibus
1172 1561 1281 1607 suis

345 1628 697 1693 praefuerunt,
721 1629 784 1678 de
806 1636 931 1677 orat.
954 1625 986 1677 3
1006 1664 1019 1689 ,
1041 1626 1108 1677 34
1125 1663 1136 1685 ,
1164 1626 1279 1678 137.

347 1698 410 1752 cl,
433 1700 495 1746 de
514 1714 557 1751 r.
582 1712 634 1762 p.
660 1698 718 1757 1,
751 1699 814 1755 7,
838 1696 918 1745 12.
953 1722 1022 1731 --
1045 1696 1172 1754 EoS‚
1197 1696 1285 1759 qui

345 1768 443 1816 ista
461 1767 697 1816 subtilius
718 1773 982 1827 quaerunt,
1003 1766 1056 1813 in
1072 1779 1283 1813 numero

346 1837 648 1901 sapientium
667 1849 767 1883 nou
786 1834 997 1893 habent,
1025 1834 1088 1883 de
1108 1847 1206 1881 am.
1229 1835 1281 1896 2,

346 1906 396 1955 7.
429 1904 638 1958 Tuscul.
661 1904 710 1966 5,
733 1902 784 1966 3,
806 1905 855 1954 7.

277 1972 502 2039 Septem
517 1970 745 2032 triones,
759 1973 896 2022 Arat.
914 1979 966 2023 v:
979 1972 1062 2024 28.
1085 1972 1146 2020 de
1164 1986 1213 2021 n.
1231 1971 1281 2020 d.

348 2046 396 2106 2,
413 2043 499 2104 41,
517 2042 632 2093 104.
655 2042 718 2094 cl.
743 2042 900 2095 Acad.
923 2055 1000 2106 pr.
1022 2043 1072 2100 2,
1093 2039 1178 2103 20,
1193 2039 1279 2090 66.

251 2155 262 2162 .
277 2109 573 2175 Septimia,
594 2125 724 2159 uxor
740 2147 754 2170 ,
776 2117 830 2159 ut
849 2111 1062 2173 videtur,
1087 2107 1281 2170 Siccae,

347 2181 411 2230 ad
437 2182 542 2229 Att.
569 2179 649 2238 16,
676 2179 757 2241 11,
781 2179 828 2229 1.

283 2249 342 2299 Ο.
365 2245 668 2314 Septimius
683 2283 698 2311 ,
731 2255 934 2313 praetor
952 2263 998 2300 a.
1018 2263 1070 2299 u.
1095 2261 1138 2298 c.
1161 2245 1281 2296 697.

348 2317 552 2368 favebat
573 2317 817 2378 Ciceroni,
838 2323 953 2380 post
971 2316 1076 2365 red.
1098 2316 1147 2363 in
1171 2330 1279 2368 sen.

346 2387 397 2449 9,
426 2386 512 2438 23.
540 2411 612 2422 —
639 2385 692 2434 C.
721 2384 1024 2450 Septimius,
1051 2399 1214 2450 augur
1233 2399 1282 2434 a.

347 2473 398 2506 u.
420 2472 464 2508 c.
495 2453 642 2512 709„
677 2456 740 2502 ad
758 2455 863 2507 Att.
889 2453 980 2512 12,
1006 2452 1096 2515 13,
1118 2454 1168 2502 2.
1208 2453 1279 2502 lb.

349 2525 412 2574 12
428 2561 441 2581 ,
477 2525 570 2584 14,
605 2523 652 2572 1.
676 2549 741 2559 —
762 2522 817 2572 C.
841 2521 1118 2585 Septimius
1139 2519 1202 2570 T.
1223 2522 1282 2575 F.

347 2593 582 2654 Quirina,
605 2592 672 2640 ad
691 2591 812 2640 fam.
835 2591 886 2653 8,
909 2589 958 2652 8,
985 2589 1018 2639 5
1040 2596 1087 2637 et
1107 2589 1157 2641 6.

282 2662 342 2711 C.
367 2657 676 2726 Septimius
694 2696 708 2722 ‚
729 2659 897 2708 Bibuli
919 2658 1142 2706 consulis
1160 2673 1208 2710 a.
1229 2674 1280 2708 u.

348 2747 391 2779 c.
413 2727 531 2779 695.
555 2729 723 2778 scriba
739 2766 752 2789 ,
779 2728 846 2778 ad
864 2727 966 2776 Att.
993 2727 1044 2788 2,
1065 2727 1150 2786 24,
1171 2728 1223 2776 2.

277 2798 340 2850 L.
363 2794 670 2862 Septimius
691 2805 859 2848 orator
879 2795 1153 2859 deridetur,
1177 2798 1283 2847 Va-

349 2881 457 2918 ren.
483 2865 662 2929 fragm.
683 2865 736 2914 8.
757 2880 810 2930 p.
837 2867 954 2916 244.
1164 2923 1180 2929 -

281 2934 343 2985 P.
375 2930 680 2998 Septimius
707 2931 997 2983 Scaevola.
1035 2933 1281 3000 Septimio

347 3009 578 3054 senatore
631 3002 866 3052 damnato
913 3001 972 3062 Q.
1016 3004 1281 3054 Hortensio

343 3080 578 3136 praetore
605 3086 652 3123 a.
674 3088 724 3120 u.
747 3087 793 3126 c.
819 3071 938 3125 682.
963 3073 1027 3122 de
1051 3073 1283 3137 pecuniis

345 3141 671 3205 repetundiS,
707 3142 770 3192 lis
810 3143 1077 3192 aestimata
1113 3149 1190 3190 est
1222 3155 1283 3190 eo

345 3213 566 3272 nomine,
588 3210 725 3272 quod
741 3209 825 3261 ille
845 3211 908 3260 ob
927 3225 1034 3261 rem
1054 3211 1286 3260 iudican-

347 3279 462 3328 dam
494 3281 762 3346 pecuniam
795 3281 1104 3344 accepisset,
1138 3280 1284 3327 Verr.

348 3349 460 3396 Act.
498 3349 556 3412 1,
585 3347 680 3408 13,
717 3349 800 3401 38.
837 3363 932 3414 pro
966 3346 1162 3397 Clueut.
1195 3346 1284 3404 41,

351 3416 464 3466 115.
486 3442 554 3452 —
577 3416 952 3466 Condemnatus
979 3416 1095 3466 aliis
1117 3415 1287 3464 crimi-

345 3485 522 3548 nibus,
547 3485 617 3534 Ib.
641 3485 728 3550 41,
755 3485 872 3534 116.

1425 595 1571 645 Rom.
1620 596 1795 645 Verris
1842 596 1893 645 in
1942 612 2055 647 eum
2102 599 2363 663 peculiare

1427 666 1663 726 edictum,
1692 667 1839 715 Verr.
1864 673 2081 715 accusat.
2104 667 2256 729 3,14,
2272 666 2358 719 36.

1356 732 1419 785 L.
1459 731 1910 799 Septumuleius,
1942 734 2261 801 AnagninuS.
2302 736 2361 785 Ei

1423 819 1515 868 pro
1550 803 1607 853 C.
1638 801 1847 852 Gracchi
1877 804 2044 869 capite
2076 819 2253 853 aurum
2283 820 2361 855 re-

1423 886 1637 937 pensum
1657 907 1671 932 ,
1692 872 1825 921 salse
1846 872 2044 923 derisus
2066 888 2096 923 a
2114 874 2171 933 Q.
2194 873 2360 923 Mucio

1422 940 1671 991 Scaevola
1686 954 1895 1005 augure,
1908 957 2063 1003 quum
2076 942 2361 1007 praefectu-

1420 1025 1526 1059 ram
1548 1011 1610 1060 ab
1631 1025 1691 1059 eo
1713 1012 1762 1059 in
1777 1010 1905 1061 Asia
1921 1018 2131 1075 peteret,
2150 1013 2213 1061 de
2234 1020 2357 1061 orat.

1420 1082 1471 1137 2,
1493 1079 1578 1142 67,
1604 1078 1725 1130 269.

1350 1144 1597 1214 Sepyra,
1637 1149 1781 1197 vicus
1812 1147 2019 1198 Ciliciae
2047 1150 2098 1197 in
2134 1164 2191 1198 ea
2218 1158 2361 1213 parte

1420 1218 1606 1267 montis
1637 1216 1848 1277 Amani,
1886 1217 1980 1266 sub
2006 1219 2148 1267 cuius
2175 1218 2360 1267 radici-

1418 1286 1515 1334 bus
1534 1300 1653 1335 arae
1672 1284 1950 1335 Alexandri
1968 1294 2125 1346 erant,
2148 1286 2213 1335 ad
2235 1285 2357 1336 fam.

1351 1352 1864 1486 Sezgkassiopermale
1906 1429 2193 1485 pugnarunt
2246 1436 2359 1470 cum

1421 1490 1616 1539 Aeduis
1645 1503 1691 1537 a.
1728 1505 1777 1537 u.
1812 1486 2037 1568 03694„
2074 1490 2139 1539 ad
2175 1492 2275 1538 Att.
2309 1490 2356 1552 1,

1352 1558 1606 1691 Seigpizo.
1639 1628 1703 1675 V.
1747 1628 1797 1675 in
1829 1622 2106 1676 Corneliis
2137 1622 2357 1690 Scipio-

1423 1693 1585 1746 nibus
1610 1692 1849 1747 Nasicis.
2018 1700 2021 1703 ’

1353 1762 1632 1831 Serapio,
1690 1763 2063 1827 Antiochenus,
2142 1764 2361 1827 scriptor

1424 1833 1812 1954 ggo{raphicuS.
1852 1831 2143 1952 Serapanis
2176 1832 2359 1949 librurg

1422 1919 1529 2022 ΣΞ...
1550 1911 2047 2038 ἐῗθὲῗῪῬ-ωὖῗῖα.
2070 1909 2359 2020 {1333ss-

1423 2057 1515 2092 nes
1560 2058 1591 2091 a
1631 2039 1909 2106 Serapione
1954 2039 2354 2104 reprehenditur,

1354 2110 1794 2245 sei-&pificina
1818 2179 1883 2229 aa
1902 2180 2006 2228 Aa.
2030 2180 2112 2240 10,
2140 2178 2221 2241 17,
2246 2178 2291 2227 1.

1355 2262 1583 2330 Serapis
1604 2271 1653 2314 et
1671 2263 2005 2328 Aesculapius
2025 2269 2191 2326 potest
2210 2275 2359 2326 prae-

1422 2335 1644 2383 scribere
1666 2347 1759 2397 per
1778 2332 2029 2382 somnium
2050 2331 2357 2380 curationem

1422 2402 1729 2451 valetudinis
1744 2435 1759 2463 ,
1789 2401 1851 2449 de
1873 2401 2033 2452 divin.
2052 2399 2103 2459 2,
2128 2397 2212 2456 59,
2236 2395 2354 2448 123.

1382 2470 1393 2476 “
1420 2497 1489 2506 --
1506 2470 1628 2520 Eius
1647 2467 1891 2532 templum
1912 2466 2193 2536 syracusia,
2212 2467 2357 2515 Verr.

1423 2547 1646 2588 accusat.
1667 2539 1715 2596 2,
1735 2537 1820 2601 66,
1844 2535 1961 2587 160.
1995 2535 2062 2586 cf.
2086 2536 2147 2584 de
2167 2550 2218 2583 u.
2242 2533 2358 2593 d.3,

1353 2689 1557 2760 Sergia
1578 2693 1736 2743 tribus
1753 2728 1767 2752 ,
1808 2691 1861 2740 in
1880 2689 2083 2740 Sabinis
2100 2723 2115 2751 ,
2155 2685 2357 2748 MarsiS,

1421 2762 1647 2828 Pelignis
1663 2799 1677 2825 ,
1698 2763 1751 2810 iu
1771 2761 1945 2810 Vatin.
1969 2759 2052 2818 15,
2072 2758 2157 2812 36.

1352 2845 1586 2916 Sergius
1609 2849 1811 2915 mimus..
1833 2847 1895 2896 Ei
1912 2859 2067 2910 equos
2084 2839 2359 2906 vectigales

1421 2917 1631 2968 tradidit
1654 2916 1721 2970 M.
1744 2917 1995 2967 Antonius
2013 2951 2027 2976 ‚
2058 2911 2275 2974 Philipp.
2306 2910 2358 2967 2,

1356 2986 1729 3121 Οῃῗὸἐέιξίιιε,
1750 3054 2059 3102 decumanus
2079 3044 2359 3111 improbae,

1422 3125 1573 3174 Verr.
1596 3127 1819 3173 accusat.
1844 3120 1893 3175 3,
1914 3117 1999 3180 43,
2024 3115 2140 3165 102.

1355 3207 1421 3259 L.
1468 3203 1738 3273 Sergius,
1793 3205 1959 3254 scriba
2008 3199 2261 3252 Ciceronis
2309 3199 2361 3247 iu

1427 3285 1699 3337 quaestura
1728 3271 2007 3332 Siciliensi,
2040 3271 2185 3322 Verr.
2214 3282 2337 3318 accu

1426 3351 1523 3393 sat.
1548 3343 1599 3402 3,
1624 3343 1709 3405 78,
1736 3341 1853 3393 182.

1357 3411 1421 3462 Ia.
1448 3409 1713 3480 Sergius,
1741 3413 1963 3477 armiger
1993 3407 2265 3466 Catilinae,
2299 3406 2359 3453 de

1426 3483 1580 3532 domo
1602 3497 1695 3531 sua
1713 3481 1763 3542 5,
1788 3479 1869 3534 13.
1907 3481 1981 3530 lb.
2009 3478 2095 3538 33,
2112 3475 2199 3528 89.
