2500 3850
493 180 904 227 PHARNACES
952 202 1025 209 —-
1064 180 1602 227 PHILADELPHUS
1637 179 1912 227 ANNIUS.

142 338 147 345 '
222 354 317 389 non
346 338 501 387 modo
528 337 786 401 prudens,
816 350 993 385 verum
1014 336 1166 384 etiam

223 409 468 466 curiosus,
486 408 552 455 ad
567 405 689 453 fam.
708 405 756 465 3,
774 405 821 464 1,
837 405 885 456 1.
900 403 1095 464 Ib.3,6,
1115 404 1161 457 1.

164 476 481 528 Pharnaces
500 511 514 537 ,
536 512 543 517 .
567 473 871 522 Mithridatis
922 472 1057 521 filius
1098 498 1163 509 -

224 545 379 595 Nemo
435 543 741 593 Pharnacem
797 542 951 591 Asiae
1008 548 1166 591 terro-

220 630 321 663 rem
368 612 630 661 illaturum
666 618 891 675 putaret,
936 609 1003 659 ad
1042 611 1161 659 fam.

222 683 311 745 15,
342 680 425 740 15,
450 682 502 729 2.
529 708 599 717 --
618 680 884 729 Deiotarus
905 695 1020 727 cum
1041 679 1167 729 Cae-

222 762 331 799 sare
350 752 404 797 in
419 750 531 798 acie
543 757 714 798 contra
726 749 1035 797 Pharnacem
1054 748 1166 810 fuit,

220 835 313 884 pro
324 818 490 867 Deiot.
505 817 555 879 5,
573 818 654 868 14.
665 817 886 865 ——Multa
899 818 1168 868 Gaesarem

224 890 279 937 in
301 888 428 936 Asia
451 886 683 935 dicuntur
707 886 921 947 morari,
948 888 1167 935 maxime

222 957 506 1004 Pharnaces
541 970 589 1003 a.
624 972 673 1006 u.
706 971 747 1007 c.
782 953 931 1017 707.,
962 955 1026 1003 ad
1061 956 1161 1004 Att.

226 1024 413 1085 11,-21,
434 1026 485 1073 2.
531 1025 602 1072 lb.
629 1024 709 1086 11,
739 1024 823 1085 22,
848 1026 895 1073 2.
920 1050 989 1059 --
1009 1022 1165 1071 Phar-

222 1108 371 1141 naces
392 1094 623 1141 devictus
645 1107 673 1141 a
691 1091 921 1152 Caesare,
938 1092 1160 1157 Philipp.

228 1163 306 1223 14,
334 1163 385 1224 8,
409 1160 493 1210 23.

154 1229 471 1281 Pharnaces
490 1266 505 1291 ‚
552 1245 729 1279 servus
781 1230 1017 1279 librarius
1031 1267 1047 1291 ,
1099 1230 1166 1281 ad

223 1302 325 1347 Att.
350 1298 431 1356 13,
456 1298 539 1358 30,
565 1301 615 1348 2.
650 1299 722 1347 Ib.
748 1298 829 1357 13,
850 1301 937 1359 44,
962 1298 1011 1349 3.

153 1362 485 1418 Pharsalica
506 1382 679 1433 pugna
706 1368 1163 1430 calamitosissima,

219 1437 444 1499 Philipp.
480 1436 573 1497 14,
596 1436 658 1497 8,
682 1436 765 1485 23.
789 1464 859 1472 ——
876 1436 1065 1485 Eadem
1096 1438 1165 1485 in-

223 1505 468 1569 telligitur
498 1504 563 1553 ad
598 1504 719 1557 fam.
764 1504 857 1563 15,
894 1506 984 1566 15,
1010 1506 1059 1556 2.
1096 1504 1163 1554 cf.

224 1576 285 1623 de
307 1574 463 1623 divin.
490 1574 536 1632 1,
560 1572 645 1633 32,
666 1572 750 1625 68.
778 1575 851 1627 lb.
872 1574 923 1633 2,
944 1572 1027 1632 55,
1047 1574 1162 1623 114.

222 1659 315 1707 pro
342 1643 511 1707 Ligar.
536 1641 585 1705 3,
607 1641 657 1692 9.

149 1708 441 1773 Phaselis,
487 1712 667 1760 civitas
684 1748 698 1771 ,
738 1726 890 1773 quam
938 1713 1073 1777 cepit
1109 1713 1161 1765 P.

223 1780 468 1830 Servilius
516 1781 669 1829 Vatia
716 1780 997 1841 Isauricus,
1027 1808 1033 1814 ·
1054 1796 1166 1830 cum

225 1848 469 1898 Cilicibus
511 1854 559 1896 et
590 1850 957 1913 praedonibUS,
996 1851 1165 1915 primo

216 1918 551 1978 commercia,
590 1919 775 1969 deinde
812 1921 963 1970 etiam
1001 1921 1164 1970 socie-

218 1993 321 2037 tate
357 1989 654 2047 coniuncta,
688 1990 830 2040 Verr.
862 1999 1082 2040 accusat.
1114 1992 1164 2050 4,

223 2057 313 2118 10,
341 2057 427 2106 21.
466 2081 536 2092 -—
566 2057 875 2107 Phaselitum
907 2075 1060 2126 ager,
1103 2060 1165 2108 de

222 2124 336 2190 lege
363 2139 474 2190 agr.
504 2127 555 2183 2,
579 2124 661 2186 19,
684 2125 769 2176 50.

146 2193 426 2256 Phatnae,
444 2193 609 2255 sidus,
622 2201 887 2258 prognost.
905 2198 959 2247 2.
980 2197 1163 2262 fragm.

146 2329 423 2382 Phemius
439 2367 453 2386 ,
476 2331 721 2390 musicus,
742 2337 797 2380 ut
815 2333 1031 2397 videtur,
1056 2349 1165 2384 cor-

218 2403 367 2451 nicen
393 2397 686 2449 Graeculus.
705 2400 993 2451 ——Phemio
1016 2418 1166 2465 quae-

216 2473 346 2532 ritur
366 2465 561 2532 κέρας,
592 2468 659 2516 ad
677 2467 782 2516 Att.
808 2470 866 2530 5,
892 2469 988 2534 20,
1026 2470 1076 2520 9.
1097 2498 1167 2508 —-

210 2538 425 2588 Phemio
460 2537 734 2600 dispiciam
764 2533 959 2602 κέρας,
999 2540 1073 2589 Ib.
1112 2540 1164 2604 5,

214 2607 279 2656 21
297 2643 313 2671 ,
336 2607 390 2658 9.
409 2631 480 2642 —-
500 2601 686 2670 Κέρας
711 2605 921 2657 Phemio
952 2609 1163 2658 manda-

212 2683 326 2724 tum
349 2682 452 2724 est:
478 2676 775 2739 reperietur,
797 2677 949 2728 modo
971 2678 1163 2740 aliquid

214 2743 305 2794 illo
328 2744 540 2808 dignum
567 2751 745 2804 canat,
765 2747 838 2799 lb.
867 2745 917 2811 6,
945 2748 991 2807 1,
1019 2746 1098 2797 13.

144 2811 476 2864 Pheneatae
490 2849 504 2876 ,
518 2813 720 2867 ,incolae
740 2815 957 2879 Phenei,
984 2817 1161 2882 oppidi

214 2882 490 2941 Arcadiae,
511 2882 680 2932 colunt
692 2883 994 2935 Mercurium
1015 2887 1161 2949 quin-

216 2961 357 3011 tum,
381 2951 445 3000 de
464 2966 513 3001 n.
538 2952 587 3000 d.
614 2950 661 3006 3.
686 2954 769 3012 22,
792 2953 875 3004 56.

142 3017 373 3070 Pherae
388 3055 402 3082 ,
422 3022 545 3070 urbs
564 3020 883 3084 Thessaliae,
913 3025 1157 3073 Aristote-

212 3089 283 3138 lis
302 3097 529 3154 tempore
551 3090 823 3140 admodum
849 3093 1034 3142 nobilis
1049 3129 1063 3152 ,
1096 3093 1158 3141 ab

212 3158 511 3207 Alexandro
532 3165 741 3224 tyranno
771 3160 967 3210 erudeli
996 3163 1159 3210 domi·

212 3234 337 3276 natu
357 3228 638 3292 tenebatur,
654 3229 717 3278 de
732 3229 887 3278 divin.
907 3230 957 3290 1,
972 3232 1056 3290 25,
1072 3229 1155 3280 53.

136 3293 394 3346 Pheraei
413 3296 467 3345 in
484 3295 769 3365 Thessalia,
791 3299 856 3348 de
874 3291 977 3348 inv.
1001 3301 1051 3362 2,
1072 3299 1158 3362 49,

136 3429 522 3484 Pherecrates
537 3470 552 3499 ,
578 3433 844 3485 ‘Phthiota
888 3448 1045 3484 senex
1062 3469 1076 3497 ,
1130 3448 1159 3482 a

286 3517 503 3554 cmi-2130.

2121 166 2245 229 289

1308 333 1613 383 Deucalione
1635 341 1770 383 ortus
1784 370 1797 392 ‚
1821 336 2076 384 disserens
2100 334 2247 383 indu·

1308 405 1435 452 citur
1453 415 1484 450 a
1506 402 1813 453 Dicaearcho
1838 405 1889 452 in
1907 403 2033 452 libro
2055 404 2118 452 de
2138 405 2250 453 ani-

1310 487 1390 520 mo
1407 508 1420 529 ‚
1441 471 1647 521 Tuscul.
1676 470 1722 530 l,
1745 469 1827 532 10,
1855 472 1940 521 21.

1238 538 1595 606 Pherecydes
1617 540 1809 605 Syrius,
1832 554 1894 589 ex
1911 540 2080 589 insula
2098 540 2245 608 Syro,

1308 610 1624 675 Pythagorae
1660 610 1932 675 magister,
1982 624 2135 671 quum
2171 612 2247 659 vi-

1310 680 1469 728 disset
1518 678 1748 726 haustam
1801 692 1985 740 aquam
2035 680 2097 727 de
2138 679 2248 745 iugi

1309 756 1480 813 pute0,
1493 754 1656 796 terrae
1677 756 1868 796 motum
1890 747 2022 795 dixit
2040 749 2247 808 instare,

1311 818 1373 867 de
1395 817 1554 865 divin.
1582 816 1638 875 1,
1667 816 1766 877 50,
1805 815 1920 865 112.
1962 816 2033 864 lb.
2069 816 2128 875 2,
2163 815 2246 881 13,

1307 885 1392 936 31.
1413 910 1486 922 —-
1505 884 1822 951 Pherecydes
1849 884 2025 949 Syrius
2049 886 2248 949 primus

1309 954 1437 1003 dixit
1464 954 1660 1002 animos
1690 953 1950 1004 hominum
1980 968 2094 1003 esse
2113 970 2248 1003 sem-

1305 1025 1550 1087 piternae,
1573 1025 1808 1087 antiquus
1829 1034 1976 1072 sane:
2001 1023 2094 1071 fuit
2111 1025 2247 1074 enim

1305 1099 1545 1157 regnante
1567 1090 1712 1141 Serv.
1737 1092 1902 1141 Tullio
1920 1130 1935 1153 ,
1964 1091 2170 1143 Tuscul.
2194 1094 2244 1155 1,

1311 1160 1389 1221 16,
1421 1160 1504 1212 38.

1234 1227 1592 1296 Pherecydes
1611 1266 1625 1293 ,
1674 1230 1948 1279 historicus
2003 1230 2242 1289 GraecuS,

1306 1300 1440 1347 eirca
1459 1298 1664 1361 Olymp.
1699 1298 1783 1348 75.
1819 1298 1892 1347 De
1925 1300 2032 1347 eius
2061 1314 2244 1362 genere

1306 1368 1594 1429 scribendi,
1623 1368 1686 1415 de
1719 1374 1844 1415 orat.
1869 1369 1919 1429 2,
1943 1367 2024 1426 12,
2055 1367 2137 1417 53.

1233 1434 1470 1495 Pheres,
1489 1435 1717 1485 conditor
1728 1434 2016 1493 Pherarum,
2037 1435 2102 1483 ad
2119 1434 2240 1487 farn.

1307 1503 1358 1567 9,
1381 1505 1466 1564 22,
1501 1508 1545 1551 l.

1237 1569 1566 1623 Pheriones.
1593 1600 1663 1609 —-
1689 1571 1995 1621 Pherionum
2017 1588 2124 1621 mos
2148 1572 2246 1621 Pu-

1308 1641 1568 1704 teolanus,
1591 1643 1657 1691 ad
1683 1641 1785 1692 Aa.
1813 1642 1892 1705 14,
1921 1642 2000 1702 14,
2027 1642 2074 1691 1.

1236 1706 1472 1763 Phidias
1496 1747 1510 1774 ,
1584 1712 1898 1760 clarissimus
1975 1712 2245 1760 statuarius

1307 1779 1660 1843 Atheniensis,
1701 1782 1787 1843 qui
1831 1780 1998 1829 floruit
2040 1780 2240 1845 Olymp.

1307 1848 1393 1900 84.
1434 1849 1556 1898 Eius
1589 1850 1888 1899 admiranda
1911 1864 2066 1913 opera
2088 1848 2246 1897 Athe·

1306 1918 1416 1981 niS,
1452 1918 1514 1967 de
1542 1935 1584 1967 r.
1619 1935 1670 1984 p.
1703 1917 1766 1978 3,
1797 1917 1896 1982 32,
1927 1920 2012 1970 44.
2034 1918 2243 1966 —Eius

1303 1987 1534 2051 Iuppiter
1553 1987 1845 2053 Olympius,
1875 1995 2000 2040 orat.
2022 1990 2054 2039 2
2070 2024 2082 2046 ,
2105 1987 2154 2036 5.
2181 2011 2245 2022 —-

1303 2055 1517 2108 Phidiae
1537 2055 1820 2107 simulacris
1840 2055 1965 2104 nihil
1985 2057 2036 2105 in
2056 2056 2141 2106 illo
2156 2071 2245 2120 ge-

1305 2140 1426 2174 nere
1445 2126 1742 2190 perfectiiiS,
1773 2126 1845 2175 lb.
1876 2128 1907 2175 2
1923 2161 1936 2187 ,
1965 2125 2015 2176 8.
2036 2153 2105 2163 —-
2124 2125 2245 2175 Phi-

1305 2195 1416 2244 dias
1453 2195 1706 2245 Minervae
1738 2196 1942 2260 signum
1971 2195 2142 2254 finxit,
2181 2195 2245 2244 de

1307 2269 1432 2313 orat.
1469 2265 1529 2325 2,
1563 2265 1656 2326 17,
1688 2265 1772 2316 73.
1801 2289 1870 2300 ·—-
1889 2265 2144 2314 Minervae
2172 2264 2244 2312 si-

1310 2347 1466 2398 gnum
1487 2349 1551 2382 ex
1578 2335 1728 2382 ebore
1756 2333 2152 2396 pulcherrimum
2179 2333 2240 2380 ab

1309 2417 1368 2449 eo
1390 2401 1603 2462 factum,
1624 2401 1765 2450 Brut.
1790 2399 1872 2460 73,
1899 2401 2018 2449 257.
2039 2427 2110 2436 —-
2125 2398 2244 2448 Phi-

1308 2470 1423 2518 diae
1459 2471 1707 2533 Minerva,
1756 2469 1930 2533 parad.
1970 2484 2046 2533 pr.
2086 2469 2135 2518 5.
2174 2495 2244 2505 —-

1305 2537 1514 2588 Phidias
1548 2539 1626 2588 sui
1659 2538 1874 2587 similem
1905 2538 2128 2602 speciem
2164 2539 2242 2586 in-

1305 2607 1455 2656 clusit
1501 2611 1552 2658 in
1587 2607 1748 2673 clipeo
1780 2608 2060 2667 Minervae,
2088 2622 2242 2671 quum

1305 2676 1579 2728 inscribere
1606 2683 1716 2726 non'
1733 2677 1932 2731 liceret,
1963 2677 2167 2726 Tuscul.
2194 2677 2240 2738 1,

1307 2746 1369 2795 15
1385 2783 1398 2806 ,
1420 2745 1504 2802 34,
1550 2747 1614 2797 cl.
1639 2753 1762 2798 orat.
1787 2747 1849 2798 71
1869 2783 1881 2807 ,
1905 2747 2022 2798 234.
2046 2775 2114 2783 —-
2134 2747 2240 2796 Me-

1302 2823 1524 2866 moratur
1552 2816 1756 2866 Phidias
1791 2817 1941 2865 etiam
1974 2817 2131 2867 Acad.
2155 2833 2235 2882 pr.

1299 2886 1350 2946 2,
1371 2886 1458 3004 ‘g’
1481 2885 1598 3005 ἔ1346.
1641 2887 1703 2936 de
1720 2886 1803 2936 fin.
1829 2887 1878 2950 2,
1901 2884 1984 2949 34,
2011 2886 2126 2936 115.
2164 2887 2236 2934 Ib.

1228 3019 1541 3088 Phidippus
1579 3025 1834 3084 medicuS,
1873 3035 2052 3070 servus
2090 3021 2240 3070 Deio-

1300 3093 1394 3139 tari
1415 3128 1428 3150 ,
1453 3107 1544 3156 pro
1565 3092 1724 3140 Deiot.
1746 3090 1796 3142 6.
1826 3089 1908 3140 17.

1229 3156 1505 3209 Phiditia.
1544 3162 1606 3206 V.
1627 3154 1884 3208 Philitia.

1229 3225 1641 3290 Philadelphus
1682 3225 1860 3285 Attici,
1911 3224 1977 3273 ad
2027 3223 2132 3275 ΑΗ.
2187 3223 2236 3284 1,

1229 3359 1640 3427 Philadelphus
1661 3358 1892 3422 Annius,
1913 3359 2130 3422 Philipp.
2153 3359 2236 3422 13,

1301 3433 1387 3488 12,
1409 3433 1492 3484 26.
1528 3432 1592 3484 V.
1625 3429 1684 3480 C.
1709 3428 1921 3480 Annius
1946 3426 2188 3480 Cimber.
