2500 3850
249 200 382 264 CN.
409 214 498 259 ΕΤ
523 214 587 272 Q.
618 197 870 283 (sams.)
903 212 1095 259 CAEP.
1113 236 1193 245 -
1213 212 1279 272 Q.
1308 195 1567 282 (SERV.)
1594 212 1787 259 CAEP.
1810 212 2097 263 saurus.
2144 204 2259 265 361

189 368 290 419 Cn.
313 367 441 432 etQ.
458 357 736 434 (Servilii)
754 366 1084 433 Caepiones.
1108 368 1190 419 Ci-¹

256 452 346 488 ves
369 436 454 489 Cn.
475 445 522 485 et
547 436 604 495 Q.
621 438 978 501 Caepionibus,
993 438 1051 492 L.
1069 436 1187 495 etQ.
1249 431 1256 440 ’

254 504 468 555 Metellis
487 506 701 555 testibus
721 507 772 553 in
792 505 850 565 Q.
871 506 1186 571 Pompeium,

253 576 508 625 hominem
549 589 737 623 novum
753 611 767 635 ,
815 588 916 623 non
963 576 1190 625 credide-

253 652 393 703 runt,
421 658 516 707 pro
541 644 686 694 Font.
712 644 771 703 7,
807 642 888 697 13.
921 670 992 681 -—-
1019 642 1107 693 Cn.
1143 650 1191 693 et

256 714 314 771 Q.
332 712 608 777 Caepiones
625 712 836 761 multum
850 712 1057 762 clientes
1071 727 1188 762 cou-

252 782 366 829 silio
405 788 452 831 et
488 780 692 846 lingua,
740 781 858 844 plus
895 782 1190 832 auctoritate

250 859 416 899 tamen
437 857 485 897 et
504 850 669 913 gratia
689 850 1034 910 sublevabant,
1049 850 1186 899 Brut.

252 920 338 979 25,
357 918 444 972 97.
487 919 550 967 cl.
575 926 701 972 orat.
724 918 809 978 48,
837 918 952 971 160.

184 988 284 1039 Cn.
317 983 589 1037 Servilius
624 984 832 1052 Caepio
869 988 1044 1037 consul
1076 1003 1188 1037 cum

251 1057 310 1116 Q.
336 1055 523 1105 Marcio
548 1056 788 1121 Philippo
821 1072 868 1109 a.
902 1072 952 1105 u.
975 1072 1018 1105 c.
1043 1056 1182 1119 585„

253 1126 388 1177 Brut.
413 1124 496 1182 20,
521 1126 606 1177 78.

182 1194 280 1245 Cn.
303 1191 576 1245 Servilius
603 1191 810 1258 Caepio
825 1229 840 1256 ,
866 1208 970 1245 cos,
991 1208 1042 1247 a.
1063 1210 1114 1243 ιι.
1133 1210 1182 1254 c.

248 1261 390 1322 613„
411 1262 478 1311 ad
494 1265 598 1316 Att.
625 1263 704 1321 12,
727 1266 776 1326 5,
800 1262 849 1316 3.
867 1286 932 1299 --
952 1263 1013 1311 Ei
1033 1276 1187 1325 quae-

249 1332 345 1381 stio
368 1332 570 1381 decreta
589 1334 732 1380 estin
753 1331 813 1379 L.
835 1330 1102 1389 Tubulum,
1125 1332 1186 1379 de

251 1402 337 1447 fin.
358 1402 418 1458 2,
457 1398 542 1461 16,
573 1400 657 1448 54.
679 1426 745 1434 ———
769 1398 958 1447 Censor
983 1414 1030 1449 a.
1063 1415 1113 1450 ιι.
1140 1414 1183 1448 c.

250 1466 399 1523 628..
425 1468 564 1515 Verr.
589 1474 807 1515 accusat.
833 1466 881 1527 1,
908 1466 994 1527 55,
1015 1465 1131 1516 143.

183 1536 283 1587 Cn.
307 1532 582 1586 Servilius
605 1532 833 1600 Caepio.
865 1534 986 1583 Vult
1007 1534 1189 1584 certior

249 1597 359 1654 fieri
379 1604 552 1654 Cicero
566 1637 581 1665 ,
605 1602 692 1653 Cn.
715 1602 920 1669 Caepio,
941 1602 1188 1653 Serviliae

236 1672 450 1723 'Claudii
483 1683 656 1737 pater,
694 1673 878 1721 vivone
915 1680 1059 1737 patre
1095 1686 1186 1722 suo

250 1740 514 1805 naufragio
540 1740 745 1805 perierit
773 1754 836 1789 an
867 1748 1091 1800 mortuo,
1123 1740 1189 1789 ad

248 1814 355 1863 Αιι.
382 1810 463 1869 12,
489 1809 572 1873 20,
595 1811 644 1858 2.

181 1881 252 1947 0.
275 1874 548 1930 Servilius
573 1876 782 1944 Caepio
801 1878 977 1928 consul
998 1893 1111 1928 cum
1127 1879 1184 1930 G.

249 1948 422 1999 Laelio
443 1963 490 1998 a.
513 1963 564 2000 u.
588 1964 631 1997 c.
655 1948 796 2008 614.,
813 1946 950 1998 Brut.
963 1945 1048 2008 43,
1065 1947 1182 1998 161.

181 2020 251 2085 0.
281 2014 558 2068 Servilius
592 2014 800 2094 Caepio
832 2032 934 2070 cos.
973 2031 1021 2070 a.
1057 2032 1104 2066 u.
1138 2033 1180 2069 c.

250 2085 364 2138 648.
386 2086 464 2136 vir
483 2101 598 2135 acer
616 2095 664 2135 et
682 2081 857 2146 fortis,
879 2086 962 2134 cui
987 2085 1187 2135 fortuna

251 2156 368 2206 belli
404 2153 694 2218 (Cimbrici)
726 2155 954 2214 crimini,
991 2155 1186 2204 invidia

249 2223 424 2289 populi
456 2223 739 2272 aNorbano
773 2223 826 2271 in
864 2237 979 2272 eum
1017 2224 1185 2272 conci-

248 2301 352 2341 tata
373 2291 643 2340 calamitati
669 2291 783 2340 fuit.
820 2289 1096 2340 Damnatus
1123 2292 1185 2341 de

247 2359 480 2425 pecuniis
507 2359 798 2424 repetundis
828 2359 1070 2424 Smyrnae
1097 2375 1188 2408 ex-

251 2427 331 2480 sul
351 2429 496 2476 vixit.
520 2454 585 2464 -
612 2429 668 2476 In
691 2442 901 2478 numero
933 2435 1009 2476 est
1039 2427 1185 2476 habi·

247 2508 328 2545 tus
347 2497 674 2556 disertorum,
704 2495 842 2552 Brut.
863 2495 955 2556 35,
982 2495 1096 2547 135.
1118 2523 1188 2534 -

250 2565 520 2630 Caepionis
550 2565 632 2614 lex
663 2564 955 2624 iudiciaria,
987 2565 1052 2614 de
1078 2567 1182 2616 inv.

251 2637 307 2698 1,
329 2633 427 2696 49,
447 2633 530 2684 92.
550 2659 622 2670 -
641 2633 700 2692 Q.
735 2632 980 2684 Servilius
1001 2632 1186 2698 Caepio

249 2669 455 2766 diripuit
473 2701 782 2752 Tolosanum
811 2717 1018 2767 aurum,
1049 2703 1112 2752 de
1131 2717 1182 2751 n.

249 2774 300 2822 d.
319 2773 378 2832 3,
399 2769 494 2832 30,
513 2773 598 2822 74.
625 2799 690 2807 --
709 2771 998 2821 Exercitum
1019 2765 1186 2821 amisit

247 2839 540 2891 adversust]
545 2841 734 2890 imbros
757 2855 992 2906 pugnans
1013 2855 1058 2890 a.
1071 2856 1122 2888 u.
1138 2856 1181 2888 c.

248 2909 366 2960 649.
386 2946 399 2968 ,
421 2910 482 2958 de
508 2917 632 2962 orat.
655 2910 708 2969 2,
729 2908 814 2968 28,
841 2911 957 2960 124.
979 2937 1043 2946 —-
1064 2909 1184 2958 Eius

247 2979 476 3028 defensio
501 2978 568 3027 ad
593 2979 823 3028 tribunos
844 2978 914 3043 pl.
937 2979 1000 3026 de
1031 2979 1184 3027 amis-

245 3049 386 3096 sione
401 3049 672 3106 exercitus,
694 3047 760 3096 ad
779 3047 894 3096 Her.
920 3046 968 3107 1,
993 3046 1074 3106 14,
1095 3049 1180 3098 24.

247 3143 310 3153 --
341 3115 527 3180 Caepio
553 3115 893 3166 turbulentius
917 3119 1182 3166 accusatus

244 3199 273 3233 a
295 3183 352 3236 C.
375 3185 526 3235 Vibio
547 3185 780 3235 Norbano
795 3222 809 3245 ‚
832 3191 964 3250 part.
989 3200 1065 3237 or.
1093 3183 1179 3245 30,

247 3251 362 3302 105.
411 3280 477 3290 —
523 3253 583 3310 Q.
624 3253 808 3318 Caepio
847 3260 1114 3302 accusatus
1153 3268 1183 3301 a

246 3319 504 3379 Norbano,
553 3321 784 3370 laudatus
832 3337 863 3370 a
907 3321 962 3369 L.
1003 3319 1182 3369 Crasso

246 3396 458 3449 oratore,
480 3396 596 3438 tunc
615 3390 821 3440 consule
841 3405 886 3438 a.
907 3405 958 3438 u.
979 3406 1024 3438 c.
1040 3387 1180 3447 659„

238 3457 378 3506 Brut.
399 3459 485 3516 44,
509 3457 623 3506 162.
641 3457 1002 3508 -Crudelitas
1027 3457 1183 3505 tribu-

1330 368 1465 417 nicia
1484 367 1533 416 in
1556 367 1822 432 Caepionis
1840 370 1980 435 gravi
2008 372 2271 423 miserabi-

1330 437 1467 499 lique
1486 450 1607 486 casu
1621 471 1634 497 ,
1659 437 1723 485 de
1743 449 1871 489 orat.
1892 439 1940 498 2,
1962 439 2047 499 47,
2068 440 2182 490 197.
2198 466 2273 478 -

1328 505 1633 565 Damnatus,
1673 506 1819 569 exsul
1858 505 2101 571 Smyrnae
2144 511 2269 559 vixit

1332 575 1541 637 eiusque
1574 575 1790 626 civitatis
1825 574 1989 625 factus
2022 584 2096 625 est
2120 579 2269 639 civia,

1328 657 1421 708 pro
1433 642 1591 693 Balbo
1609 642 1689 705 11,
1705 642 1788 694 28.
1810 644 1872 693 cl.
1886 643 2039 695 Tusc.
2054 645 2272 713 5,5,14.

1264 711 1332 776 0.
1366 710 1642 763 Servilius
1677 710 1884 777 Caepio
1923 721 2159 775 quaestor
2185 730 2270 764 ur-

1332 782 1491 830 banus
1520 796 1569 832 a.
1590 796 1639 829 u.
1671 794 1722 830 c.·
1742 780 1862 832 654.
1891 807 1957 817 -
1982 782 2041 841 Q.
2065 781 2270 849 CaepiO,

1329 848 1467 914 quod
1489 858 1726 912 quaestor
1752 850 1974 900 urbanus
2004 850 2063 901 L.
2096 849 2275 901 Satur-

1328 919 1447 967 nino
1482 918 1649 984 legem
1680 918 2059 969 frumentariam
2097 928 2277 971 contra.

1328 987 1539 1037 salutem
1576 988 1651 1037 rei
1693 987 1833 1053 publ.
1888 987 2069 1037 ferenti
2120 990 2275 1040 resti-

1327 1063 1481 1117 terat,
1532 1058 1805 1107 arcessitur
1848 1058 2153 1123 maiestatis,
2202 1058 2269 1108 ad

1326 1125 1441 1175 Her·
1476 1124 1501 1175 1
1522 1161 1536 1187 ,
1574 1126 1665 1187 12,
1699 1126 1782 1177 21.
1816 1152 1882 1161 —-
1908 1126 1953 1175 A
1974 1126 2035 1176 Τ.
2059 1126 2275 1179 Betucie

1327 1194 1483 1243 Barro
1509 1195 1763 1243 Aseulano
1796 1202 2062 1245 accusatus
2093 1195 2270 1245 defen-

1330 1263 1403 1312 dit.
1421 1278 1475 1311 se
1505 1265 1731 1313 oratione
1758 1277 1789 1310 a
1812 1262 1872 1315 L.
1896 1264 2041 1314 Aelio
2060 1266 2272 1329 scripta,

1332 1333 1467 1383 Brut.
1491 1330 1577 1392 46,
1606 1330 1721 1382 169.
1759 1332 1831 1380 Ib.
1857 1330 1943 1395 56,
1962 1332 2086 1382 207.
2113 1359 2180 1369 --
2197 1333 2262 1381 M.

1328 1399 1477 1447 Drusi
1508 1399 1695 1448 tribuni
1719 1399 1791 1464 pl.
1820 1414 1867 1451 a.
1888 1414 1939 1447 u.
1964 1414 2008 1447 c.
2034 1398 2152 1450 663.
2176 1402 2271 1449 ini-

1328 1467 1515 1529 micuS,
1546 1468 1629 1517 cui
1660 1476 1807 1517 antea
1839 1466 1966 1516 adeo
1998 1466 2161 1516 fuerat
2192 1468 2269 1517 fa-

1326 1534 1565 1599 miliaris,
1590 1542 1646 1585 ut
1668 1536 2041 1585 matrimonium
2072 1552 2186 1585 cum
2210 1552 2270 1587 eo

1327 1605 1724 1655 commutaverit.
1751 1630 1820 1643 -
1848 1603 2012 1653 Nimis
2046 1608 2271 1668 equestri

1328 1673 1496 1724 ordini
1522 1673 1723 1722 deditus
1758 1689 1789 1723 a
1822 1680 2000 1725 senatu
2036 1674 2269 1733 dissedit,

1326 1742 1464 1791 Brut.
1504 1741 1600 1805 62,
1640 1742 1760 1793 223.
1800 1768 1869 1778 —-
1907 1742 1970 1791 Ei
2016 1744 2269 1793 orationes

1328 1812 1534 1875 scripsit
1550 1810 1607 1858 L.
1630 1810 1807 1860 Aelius
1823 1847 1836 1871 ,
1861 1812 1933 1862 ib.
1958 1811 2040 1873 56,
2062 1812 2185 1863 206.
2200 1838 2273 1848 -·

1328 1880 1389 1939 Q.
1420 1878 1662 1930 Servilius
1683 1877 1872 1945 Caepio
1904 1880 1970 1928 M.
1991 1880 2268 1932 Aemilium

1324 1947 1568 1999 Scaurum
1599 1956 1794 2013 patrem
1828 1964 1967 1999 reum
1999 1949 2120 2001 fecit
2156 1951 2273 2018 lege

1326 2017 1572 2082 Servilia,
1605 2031 1698 2081 pro
1724 2017 1914 2068 Scauro
1939 2019 2192 2078 1,2.1b‘.
2214 2025 2273 2102 2,

1324 2087 1409 2138 45.
1436 2085 1486 2138 Ιι.
1508 2085 1657 2144 ——Q.
1678 2084 1924 2136 Servilius
1941 2086 2147 2154 Caepio,
2170 2091 2271 2138 ini-

1324 2156 1487 2205 micus
1519 2155 1585 2204 M.
1612 2154 1745 2206 Livii
1768 2155 1944 2216 Drusi,
1974 2159 2166 2208 tribuni
2194 2159 2265 2223 pl.

1327 2239 1373 2278 a.
1392 2241 1441 2276 ιι.
1454 2239 1497 2272 c.
1520 2222 1661 2284 663.,
1682 2224 1747 2274 de
1765 2225 1915 2274 domo
1934 2225 2128 2286 sua46,
2146 2226 2269 2276 120.

1326 2323 1390 2332 —-
1411 2293 1553 2342 Avus
1574 2291 1631 2341 L.
1647 2261 1849 2342 Luculli
1878 2297 2057 2357 pueri,
2091 2265 2153 2344 d'e
2175 2295 2261 2350 fin

1259 2397 1583 2495 (Servilius)
1608 2427 1843 2496 Caepio,
1868 2431 2167 2489 utvidetur,
2193 2429 2261 2480 Μ.

1328 2500 1501 2548 Iunius
1527 2499 1737 2556 Brutus,
1770 2499 1915 2557 adQ.
1940 2497 1999 2546 fr.
2029 2498 2088 2557 1,
2122 2497 2183 2558 3,
2213 2500 2261 2547 7.

1324 2565 1481 2630 v.Q
1506 2563 1782 2616 Servilius
1804 2563 2011 2632 Caepio
2033 2536 2265 2618 Brut'us.

1260 2634 1327 2699 0.
1350 2631 1625 2684 Servilius
1652 2631 1881 2714 Caepio,
1906 2634 2085 2684 adfinis
2110 2637 2267 2702 Appii

1328 2703 1525 2752 Claudii
1560 2701 1758 2767 putori,
1802 2705 1945 2752 cuius
1992 2719 2121 2755 uxor
2158 2711 2265 2757 erat

1324 2771 1567 2832 Servilia,
1591 2773 1655 2820 ad
1675 2772 1796 2821 fam.
1820 2771 1879 2838 3,
1904 2771 1998 2836 10,
2022 2774 2073 2826 2.
2114 2774 2188 2827 lb.
2211 2772 2263 2834 3,

1326 2808 1834 2902 11,1.1b'.3,12,4.

1258 2909 1328 2974 0.
1350 2905 1673 2974 (Servilius)
1707 2905 1917 2973 Caepio
1945 2907 2156 2958 Brutus
2187 2918 2266 2958 est

1324 2978 1389 3028 M.
1406 2979 1580 3027 Iunius
1593 2977 1777 3026 Brutus
1790 2969 2265 3039 τυραννοκτόνος,

1321 3049 1395 3096 ita
1417 3046 1606 3106 dictus,
1629 3046 1746 3106 quia
1772 3061 1801 3094 a
1820 3043 1881 3102 Q.
1905 3041 2118 3093 Servilio
2138 3043 2264 3094 Cae-

1322 3117 1491 3182 piene,
1514 3113 1756 3163 Serviliae
1778 3113 1953 3160 matris
1977 3111 2131 3162 fratre
2149 3128 2267 3178 ger·-

1324 3197 1501 3241 man0,
1534 3183 1803 3244 adoptatus
1826 3180 1989 3230 fuerat
2020 3181 2120 3230 iam
2141 3197 2189 3234 a.
2209 3197 2265 3231 ιι.

1324 3270 1368 3302 c.
1394 3250 1545 3310 695..
1575 3248 1797 3314 Philipp.
1822 3246 1914 3307 10,
1947 3249 2039 3310 11,
2070 3250 2157 3300 25.
2198 3250 2265 3299 ad

1327 3322 1428 3369 Att.
1450 3320 1484 3368 2
1504 3354 1517 3376 ,
1548 3319 1641 3374 24,
1664 3319 1713 3367 2.
1752 3317 1819 3366 ad
1842 3317 1967 3367 fam.
1990 3319 2019 3366 7
2037 3357 2049 3380 ,
2074 3319 2159 3370 21.
2198 3319 2265 3370 ad

1325 3389 1382 3446 Q.
1403 3389 1466 3438 fr.
1494 3387 1551 3446 1,
1574 3386 1696 3444 3‚7.
1739 3385 1907 3436 defin.
1931 3386 1989 3446 3,
2022 3389 2081 3447 2,
2111 3387 2159 3438 8.
2194 3387 2261 3436 V.

1322 3455 1400 3506 M.
1430 3451 1707 3506 Servilius
1729 3451 1957 3520 Caepio.
