2500 3850
256 136 383 202 288

325 307 621 371 turpissime
642 304 772 354 male
791 305 943 367 dixit,
973 306 1035 353 de
1055 320 1106 353 n.
1132 306 1181 357 d.
1209 305 1257 365 1,

257 443 550 495 Phaedrus
573 442 794 494 Platonis
818 480 831 502 ,
862 443 924 492 de
952 449 1074 493 orat.
1120 442 1168 501 1,
1205 442 1257 501 7,

327 515 410 567 28.
454 520 581 562 orat.
602 514 654 573 4,
680 513 757 562 15.
794 512 864 564 1b.
885 511 967 573 12,
980 511 1063 562 29.
1086 511 1150 560 de
1168 510 1253 561 fin.

326 585 376 647 2,
398 584 448 646 2,
468 586 517 632 4.
558 580 763 633 Tuscul‚
793 581 838 643 1,
862 580 946 635 22,
967 579 1053 630 53.
1097 579 1159 628 de
1181 579 1259 628 di-

326 654 432 705 vin.
460 650 505 712 1,
528 649 613 710 37,
635 648 720 699 80.
763 649 824 697 de
846 648 943 713 leg.
970 648 1019 708 2,
1039 647 1091 707 3,
1114 646 1168 699 6.

256 717 546 771 Phaedrus
606 718 932 766 Atheniensis
953 752 968 777 ,
1032 715 1260 781 philoso-

323 789 456 855 phus
483 786 683 835 nobilis.
758 786 881 834 Eius
910 784 1044 834 filius
1082 784 1260 847 Lysia-

329 860 444 917 deS,
480 855 697 919 Philipp.
728 855 777 914 5,
800 854 850 917 5,
886 853 969 905 13.
1004 880 1070 888 —-
1100 852 1263 902 Phae-

328 928 416 975 dro
442 924 675 988 Epicurio
697 922 822 972 nihil
846 922 1147 986 elegantius,
1184 923 1261 971 ni-

323 995 395 1043 hil
440 991 738 1051 humaniue,
777 991 870 1040 sed
908 990 1261 1039 stomachaba-

326 1071 437 1121 tur,
477 1062 522 1108 si
560 1059 684 1121 quid
712 1058 992 1109 adversarii
1028 1060 1260 1121 asperius

327 1132 582 1189 dixerant,
621 1128 684 1175 de
710 1142 760 1178 n.
785 1126 833 1179 d.
860 1128 907 1185 1,
938 1126 1025 1185 33,
1062 1126 1147 1177 93.
1189 1152 1260 1163 —

324 1199 451 1247 Eum
483 1196 675 1245 audivit
699 1194 870 1245 Cicero
887 1231 900 1254 ‚
942 1196 1002 1243 de
1024 1196 1109 1248 fin.
1137 1196 1185 1256 1,
1206 1196 1258 1255 5,

326 1268 411 1318 16.
440 1292 494 1303 -
518 1265 778 1314 Phaedrus
801 1264 1018 1313 moriens
1040 1265 1259 1313 obtesta-

323 1345 405 1386 tus
438 1345 513 1385 est
531 1335 827 1395 Patronem,
866 1348 929 1381 ne
960 1334 1113 1382 aedes
1139 1333 1260 1397 Epi-

327 1407 435 1455 curi
462 1403 672 1454 alienari
706 1404 908 1462 sineret,
936 1403 1000 1451 ad
1028 1403 1149 1452 fam.
1177 1400 1257 1467 13,

328 1476 377 1538 1,
399 1477 449 1527 2,
483 1500 551 1513 —
576 1473 703 1521 Eum
732 1474 882 1521 unice
903 1471 1148 1537 diligebat
1170 1472 1262 1519 At-

325 1544 485 1603 ticae,
517 1543 581 1591 de
601 1540 688 1590 fin.
718 1542 767 1600 5,
793 1542 839 1601 1,
862 1540 911 1591 3.
978 1540 1041 1590 cl.
1068 1541 1131 1589 de
1157 1541 1258 1604 leg.

329 1611 390 1671 1,
431 1611 515 1668 20,
559 1607 641 1659 53.
688 1636 759 1645 —-
787 1610 969 1659 Libros
1007 1604 1262 1673 Φαίδρου

326 1674 455 1742 περὶ
477 1673 589 1725 τῶν
603 1669 901 1733 Παλλάδος
920 1678 1018 1726 sibi
1046 1678 1177 1727 mitti
1197 1678 1261 1726 ab

326 1748 493 1795 Attico
533 1746 641 1794 vult
670 1745 841 1795 Cicero
864 1780 877 1804 ,
927 1746 994 1794 ad
1032 1747 1135 1794 Att.
1177 1745 1258 1806 13,

326 1815 408 1877 39,
442 1816 493 1867 2.

252 1881 553 1936 Phaethon
569 1919 583 1948 ,
620 1880 755 1934 Solis
786 1880 937 1944 filius„
980 1881 1042 1932 de
1062 1895 1112 1932 n.
1136 1881 1184 1931 d.
1206 1880 1259 1943 3,

323 1953 409 2017 31,
451 1954 533 2005 76.
576 1980 639 1988 -
674 1951 932 2002 Phaethon
967 1959 1015 2000 et
1048 1949 1160 2015 Sol,
1196 1950 1260 1999 de

326 2023 411 2074 off.
454 2021 504 2086 3,
540 2023 623 2084 25,
662 2021 749 2072 94.
784 2048 852 2058 -
888 2021 1111 2070 Maestae
1150 2019 1260 2068 eius

324 2105 543 2149 sororeS,
580 2092 723 2140 Arat.
751 2107 801 2142 v.
832 2087 952 2141 391.

253 2153 551 2210 Φαέθων
568 2158 702 2207 Iovis
720 2157 883 2221 stella,
897 2158 960 2206 de
976 2173 1023 2206 n.
1042 2157 1090 2206 d.
1106 2158 1156 2215 2,
1173 2155 1257 2220 20,

250 2293 551 2347 Phaethon
573 2292 633 2353 Q.
657 2293 931 2354 CiceroniS,
955 2294 1023 2344 ad
1045 2293 1105 2354 Q.
1127 2293 1190 2344 fr.
1210 2294 1258 2358 1,

322 2368 375 2430 4,
402 2366 451 2414 4.
492 2365 559 2414 ad
578 2365 679 2417 Att.
712 2363 761 2425 3,
783 2364 834 2425 8,
855 2366 906 2414 2.

256 2431 530 2486 Φαίνων
554 2432 756 2482 Saturni
777 2433 939 2498 stella,
968 2432 1030 2481 de
1044 2447 1094 2480 n.
1118 2432 1171 2484 d.
1204 2434 1254 2495 2,

321 2503 407 2564 20,
438 2504 522 2554 52.

252 2571 563 2623 Phalacrus
580 2570 953 2636 Centuripinum
968 2567 1256 2620 nauarchus

322 2656 353 2690 a
382 2640 543 2689 Verre
576 2647 789 2688 vexatus
807 2676 821 2697 ,
846 2640 994 2688 Verr.
1032 2645 1251 2688 accusat.

318 2707 479 2824 5ὂ30,
507 2704 619 2756 105.
659 2707 730 2758 Ib.
753 2708 805 2771 5,
829 2708 917 2769 44,
948 2704 1063 2756 116.
1102 2707 1175 2755 Ib.
1203 2705 1256 2768 5,

251 2838 514 2894 Phalaris
572 2841 957 2893 crudelissimus
1010 2849 1257 2908 tyrannus

320 2911 797 2978 Agrigentinorum,
838 2912 902 2961 de
928 2927 968 2961 r.
1002 2926 1057 2975 p.
1094 2912 1143 2972 1,
1167 2911 1253 2974 28,

317 2983 403 3031 44.
422 3007 492 3019 ——
510 2979 739 3030 Phalaris
768 2981 985 3030 crudelis
1013 2986 1256 3044 tyrannus

318 3059 370 3099 et
387 3050 639 3112 immanis,
661 3050 725 3099 de
750 3049 836 3098 off.
862 3048 912 3109 3,
934 3048 985 3108 6,
1007 3048 1075 3099 29
1095 3056 1143 3097 et
1163 3047 1250 3098 32.

314 3145 386 3156 —-
435 3119 609 3168 Matris
666 3118 948 3167 Phalaridis
996 3118 1256 3167 somnium

318 3195 574 3237 narratum
610 3188 672 3236 ab
719 3187 988 3237 Heraclide
1025 3185 1251 3246 Pontico,

318 3258 382 3306 de
408 3256 567 3305 divin.
592 3255 619 3304 1
637 3293 651 3317 ,
676 3255 740 3306 23
756 3292 769 3314 ,
790 3254 877 3308 46.
904 3281 969 3292 -
1000 3257 1252 3306 Incertum

318 3331 394 3372 est
442 3322 766 3373 Phalarimne
826 3338 890 3372 an
933 3323 1252 3374 Pisistratum

316 3393 381 3438 sit
404 3391 685 3440 imitaturus
698 3390 882 3442 Caesar
900 3406 948 3444 a.
970 3407 1021 3442 u.
1050 3408 1095 3443 c.
1112 3391 1251 3453 705„

911 150 1281 198 PHAEDRUS
1310 172 1384 181 --
1410 149 1698 199 PHANIA.

1400 306 1466 355 ad
1483 306 1588 353 Att.
1620 305 1650 353 7
1674 342 1687 365 ‚
1712 303 1780 354 20
1799 339 1813 366 ,
1835 302 1899 353 2:
1917 332 1988 341 —
2021 304 2356 355 inclusorum

1396 373 1659 422 hominum
1701 374 1894 437 gemitu
1932 374 2206 437 mugiebat
2237 376 2356 425 eius

1397 450 1589 501 taurus,
1613 441 1675 489 de
1693 457 1733 490 r.
1757 456 1810 505 p.
1841 440 1893 500 3,
1917 440 2004 498 30,
2023 443 2112 489 42.
2155 442 2353 506 fragm.

1397 525 1450 574 p.
1467 508 1587 562 350.
1610 536 1679 545 -
1696 509 1818 559 Eius
1837 517 2030 570 taurus,
2070 525 2173 571 quo
2196 512 2355 560 vivos

1369 576 1642 642 ‘supplicii
1679 592 1833 627 causa
1871 579 2140 627 demittere
2178 578 2356 629 homi-

1397 661 1490 695 nes
1511 658 1560 696 et
1579 646 1830 697 subiicere
1847 647 2106 696 flammam
2121 647 2353 709 solebat,

1401 716 1753 780 Agrigentinis
1772 731 1803 765 a
1823 716 2354 779 Karthaginiensibus

1401 784 1618 839 ablatus,
1639 783 1808 834 deleta
1825 784 2136 848 Karthagine
2155 786 2352 833 iisdem

1400 869 1431 901 a
1469 853 1522 901 P.
1577 852 1814 917 Scipione
1857 853 2100 902 Africano
2145 854 2352 901 minore

1401 922 1631 972 redditus
1651 929 1742 982 est,
1759 921 1904 971 Verr.
1937 929 2161 973 accusat.
2185 924 2238 981 4,
2257 920 2348 981 33,

1401 991 1483 1041 73.
1508 1018 1571 1025 -
1600 990 1722 1038 Eius
1743 998 1948 1053 tauruS,
1985 992 2036 1038 in
2057 990 2234 1039 Pison.
2261 989 2343 1054 18,

1400 1062 1481 1110 42.
1527 1060 1589 1107 de
1614 1059 1700 1110 fin.
1731 1058 1790 1117 5,
1817 1060 1908 1117 28,
1928 1058 2014 1109 85.
2052 1059 2268 1111 Tuscul.
2291 1060 2343 1121 2,

1401 1129 1450 1191 7,
1487 1128 1571 1176 17.
1617 1128 1688 1176 lb.
1711 1126 1762 1186 5,
1793 1126 1879 1187 26,
1900 1128 1986 1180 75.
2025 1152 2098 1164 —-
2141 1126 2220 1175 Te
2245 1142 2347 1177 non

1400 1195 1769 1255 Aristarchum,
1785 1196 1876 1245 sed
1886 1195 2144 1245 Phalarim
2173 1210 2347 1259 gram-

1401 1267 1637 1314 maticum
1676 1264 1955 1323 habemus,
1995 1266 2085 1327 qui
2117 1280 2220 1313 non
2251 1278 2344 1313 nc-

1398 1343 1502 1384 tam
1531 1347 1758 1397 apponas
1793 1335 1858 1383 ad
1894 1332 2082 1387 malum
2111 1348 2341 1392 versum,

1402 1403 1495 1453 sed
1516 1405 1719 1466 poetam
1747 1404 1902 1451 armis
1923 1417 2254 1467 persequare,
2291 1403 2342 1449 in

1399 1472 1572 1521 Pison.
1603 1471 1702 1531 30,
1750 1470 1834 1521 73.
1874 1498 1938 1507 -
1966 1472 2022 1519 In
2063 1470 2340 1533 Phalarim,

1402 1542 1547 1590 cuius
1573 1546 1650 1589 est
1669 1548 1870 1603 praeter
1893 1546 2120 1589 caeteros
2156 1539 2344 1589 nobili-

1399 1616 1502 1657 tata
1549 1608 1820 1658 crudelitas
1843 1645 1857 1668 ,
1903 1609 2145 1658 universa
2187 1609 2340 1673 Agri-

1401 1678 1722 1743 gentinorum
1772 1677 2037 1727 multitudo
2091 1677 2338 1739 impetum

1401 1748 1551 1807 fecit,
1595 1747 1658 1797 de
1687 1746 1774 1796 off.
1797 1748 1848 1807 2,
1876 1746 1924 1804 7,
1946 1744 2031 1795 26.
2053 1772 2120 1781 -
2155 1744 2340 1794 Phala·

1401 1816 1472 1863 ris
1493 1829 1686 1878 poenas
1707 1814 1989 1879 tyrannidis
2011 1813 2234 1879 sustulit,
2275 1814 2336 1863 de

1400 1899 1450 1933 n.
1475 1884 1526 1934 d.
1555 1884 1604 1943 3,
1625 1882 1710 1946 33,
1731 1884 1817 1936 82.
1866 1884 2012 1934 Verr.
2039 1890 2262 1935 accusat.
2287 1882 2335 1945 5,

1399 1952 1484 2014 56,
1513 1953 1628 2005 145.
1670 1955 1731 2002 de
1755 1953 1840 2002 fin.
1861 1955 1912 2013 4,
1934 1952 2020 2008 23,
2037 1950 2127 2002 64.

1333 2014 1793 2089 Φαλαρισμός,
1821 2022 2032 2071 imitatio
2049 2019 2336 2070 Phalaridis

1397 2092 1624 2154 tyranni,
1649 2091 1715 2140 ad
1737 2091 1839 2140 Att.
1861 2091 1909 2149 7,
1934 2091 2016 2147 12,
2040 2089 2090 2141 2.

1329 2173 1658 2240 Phalereus,
1688 2175 1743 2225 id
1767 2185 1861 2238 est,
1901 2175 2185 2224 Demetrius
2208 2175 2336 2224 Pha-

1401 2244 1582 2306 tereus,
1625 2244 1688 2294 de
1709 2245 1808 2310 leg.
1831 2247 1881 2305 2,
1911 2245 1996 2303 25,
2018 2242 2104 2292 64.
2143 2243 2332 2294 V.1)e-

1397 2310 1632 2364 metrias
1656 2311 1983 2363 Phalereus.

1328 2396 1662 2450 Phalericus
1682 2407 1859 2464 portus
1887 2397 2132 2461 Athenis,
2170 2397 2234 2447 de
2251 2397 2330 2446 fin.

1396 2467 1448 2531 5,
1470 2469 1521 2528 2,
1547 2468 1598 2518 5.

1327 2551 1579 2604 Phamea
1599 2553 1836 2616 libertus,
1870 2567 1996 2602 avus
2015 2550 2082 2604 M.
2107 2549 2330 2614 Tigellii‚

1400 2622 1631 2672 dominus
1659 2622 1805 2672 fundi
1823 2619 2095 2680 Lanuvini,
2115 2621 2227 2668 sive
2244 2635 2333 2684 po-

1397 2692 1499 2740 tius
1511 2692 1732 2754 Troiani,
1747 2697 1973 2740 mortuus
1995 2702 2042 2738 a.
2056 2703 2108 2738 u.
2125 2703 2173 2738 c.
2191 2689 2326 2747 705„

1399 2758 1467 2808 ad
1499 2760 1602 2813 Att.
1630 2761 1681 2824 9,
1701 2758 1754 2825 9,
1775 2761 1826 2809 4.
1891 2759 1967 2808 Ib.
1997 2757 2048 2816 9,
2083 2757 2167 2818 13,
2199 2756 2249 2808 6.
2269 2784 2331 2795 -·-—

1397 2827 1520 2876 Eius
1543 2843 1696 2878 causa
1719 2843 1750 2878 a
1770 2827 2009 2877 Cicerone
2029 2832 2268 2889 suscepta
2285 2833 2331 2873 et

1396 2903 1594 2961 postea,
1608 2906 1664 2947 ut
1683 2897 1812 2947 falso
1839 2895 2046 2946 rebatur
2059 2893 2328 2959 Tigellius,

1397 2965 1460 3014 ab
1491 2980 1550 3015 eo
1573 2967 1796 3025 deserta,
1831 2965 1899 3014 ad
1917 2964 2037 3014 fam.
2061 2963 2123 3024 7,
2153 2963 2248 3022 24,
2279 2963 2325 3010 2.

1394 3054 1466 3070 -·-
1498 3033 1638 3088 Eius,
1670 3049 1874 3084 causam
1924 3034 2113 3096 recepit
2162 3037 2329 3081 contra

1395 3117 1580 3167 pueros
1599 3101 1839 3154 Octavios
1869 3102 1956 3152 Cn.
1979 3102 2113 3152 filios
2135 3099 2322 3160 Cicero,

1396 3171 1462 3220 ad
1490 3172 1590 3222 Att.
1621 3171 1720 3233 13,
1749 3171 1849 3233 49,
1879 3171 1928 3222 1.
1969 3199 2033 3208 --
2080 3169 2325 3218 Phameae

1394 3254 1547 3302 cena,
1587 3241 1652 3290 ad
1675 3241 1796 3293 fam.
1819 3240 1871 3301 9,
1894 3238 1976 3298 16,
2003 3239 2054 3290 8.

1324 3320 1561 3387 Phania,
1597 3325 1805 3374 libertus
1823 3309 1982 3389 Appii
2005 3322 2325 3375 ClaudiiPul-

1393 3392 1494 3452 cri,
1526 3391 1591 3440 ad
1619 3392 1739 3442 fam.
1775 3395 1836 3453 2,
1859 3391 1952 3453 13,
1984 3394 2036 3446 2.
2075 3419 2146 3430 -
2169 3394 2322 3444 Homo
