2500 3850
765 141 826 190 c.
849 143 1154 192 nonnus
1174 161 1262 175 —-
1280 145 1344 192 L.
1370 145 1687 196 FLAvms,
2145 140 2261 201 151

229 300 380 358 cula,
411 305 648 359 senator,
669 300 814 348 testis
846 300 898 348 in
935 314 1090 349 causa
1119 300 1182 348 A.
1325 301 1477 354 Furio
1516 304 1661 353 Philo
1700 312 1749 352 et
1786 317 1832 352 a.
1870 303 1991 354 537.
2021 321 2135 356 cum
2174 306 2263 358 Cn.

232 367 488 416 Caecinae
504 404 517 427 ,
537 382 632 432 pro
654 367 800 422 Caec.
835 369 916 430 10,
939 367 1024 418 28.
1327 369 1541 422 Servilio
1566 372 1775 423 Gemino
1792 409 1805 433 ,
1825 373 1985 422 Acad.
2017 388 2097 438 pr.
2131 375 2192 437 2,
2212 375 2265 436 5,

155 431 222 485 C.
238 432 484 485 Fidulus
501 434 591 500 (al.
604 434 882 500 Fidulius,
894 433 1184 502 Figulus,)
1328 437 1412 491 13.
1445 441 1521 490 De
1543 443 1651 490 eius
1678 441 1791 506 lege
1812 443 2017 507 agraria
2034 477 2049 504 ,
2072 443 2133 492 de
2160 445 2263 494 inv.

225 505 479 554 adsecula
498 506 552 555 P.
575 505 798 566 Vatinii,
829 507 882 555 in
899 506 1070 558 Vatin.
1097 504 1180 565 13,
1326 509 1387 572 2,
1424 510 1515 574 17,
1550 512 1635 560 52.
1679 511 1742 561 de
1772 526 1878 559 sen.
1902 511 1964 573 4,
2007 511 2089 564 11.
2118 537 2183 550 —·
2209 512 2263 564 C.

226 573 316 622 31.
745 599 763 623 ι
1325 577 1603 628 Flaminius
1639 595 1743 632 cos,
1782 579 1965 628 lterum
2000 580 2131 630 bello
2169 581 2265 632 Pu-

152 639 380 708 Figuli.
424 645 489 692 V.
516 640 766 693 Marcius
793 651 846 691 et
861 639 1144 710 Nigidius.
1323 648 1437 696 nico
1474 648 1700 698 secundo
1736 647 1961 712 neglexit
2001 649 2149 714 signa
2185 665 2264 700 re-

151 707 436 759 Fimbria.
478 712 542 758 V.
567 707 800 762 Flavius
819 709 1091 762 Fimbria.
1320 730 1433 765 rum
1456 716 1743 766 futurarum
1770 731 1959 782 magna
1986 731 2100 767 cum
2122 718 2265 768 clade

149 775 447 840 Firmani,
489 777 715 850 Philipp.
755 783 816 845 7,
865 781 930 846 8,
973 779 1060 830 28.
1101 779 1178 829 ·V.
1320 786 1397 833 rei
1412 784 1591 849 publ.,
1613 787 1676 836 de
1696 786 1855 836 divin.
1887 785 1945 847 l,
1968 783 2053 847 35,
2072 787 2157 837 77.
2199 789 2263 840 cl.

223 845 508 896 Firmum.
1320 854 1391 906 ib.
1409 855 1460 913 2,
1474 855 1526 914 8,
1544 855 1629 904 21.
1645 883 1709 892 —
1722 855 2035 906 Flaminiana
2048 864 2263 918 ostenta,

149 913 418 965 Firmani
445 916 623 966 fratres
639 954 653 978 ,
681 918 749 968 ad
765 918 867 966 Att.
891 920 943 984 4,
965 918 1015 979 8,
1037 918 1086 969 3.
1111 919 1176 968 V.
1321 923 1393 971 lb.
1415 923 1465 984 2,
1488 921 1573 982 31,
1595 921 1679 973 67.
1704 951 1769 960 -
1791 923 1921 972 Eum
1940 922 2144 976 Caelius
2161 926 2265 976 An-

223 984 296 1035 L.
331 983 566 1036 Gavius.
1319 991 1505 1055 tipater
1550 991 1799 1058 religione
1844 992 2079 1057 neglecta
2132 997 2265 1046 ceci-

147 1051 496 1117 Firmidius‚
527 1070 642 1104 cum
669 1049 831 1104 Gellio
853 1065 902 1105 et
921 1056 1050 1106 Titio
1072 1056 1179 1106 dux
1320 1060 1459 1110 disse
1508 1061 1648 1125 apud
1685 1060 2037 1112 Trasimenum
2084 1063 2265 1118 scribit

225 1138 504 1186 operarum
524 1122 878 1174 Clodianarum
893 1162 905 1184 ‚
925 1141 1019 1190 pro
1039 1123 1170 1177 Sest.
1317 1144 1431 1178 cum
1454 1143 1638 1192 magno
1664 1130 1736 1179 rei
1753 1130 1893 1195 publ.
1928 1131 2134 1182 vulnere
2148 1170 2161 1188 .
2197 1133 2261 1184 de

227 1192 322 1250 52,
350 1192 466 1242 112.
761 1198 767 1206 ‘
1316 1213 1367 1248 n.
1393 1199 1443 1248 d.
1464 1200 1515 1277 2,
1534 1195 1587 1277 3,
1608 1197 1656 1247 8.
1683 1228 1749 1238 --
1770 1200 1835 1248 de
1862 1200 1963 1264 leg.
1990 1199 2039 1262 3,
2062 1199 2117 1261 9,
2136 1202 2223 1253 20.

146 1259 448 1324 Firmum,
473 1261 624 1311 hodie
641 1263 836 1323 Fer-mo,
860 1263 1104 1327 oppidum
1125 1265 1176 1311 in
1249 1265 1313 1316 0.
1338 1262 1657 1316 Flaminius
1674 1303 1689 1330 ,
1715 1269 1895 1317 aedilis
1920 1269 2111 1318 curulis
2129 1306 2144 1330 ,
2166 1285 2260 1334 pro

223 1343 358 1394 agro
383 1331 596 1390 Picen0,
616 1331 813 1382 incolae
831 1332 1083 1393 Firmani,
1109 1331 1176 1380 ad
1318 1334 1513 1386 Cluent.
1548 1336 1615 1385 45
1631 1371 1643 1392 ,
1682 1335 1799 1388 126.
1828 1363 1897 1374 -
1919 1337 2124 1386 Praetor
2146 1353 2259 1386 cum

221 1403 336 1452 Att.
361 1397 415 1458 8,
439 1399 521 1453 12.
545 1401 600 1449 Β.
628 1400 674 1449 1.
1320 1404 1563 1454 Cicerone
1582 1419 1629 1452 a.
1648 1419 1699 1454 u.
1720 1419 1764 1452 c.
1780 1403 1921 1464 688„
1945 1404 2017 1454 Ib.
2036 1403 2123 1464 53,
2143 1407 2258 1456 147.

147 1465 421 1518 Flaccus.
463 1469 526 1517 V.
550 1465 807 1520 Valerius
826 1468 1086 1519 Flaccus.
1245 1469 1481 1522 Flavius
1499 1507 1513 1535 ,
1537 1472 1603 1520 ad
1623 1471 1728 1523 Att.
1755 1471 1837 1533 12,
1861 1472 1943 1522 17.
1969 1497 2035 1508 -
2055 1469 2257 1539 Fragm.

149 1533 450 1586 Flaminia
469 1533 588 1586 Via.
613 1565 679 1574 —
699 1537 824 1588 Tres
845 1547 961 1587 sunt
977 1539 1092 1588 viae
1113 1538 1178 1587 ad
1318 1555 1371 1605 p.
1394 1539 1517 1594 249.
1766 1595 1771 1599 ,

223 1605 542 1665 Mutinam,a
560 1605 744 1673 supero
761 1609 889 1657 mari
909 1607 1176 1667 Flaminia,
1245 1606 1479 1660 Flavius
1496 1645 1510 1673 ,
1536 1607 1825 1674 praefectus
1852 1609 2055 1660 fabrum
2088 1612 2140 1660 in
2170 1627 2259 1662 ex-

227 1675 298 1724 ab
322 1673 488 1726 infero
515 1673 746 1737 Aurelia,
781 1677 952 1726 media
985 1674 1177 1734 Cassia,
1320 1679 1477 1727 ercilu
1496 1677 1561 1726 Μ.
1580 1677 1754 1738 Bruti,
1784 1693 1863 1744 ep.
1888 1679 1953 1729 ad
1972 1679 2111 1730 Brut.
2141 1681 2188 1740 l,
2206 1679 2257 1732 6.

223 1741 464 1807 Philipp.
492 1745 582 1804 12,
603 1744 636 1795 9
655 1781 669 1804 ,
693 1746 776 1797 22.
798 1771 867 1782 -
887 1745 1011 1794 Eius
1031 1759 1178 1794 cura·
1319 1747 1394 1795 Ib.
1420 1748 1467 1812 1,
1493 1747 1575 1798 17.

225 1821 314 1863 tor
333 1811 394 1869 Q.
415 1811 666 1862 Minucius
683 1812 930 1864 Thermus
945 1849 961 1878 ‚
986 1814 1054 1862 ad
1073 1816 1174 1864 Att.
1251 1814 1315 1865 G.
1338 1813 1571 1865 Flavius
1586 1849 1601 1878 ,
1621 1817 1939 1865 necessarius
1960 1816 2016 1871 C.
2040 1817 2257 1881 PisoniS,

233 1883 287 1943 1,
312 1881 362 1945 1,
392 1883 442 1935 2.
1077 1903 1092 1918 ·
1318 1886 1494 1951 generi
1545 1883 1835 1947 Ciceronis,
1880 1888 2259 1938 commendatur

153 1947 491 2003 Flaminini.
517 1950 581 2001 V.
597 1951 648 1999 in
666 1948 944 2016 Quinctiis
961 1948 1177 2001 Hami-
1320 1954 1514 2013 Acilio,
1536 1954 1604 2003 ad
1624 1953 1747 2003 fam.
1771 1953 1854 2018 13,
1874 1953 1959 2016 31,
1985 1956 2031 2005 1.

124 2040 128 2044 ·
229 2018 407 2071 niuis.
880 2072 884 2077 ,
1250 2021 1351 2073 Cn.
1399 2018 1663 2086 Flavius,
1710 2023 1876 2072 scriba
1894 2060 1909 2084 ,
1959 2024 2046 2086 qui
2096 2023 2257 2075 fastos

154 2086 480 2139 Flaminius
505 2090 686 2148 circus,
710 2104 804 2153 pro
825 2090 958 2143 Sest.
985 2091 1065 2149 14,
1086 2088 1172 2143 33.
1314 2090 1527 2157 protulit
1546 2098 1595 2139 et
1624 2092 1819 2155 primus
1840 2092 2065 2142 actiones
2100 2106 2259 2156 expo-

227 2166 354 2223 post
374 2159 484 2208 red.
507 2159 558 2207 in
579 2172 684 2207 sen.
709 2158 758 2221 6,
785 2158 868 2209 13.
901 2166 948 2209 et
965 2161 1016 2223 7,
1043 2158 1128 2209 17.
1318 2160 1535 2225 suit,.ad
1555 2159 1661 2209 Aa.
1678 2160 1730 2220 6,
1755 2160 1801 2224 1,
1825 2160 1876 2211 8.
1909 2161 1985 2211 lb.
2006 2160 2057 2222 6,
2084 2161 2111 2211 1
2130 2195 2145 2223 ,
2172 2160 2257 2213 18.

154 2225 233 2277 Τ.
288 2223 603 2277 Flaminius
643 2224 929 2290 Flamma,
977 2228 1177 2277 debitor
1319 2242 1411 2295 pro
1432 2222 1562 2281 Mur.
1588 2229 1671 2288 11,
1693 2231 1778 2280 25.

231 2294 525 2355 CiceroniS,
551 2296 613 2345 ad
635 2295 756 2349 fam.
781 2297 874 2357 16,
906 2298 989 2355 24,
1026 2297 1071 2346 1.
1111 2297 1176 2347 ad
1248 2297 1314 2348 L.
1354 2294 1617 2359 Flavius,
1648 2298 1727 2345 vir
1757 2299 2059 2361 primarius,
2102 2312 2259 2359 eques

230 2366 342 2417 Ati.
370 2364 454 2423 12,
473 2365 558 2424 52,
588 2365 612 2413 1
625 2405 637 2418 .
659 2392 724 2400 --
743 2366 973 2415 Flamma
992 2364 1176 2415 Flami·
1318 2368 1482 2423 Rom„
1505 2366 1650 2414 testis
1670 2371 1843 2418 contra
1860 2366 2091 2424 Verrem,
2111 2366 2257 2417 Verr.

232 2433 386 2491 niue,
409 2434 481 2482 lb.
507 2434 589 2491 14,
614 2432 704 2493 16,
725 2437 777 2484 4.
814 2436 888 2486 Ib.
913 2434 994 2497 14,
1018 2433 1100 2497 17,
1122 2434 1172 2487 6.
1320 2442 1543 2488 accusat.
1564 2433 1612 2495 1,
1634 2432 1684 2497 5,
1710 2433 1791 2485 14.
1827 2433 1899 2485 lb.
1920 2434 1971 2494 5,
1990 2432 2078 2493 59,
2102 2431 2219 2483 155.

230 2500 464 2551 Flamma
479 2539 493 2561 ,
515 2502 589 2553 lb.
617 2503 699 2563 15,
727 2504 779 2565 2,
800 2505 852 2554 4.
1247 2503 1312 2554 L.
1332 2500 1596 2564 Flavius,
1629 2508 1918 2565 procurator
1938 2502 1993 2552 G.
2018 2500 2258 2567 Matrinii‚

158 2569 229 2621 G.
267 2568 586 2621 Flaminius
620 2568 880 2637 (Nepos),
911 2572 997 2635 qui
1016 2572 1175 2621 tribu-
1316 2574 1463 2621 Verr.
1485 2577 1705 2621 accusat.
1733 2570 1784 2631 5,
1804 2571 1855 2631 7,
1879 2571 1960 2621 15.

229 2654 334 2689 nus
352 2639 426 2705 pl.
452 2638 763 2692 a.u.c.526.
785 2640 950 2705 legem
971 2640 1035 2689 de
1053 2654 1176 2705 agro
1249 2639 1314 2690 L.
1351 2634 1615 2703 Flavius,
1652 2640 1881 2691 tribunus
1921 2639 1991 2705 pl.
2027 2654 2075 2693 a.
2118 2654 2169 2688 u.
2212 2655 2255 2689 c.

171 2742 176 2745 -
234 2707 436 2759 Gallico
489 2716 540 2758 et
581 2710 771 2759 Piceno
811 2710 1000 2759 viritim
1046 2710 1179 2759 divi·
1318 2710 1441 2762 694.
1478 2709 1729 2773 agrariam
1765 2708 1934 2775 legem
1970 2707 2259 2775 promulga-

208 2778 410 2830 ,dendo
457 2776 596 2839 tulit,
656 2780 740 2839 qui
789 2778 965 2829 consul
1001 2779 1180 2827 iterum
1322 2780 1419 2841 vit,
1442 2778 1509 2827 ad
1526 2780 1632 2830 Ati.
1661 2778 1708 2842 1,
1732 2777 1814 2840 18,
1840 2778 1894 2832 6.
1927 2780 1998 2829 lb.
2031 2780 2078 2843 1,
2101 2778 2184 2835 19,
2204 2781 2255 2831 4.

231 2848 376 2911 apud
395 2846 744 2896 Trasimenum
771 2847 1066 2897 interfectus
1086 2856 1179 2908 est,
1321 2849 1394 2899 lb.
1419 2848 1469 2906 2,
1493 2845 1541 2908 1,
1568 2846 1619 2897 6.
1644 2874 1706 2883 -
1728 2846 1787 2897 L.
1810 2846 2036 2907 Flaviae,
2056 2853 2260 2911 praetor

233 2915 428 2965 dicitur
462 2916 528 2967 ad
563 2916 810 2981 populum
847 2916 1068 2966 valuisse
1104 2917 1182 2965 di·
1320 2917 1614 2979 designatus
1636 2932 1681 2969 a.
1702 2932 1756 2965 u.
1781 2916 1959 2969 ο.695.
1978 2952 1992 2976 ,
2013 2914 2259 2977 quereba-

234 2986 430 3049 cendo,
453 2986 519 3035 ad
537 2985 682 3038 Brut.
712 2986 774 3035 14
789 3022 804 3048 ,
827 2986 913 3037 57.
937 3010 1001 3021 -
1024 2984 1180 3035 Gran·
1320 2995 1399 3034 tur
1420 2985 1483 3035 de
1502 2985 1691 3047 iniquis
1710 2986 1941 3050 epistolis
1970 2984 2028 3041 Q.
2059 2981 2258 3031 Cicero-

235 3053 356 3103 dior
375 3062 494 3103 natu
521 3053 734 3115 Catone,
769 3056 843 3108 lb.
870 3053 961 3116 19,
995 3054 1082 3103 77.
1114 3080 1183 3091 —-
1323 3055 1403 3105 nis
1419 3090 1433 3113 ‚
1456 3054 1522 3103 ad
1543 3053 1601 3112 Q.
1628 3054 1691 3103 fr.
1719 3053 1767 3114 1,
1788 3056 1837 3115 2,
1858 3054 1908 3104 3.
1932 3052 1983 3112 S.
2006 3050 2089 3101 10.
2110 3078 2181 3089 -
2197 3049 2258 3100 Εἰ

236 3122 404 3173 Homo
423 3124 688 3188 popularis
701 3159 716 3183 ,
739 3123 907 3188 legem
929 3123 1180 3187 agrariam
1323 3140 1353 3172 a
1374 3122 1587 3171 Caesare
1615 3122 1751 3187 legio
1771 3128 1820 3169 et
1840 3119 2016 3170 Sicilia
2043 3119 2190 3167 datur
2208 3133 2255 3167 a.

233 3191 436 3253 aliquot
456 3193 602 3241 annis
630 3200 746 3241 ante
765 3192 1044 3242 secundum
1074 3192 1182 3241 bel·
1320 3208 1371 3242 u.
1397 3207 1441 3242 c.
1464 3189 1583 3240 705.
1600 3226 1615 3249 ,
1648 3189 1715 3238 ad
1732 3190 1834 3237 Aa.
1860 3188 1943 3250 10,
1968 3190 2015 3250 l,
2035 3188 2085 3236 2.

236 3260 346 3307 ium
395 3260 639 3311 Punicum
680 3261 914 3311 tribunus
953 3261 1026 3324 pl.
1067 3260 1182 3309 tulit
1251 3258 1315 3309 1..
1352 3253 1584 3308 Flavius
1617 3271 1719 3306 una
1746 3272 1856 3307 cum
1888 3255 2041 3304 fratre
2070 3254 2123 3304 C.
2146 3253 2247 3303 Fla·

237 3329 402 3377 invito
423 3336 600 3377 senatu
629 3336 678 3378 et
695 3338 876 3394 postea
896 3330 972 3379 bis
1000 3329 1180 3379 consul
1322 3329 1406 3375 vio
1428 3326 1811 3375 commendatur
1829 3323 1993 3374 Acilio
2008 3360 2025 3385 ,
2049 3324 2113 3374 ad
2134 3324 2255 3377 fam.

236 3394 404 3446 factus
441 3404 518 3447 est
555 3412 604 3447 a.
642 3412 695 3452 u,
735 3414 781 3447 c.
817 3396 936 3448 531.
969 3412 1084 3447 cum
1119 3398 1176 3451 P.
1324 3394 1406 3455 13,
1428 3394 1595 3457 31,1.
1690 3424 1710 3456 0,
2208 3418 2212 3422 Δ
