<?xml version="1.0" encoding="UTF-8"?>
<!DOCTYPE html PUBLIC "-//W3C//DTD XHTML 1.0 Transitional//EN"
    "http://www.w3.org/TR/xhtml1/DTD/xhtml1-transitional.dtd">
<html xmlns="http://www.w3.org/1999/xhtml" xml:lang="en" lang="en">
 <head>
  <title>
</title>
<meta http-equiv="Content-Type" content="text/html;charset=utf-8" />
  <meta name='ocr-system' content='tesseract 3.04.00' />
  <meta name='ocr-capabilities' content='ocr_page ocr_carea ocr_par ocr_line ocrx_word'/>
</head>
<body>
  <div class='ocr_page' id='page_1' title='image "./scriptaquaemans04mlgoog_0333.png"; bbox 0 0 2500 3850; ppageno 0'>
   <div class='ocr_carea' id='block_1_1' title="bbox 389 164 2305 247">
    <p class='ocr_par' dir='ltr' id='par_1_1' title="bbox 389 164 2305 247">
     <span class='ocr_line' id='line_1_1' title="bbox 389 164 2305 247; baseline 0.002 -5"><span class='ocrx_word' id='word_1_1' title='bbox 389 196 456 243; x_wconf 77' lang='lat' dir='ltr'><strong>A.</strong></span> <span class='ocrx_word' id='word_1_2' title='bbox 487 193 874 241; x_wconf 68' lang='lat' dir='ltr'><strong>POSTUMIUS</strong></span> <span class='ocrx_word' id='word_1_3' title='bbox 909 192 1130 241; x_wconf 80' lang='lat' dir='ltr'><strong>ALBUS</strong></span> <span class='ocrx_word' id='word_1_4' title='bbox 1155 194 1615 243; x_wconf 71' lang='lat' dir='ltr'><strong>REGILLENSIS</strong></span> <span class='ocrx_word' id='word_1_5' title='bbox 1644 216 1727 227; x_wconf 85' lang='lat'><strong>-—-</strong></span> <span class='ocrx_word' id='word_1_6' title='bbox 1754 196 2128 244; x_wconf 86' lang='lat' dir='ltr'><strong>PRAECILII.</strong></span> <span class='ocrx_word' id='word_1_7' title='bbox 2182 164 2305 247; x_wconf 67' lang='lat'><strong>327</strong></span> 
     </span>
    </p>
   </div>
   <div class='ocr_carea' id='block_1_2' title="bbox 291 347 2303 416">
    <p class='ocr_par' dir='ltr' id='par_1_2' title="bbox 291 347 2303 416">
     <span class='ocr_line' id='line_1_2' title="bbox 291 347 2303 416; baseline 0 -15"><span class='ocrx_word' id='word_1_8' title='bbox 291 358 622 416; x_wconf 80' lang='lat' dir='ltr'><strong>cognoverat,</strong></span> <span class='ocrx_word' id='word_1_9' title='bbox 646 349 786 397; x_wconf 83' lang='lat' dir='ltr'><strong>Brut.</strong></span> <span class='ocrx_word' id='word_1_10' title='bbox 810 350 892 407; x_wconf 86' lang='lat'><strong>77,</strong></span> <span class='ocrx_word' id='word_1_11' title='bbox 915 348 1031 401; x_wconf 88' lang='grc'><strong>269.</strong></span> <span class='ocrx_word' id='word_1_12' title='bbox 1074 349 1136 399; x_wconf 89' lang='lat' dir='ltr'><strong>cl.</strong></span> <span class='ocrx_word' id='word_1_13' title='bbox 1163 351 1228 399; x_wconf 81' lang='lat' dir='ltr'><strong>ad</strong></span> <span class='ocrx_word' id='word_1_14' title='bbox 1300 348 1360 399; x_wconf 82' lang='lat' dir='ltr'><strong>L.</strong></span> <span class='ocrx_word' id='word_1_15' title='bbox 1384 347 1711 400; x_wconf 78' lang='lat' dir='ltr'><strong>Postumius</strong></span> <span class='ocrx_word' id='word_1_16' title='bbox 1729 350 1965 401; x_wconf 76' lang='lat' dir='ltr'>Albinus</span> <span class='ocrx_word' id='word_1_17' title='bbox 1984 368 2091 407; x_wconf 79' lang='lat' dir='ltr'><strong>cos,</strong></span> <span class='ocrx_word' id='word_1_18' title='bbox 2116 368 2162 401; x_wconf 87' lang='lat' dir='ltr'><strong>a.</strong></span> <span class='ocrx_word' id='word_1_19' title='bbox 2186 370 2236 401; x_wconf 90' lang='lat' dir='ltr'><strong>u.</strong></span> <span class='ocrx_word' id='word_1_20' title='bbox 2260 371 2303 404; x_wconf 92' lang='lat' dir='ltr'><strong>c.</strong></span> 
     </span>
    </p>
   </div>
   <div class='ocr_carea' id='block_1_3' title="bbox 289 418 574 479">
    <p class='ocr_par' dir='ltr' id='par_1_3' title="bbox 289 418 574 479">
     <span class='ocr_line' id='line_1_3' title="bbox 289 418 574 479; baseline -0.014 -10"><span class='ocrx_word' id='word_1_21' title='bbox 289 424 393 469; x_wconf 81' lang='lat' dir='ltr'><strong>Au.</strong></span> <span class='ocrx_word' id='word_1_22' title='bbox 421 421 468 479; x_wconf 89' lang='lat'><strong>7,</strong></span> <span class='ocrx_word' id='word_1_23' title='bbox 493 418 574 469; x_wconf 85' lang='lat'><strong>16.</strong></span> 
     </span>
    </p>
   </div>
   <div class='ocr_carea' id='block_1_4' title="bbox 218 446 1223 551">
    <p class='ocr_par' dir='ltr' id='par_1_4' title="bbox 218 446 1223 551">
     <span class='ocr_line' id='line_1_4' title="bbox 218 446 1223 551; baseline -0.005 -11"><span class='ocrx_word' id='word_1_24' title='bbox 218 490 286 543; x_wconf 94' lang='lat' dir='ltr'><strong>A.</strong></span> <span class='ocrx_word' id='word_1_25' title='bbox 310 484 634 541; x_wconf 75' lang='lat' dir='ltr'><strong>Postumius</strong></span> <span class='ocrx_word' id='word_1_26' title='bbox 653 446 832 535; x_wconf 85' lang='lat' dir='ltr'><strong>Albus</strong></span> <span class='ocrx_word' id='word_1_27' title='bbox 854 481 1223 551; x_wconf 73' lang='lat' dir='ltr'><strong>Regillensis.</strong></span> 
     </span>
    </p>
   </div>
   <div class='ocr_carea' id='block_1_5' title="bbox 209 553 1224 3154">
    <p class='ocr_par' dir='ltr' id='par_1_5' title="bbox 287 553 1224 1169">
     <span class='ocr_line' id='line_1_5' title="bbox 287 553 1224 621; baseline -0.003 -14"><span class='ocrx_word' id='word_1_28' title='bbox 287 558 442 621; x_wconf 84' lang='lat' dir='ltr'>Apud</span> <span class='ocrx_word' id='word_1_29' title='bbox 475 556 727 619; x_wconf 80' lang='lat' dir='ltr'>Regillum</span> <span class='ocrx_word' id='word_1_30' title='bbox 756 554 886 603; x_wconf 86' lang='lat' dir='ltr'><strong>bello</strong></span> <span class='ocrx_word' id='word_1_31' title='bbox 915 553 1224 616; x_wconf 82' lang='lat' dir='ltr'><strong>Latinorum,</strong></span> 
     </span>
     <span class='ocr_line' id='line_1_6' title="bbox 287 624 1224 689; baseline -0.002 -14"><span class='ocrx_word' id='word_1_32' title='bbox 287 641 440 689; x_wconf 89' lang='lat' dir='ltr'><strong>quum</strong></span> <span class='ocrx_word' id='word_1_33' title='bbox 477 625 538 673; x_wconf 82' lang='lat' dir='ltr'><strong>A.</strong></span> <span class='ocrx_word' id='word_1_34' title='bbox 560 625 850 673; x_wconf 76' lang='lat' dir='ltr'><strong>Postumius</strong></span> <span class='ocrx_word' id='word_1_35' title='bbox 872 624 1087 675; x_wconf 82' lang='lat' dir='ltr'><strong>dictator</strong></span> <span class='ocrx_word' id='word_1_36' title='bbox 1110 639 1224 673; x_wconf 88' lang='lat' dir='ltr'><strong>cum</strong></span> 
     </span>
     <span class='ocr_line' id='line_1_7' title="bbox 289 691 1224 758; baseline -0.004 -13"><span class='ocrx_word' id='word_1_37' title='bbox 289 695 496 745; x_wconf 85' lang='lat' dir='ltr'><strong>Octavio</strong></span> <span class='ocrx_word' id='word_1_38' title='bbox 519 691 743 744; x_wconf 88' lang='lat' dir='ltr'><strong>Mamilio</strong></span> <span class='ocrx_word' id='word_1_39' title='bbox 772 692 1055 741; x_wconf 81' lang='lat' dir='ltr'><strong>Tusculano</strong></span> <span class='ocrx_word' id='word_1_40' title='bbox 1078 709 1224 758; x_wconf 86' lang='lat' dir='ltr'><strong>proe-</strong></span> 
     </span>
     <span class='ocr_line' id='line_1_8' title="bbox 292 760 1224 824; baseline -0.002 -11"><span class='ocrx_word' id='word_1_41' title='bbox 292 764 360 813; x_wconf 91' lang='lat' dir='ltr'><strong>lio</strong></span> <span class='ocrx_word' id='word_1_42' title='bbox 376 764 638 813; x_wconf 77' lang='lat' dir='ltr'><strong>dimicaret</strong></span> <span class='ocrx_word' id='word_1_43' title='bbox 651 777 803 815; x_wconf 85' lang='lat' dir='ltr'><strong>a.u.c.</strong></span> <span class='ocrx_word' id='word_1_44' title='bbox 819 760 959 824; x_wconf 90' lang='grc'><strong>259.,</strong></span> <span class='ocrx_word' id='word_1_45' title='bbox 971 763 1022 810; x_wconf 87' lang='lat' dir='ltr'><strong>iu</strong></span> <span class='ocrx_word' id='word_1_46' title='bbox 1037 763 1224 811; x_wconf 82' lang='lat' dir='ltr'><strong>Roma-</strong></span> 
     </span>
     <span class='ocr_line' id='line_1_9' title="bbox 289 829 1224 893; baseline -0.002 -11"><span class='ocrx_word' id='word_1_47' title='bbox 289 849 356 883; x_wconf 81' lang='lat' dir='ltr'><strong>na</strong></span> <span class='ocrx_word' id='word_1_48' title='bbox 379 835 487 881; x_wconf 85' lang='lat' dir='ltr'><strong>acie</strong></span> <span class='ocrx_word' id='word_1_49' title='bbox 509 832 686 882; x_wconf 83' lang='lat' dir='ltr'>Castor</span> <span class='ocrx_word' id='word_1_50' title='bbox 717 838 764 879; x_wconf 86' lang='lat' dir='ltr'><strong>et</strong></span> <span class='ocrx_word' id='word_1_51' title='bbox 792 829 975 879; x_wconf 84' lang='lat' dir='ltr'>Pollux</span> <span class='ocrx_word' id='word_1_52' title='bbox 998 845 1062 879; x_wconf 87' lang='lat' dir='ltr'><strong>ex</strong></span> <span class='ocrx_word' id='word_1_53' title='bbox 1081 832 1224 893; x_wconf 89' lang='lat' dir='ltr'><strong>equis</strong></span> 
     </span>
     <span class='ocr_line' id='line_1_10' title="bbox 287 899 1220 967; baseline -0.004 -14"><span class='ocrx_word' id='word_1_54' title='bbox 287 916 518 967; x_wconf 83' lang='lat' dir='ltr'><strong>pugnare</strong></span> <span class='ocrx_word' id='word_1_55' title='bbox 548 902 650 951; x_wconf 87' lang='lat' dir='ltr'><strong>visi</strong></span> <span class='ocrx_word' id='word_1_56' title='bbox 671 906 814 960; x_wconf 87' lang='lat' dir='ltr'><strong>sunt,</strong></span> <span class='ocrx_word' id='word_1_57' title='bbox 851 899 914 948; x_wconf 87' lang='lat' dir='ltr'><strong>de</strong></span> <span class='ocrx_word' id='word_1_58' title='bbox 933 913 980 947; x_wconf 91' lang='lat' dir='ltr'><strong>n.</strong></span> <span class='ocrx_word' id='word_1_59' title='bbox 1005 900 1054 948; x_wconf 89' lang='lat' dir='ltr'><strong>d.</strong></span> <span class='ocrx_word' id='word_1_60' title='bbox 1077 900 1138 960; x_wconf 98' lang='grc'><strong>2,</strong></span> <span class='ocrx_word' id='word_1_61' title='bbox 1171 901 1220 962; x_wconf 87' lang='grc'><strong>2,</strong></span> 
     </span>
     <span class='ocr_line' id='line_1_11' title="bbox 287 967 1224 1031; baseline -0.007 -7"><span class='ocrx_word' id='word_1_62' title='bbox 287 973 339 1024; x_wconf 89' lang='grc'><strong>6.</strong></span> <span class='ocrx_word' id='word_1_63' title='bbox 370 971 434 1023; x_wconf 88' lang='lat' dir='ltr'><strong>cl.</strong></span> <span class='ocrx_word' id='word_1_64' title='bbox 457 970 526 1019; x_wconf 87' lang='lat' dir='ltr'><strong>ib.</strong></span> <span class='ocrx_word' id='word_1_65' title='bbox 549 968 596 1031; x_wconf 88' lang='grc'><strong>3,</strong></span> <span class='ocrx_word' id='word_1_66' title='bbox 621 970 672 1029; x_wconf 88' lang='lat'><strong>5,</strong></span> <span class='ocrx_word' id='word_1_67' title='bbox 698 968 780 1021; x_wconf 91' lang='grc'><strong>11.</strong></span> <span class='ocrx_word' id='word_1_68' title='bbox 803 994 871 1003; x_wconf 87' lang='grc'><strong>-·</strong></span> <span class='ocrx_word' id='word_1_69' title='bbox 891 967 969 1017; x_wconf 87' lang='lat' dir='ltr'><strong>Ab</strong></span> <span class='ocrx_word' id='word_1_70' title='bbox 993 984 1051 1017; x_wconf 87' lang='lat' dir='ltr'><strong>eo</strong></span> <span class='ocrx_word' id='word_1_71' title='bbox 1071 969 1224 1019; x_wconf 81' lang='lat' dir='ltr'><strong>aedes</strong></span> 
     </span>
     <span class='ocr_line' id='line_1_12' title="bbox 291 1037 1224 1090; baseline -0.005 0"><span class='ocrx_word' id='word_1_72' title='bbox 291 1040 486 1090; x_wconf 75' lang='lat' dir='ltr'>Castori</span> <span class='ocrx_word' id='word_1_73' title='bbox 525 1046 572 1088; x_wconf 87' lang='lat' dir='ltr'><strong>et</strong></span> <span class='ocrx_word' id='word_1_74' title='bbox 608 1038 801 1089; x_wconf 85' lang='lat' dir='ltr'>Polluci</span> <span class='ocrx_word' id='word_1_75' title='bbox 841 1038 890 1085; x_wconf 85' lang='lat' dir='ltr'><strong>in</strong></span> <span class='ocrx_word' id='word_1_76' title='bbox 930 1037 1040 1086; x_wconf 83' lang='lat' dir='ltr'><strong>foro</strong></span> <span class='ocrx_word' id='word_1_77' title='bbox 1081 1038 1224 1087; x_wconf 89' lang='lat' dir='ltr'><strong>dedi-</strong></span> 
     </span>
     <span class='ocr_line' id='line_1_13' title="bbox 288 1106 780 1169; baseline -0.006 -11"><span class='ocrx_word' id='word_1_78' title='bbox 288 1116 428 1169; x_wconf 84' lang='lat' dir='ltr'><strong>cata,</strong></span> <span class='ocrx_word' id='word_1_79' title='bbox 449 1109 525 1160; x_wconf 88' lang='lat' dir='ltr'><strong>Ib.</strong></span> <span class='ocrx_word' id='word_1_80' title='bbox 554 1106 603 1167; x_wconf 84' lang='lat'><strong>3,</strong></span> <span class='ocrx_word' id='word_1_81' title='bbox 625 1106 676 1167; x_wconf 83' lang='lat'><strong>5,</strong></span> <span class='ocrx_word' id='word_1_82' title='bbox 703 1106 780 1156; x_wconf 88' lang='lat'><strong>13.</strong></span> 
     </span>
    </p>

    <p class='ocr_par' dir='ltr' id='par_1_6' title="bbox 216 1173 1223 1365">
     <span class='ocr_line' id='line_1_14' title="bbox 216 1173 1223 1243; baseline -0.004 -16"><span class='ocrx_word' id='word_1_83' title='bbox 216 1174 590 1243; x_wconf 72' lang='lat' dir='ltr'><strong>(Postumius)</strong></span> <span class='ocrx_word' id='word_1_84' title='bbox 633 1173 870 1225; x_wconf 88' lang='lat' dir='ltr'><strong>Albinus</strong></span> <span class='ocrx_word' id='word_1_85' title='bbox 909 1175 1090 1225; x_wconf 83' lang='lat' dir='ltr'><strong>flamen</strong></span> <span class='ocrx_word' id='word_1_86' title='bbox 1105 1210 1120 1238; x_wconf 87' lang='lat'>,</span> <span class='ocrx_word' id='word_1_87' title='bbox 1170 1177 1223 1225; x_wconf 88' lang='lat' dir='ltr'><strong>in</strong></span> 
     </span>
     <span class='ocr_line' id='line_1_15' title="bbox 291 1244 1222 1308; baseline -0.003 -13"><span class='ocrx_word' id='word_1_88' title='bbox 291 1261 498 1295; x_wconf 86' lang='lat' dir='ltr'><strong>numero</strong></span> <span class='ocrx_word' id='word_1_89' title='bbox 535 1251 611 1294; x_wconf 85' lang='lat' dir='ltr'><strong>est</strong></span> <span class='ocrx_word' id='word_1_90' title='bbox 655 1244 860 1293; x_wconf 82' lang='lat' dir='ltr'><strong>habitus</strong></span> <span class='ocrx_word' id='word_1_91' title='bbox 903 1244 1222 1308; x_wconf 79' lang='lat' dir='ltr'><strong>disertorum,</strong></span> 
     </span>
     <span class='ocr_line' id='line_1_16' title="bbox 286 1313 676 1371; baseline -0.005 -6"><span class='ocrx_word' id='word_1_92' title='bbox 286 1317 428 1365; x_wconf 84' lang='lat' dir='ltr'><strong>Brut.</strong></span> <span class='ocrx_word' id='word_1_93' title='bbox 452 1313 537 1371; x_wconf 86' lang='grc'><strong>35,</strong></span> <span class='ocrx_word' id='word_1_94' title='bbox 561 1313 676 1363; x_wconf 87' lang='grc'><strong>135.</strong></span> 
     </span>
    </p>

    <p class='ocr_par' dir='ltr' id='par_1_7' title="bbox 214 1377 1222 2132">
     <span class='ocr_line' id='line_1_17' title="bbox 214 1377 1220 1437; baseline -0.002 -4"><span class='ocrx_word' id='word_1_95' title='bbox 214 1384 282 1437; x_wconf 89' lang='lat' dir='ltr'><strong>A.</strong></span> <span class='ocrx_word' id='word_1_96' title='bbox 301 1377 710 1433; x_wconf 87' lang='lat' dir='ltr'><strong>PostumiusA.</strong></span> <span class='ocrx_word' id='word_1_97' title='bbox 724 1378 790 1431; x_wconf 93' lang='lat' dir='ltr'><strong>F.</strong></span> <span class='ocrx_word' id='word_1_98' title='bbox 804 1379 868 1429; x_wconf 89' lang='lat' dir='ltr'><strong>A.</strong></span> <span class='ocrx_word' id='word_1_99' title='bbox 889 1378 955 1431; x_wconf 88' lang='grc' dir='ltr'><strong>Ν.</strong></span> <span class='ocrx_word' id='word_1_100' title='bbox 985 1378 1220 1431; x_wconf 83' lang='lat' dir='ltr'><strong>Albinus</strong></span> 
     </span>
     <span class='ocr_line' id='line_1_18' title="bbox 287 1448 1222 1511; baseline 0.003 -13"><span class='ocrx_word' id='word_1_101' title='bbox 287 1452 347 1511; x_wconf 86' lang='lat' dir='ltr'>Q</span> <span class='ocrx_word' id='word_1_102' title='bbox 375 1450 580 1499; x_wconf 88' lang='lat' dir='ltr'><strong>Fulvius</strong></span> <span class='ocrx_word' id='word_1_103' title='bbox 604 1463 837 1498; x_wconf 73' lang='lat' dir='ltr'><strong>censores</strong></span> <span class='ocrx_word' id='word_1_104' title='bbox 857 1462 904 1499; x_wconf 87' lang='lat' dir='ltr'><strong>a.</strong></span> <span class='ocrx_word' id='word_1_105' title='bbox 928 1466 981 1498; x_wconf 94' lang='grc' dir='ltr'><strong>ιι.</strong></span> <span class='ocrx_word' id='word_1_106' title='bbox 1007 1464 1049 1497; x_wconf 89' lang='lat' dir='ltr'><strong>c.</strong></span> <span class='ocrx_word' id='word_1_107' title='bbox 1078 1448 1222 1510; x_wconf 74' lang='lat'><strong>580..</strong></span> 
     </span>
     <span class='ocr_line' id='line_1_19' title="bbox 284 1516 1220 1577; baseline -0.001 -9"><span class='ocrx_word' id='word_1_108' title='bbox 284 1521 430 1570; x_wconf 89' lang='lat' dir='ltr'><strong>Verr.</strong></span> <span class='ocrx_word' id='word_1_109' title='bbox 460 1523 678 1567; x_wconf 80' lang='lat' dir='ltr'><strong>accusat.</strong></span> <span class='ocrx_word' id='word_1_110' title='bbox 708 1517 734 1577; x_wconf 77' lang='lat' dir='ltr'><strong>l</strong></span> <span class='ocrx_word' id='word_1_111' title='bbox 759 1555 771 1577; x_wconf 93' lang='lat'><strong><em>‚</em></strong></span> <span class='ocrx_word' id='word_1_112' title='bbox 803 1517 866 1566; x_wconf 87' lang='grc'><strong>41</strong></span> <span class='ocrx_word' id='word_1_113' title='bbox 885 1553 899 1576; x_wconf 94' lang='grc'><strong>,</strong></span> <span class='ocrx_word' id='word_1_114' title='bbox 933 1516 1049 1567; x_wconf 90' lang='grc'><strong>106.</strong></span> <span class='ocrx_word' id='word_1_115' title='bbox 1073 1544 1138 1553; x_wconf 89' lang='lat'><strong>--</strong></span> <span class='ocrx_word' id='word_1_116' title='bbox 1160 1518 1220 1567; x_wconf 94' lang='lat' dir='ltr'><strong>A.</strong></span> 
     </span>
     <span class='ocr_line' id='line_1_20' title="bbox 283 1585 1222 1650; baseline -0.005 -11"><span class='ocrx_word' id='word_1_117' title='bbox 283 1587 530 1645; x_wconf 79' lang='lat' dir='ltr'><strong>Albinus,</strong></span> <span class='ocrx_word' id='word_1_118' title='bbox 564 1587 620 1637; x_wconf 88' lang='lat' dir='ltr'><strong>P.</strong></span> <span class='ocrx_word' id='word_1_119' title='bbox 656 1585 894 1650; x_wconf 77' lang='lat' dir='ltr'><strong>Scipione</strong></span> <span class='ocrx_word' id='word_1_120' title='bbox 926 1593 975 1635; x_wconf 88' lang='lat' dir='ltr'><strong>et</strong></span> <span class='ocrx_word' id='word_1_121' title='bbox 999 1586 1065 1633; x_wconf 90' lang='grc' dir='ltr'><strong>Μ.</strong></span> <span class='ocrx_word' id='word_1_122' title='bbox 1091 1587 1222 1635; x_wconf 88' lang='lat' dir='ltr'><strong>Mar-</strong></span> 
     </span>
     <span class='ocr_line' id='line_1_21' title="bbox 285 1655 1220 1719; baseline 0 -13"><span class='ocrx_word' id='word_1_123' title='bbox 285 1655 415 1707; x_wconf 92' lang='lat' dir='ltr'><strong>cello</strong></span> <span class='ocrx_word' id='word_1_124' title='bbox 447 1669 582 1704; x_wconf 86' lang='lat' dir='ltr'><strong>coss.</strong></span> <span class='ocrx_word' id='word_1_125' title='bbox 614 1662 815 1719; x_wconf 84' lang='lat' dir='ltr'><strong>praetor</strong></span> <span class='ocrx_word' id='word_1_126' title='bbox 844 1668 890 1703; x_wconf 88' lang='lat' dir='ltr'><strong>a.</strong></span> <span class='ocrx_word' id='word_1_127' title='bbox 922 1670 972 1703; x_wconf 89' lang='grc' dir='ltr'><strong>ιι.</strong></span> <span class='ocrx_word' id='word_1_128' title='bbox 1006 1670 1051 1704; x_wconf 89' lang='lat' dir='ltr'><strong>c.</strong></span> <span class='ocrx_word' id='word_1_129' title='bbox 1078 1655 1220 1714; x_wconf 89' lang='grc'><strong>599.,</strong></span> 
     </span>
     <span class='ocr_line' id='line_1_22' title="bbox 286 1722 1215 1776; baseline -0.002 -1"><span class='ocrx_word' id='word_1_130' title='bbox 286 1740 401 1775; x_wconf 89' lang='lat' dir='ltr'><strong>cum</strong></span> <span class='ocrx_word' id='word_1_131' title='bbox 429 1724 487 1776; x_wconf 93' lang='lat' dir='ltr'><strong>L.</strong></span> <span class='ocrx_word' id='word_1_132' title='bbox 508 1723 703 1773; x_wconf 86' lang='lat' dir='ltr'><strong>Licinio</strong></span> <span class='ocrx_word' id='word_1_133' title='bbox 721 1722 936 1773; x_wconf 89' lang='lat' dir='ltr'><strong>Lucullo</strong></span> <span class='ocrx_word' id='word_1_134' title='bbox 969 1724 1147 1773; x_wconf 87' lang='lat' dir='ltr'><strong>consul</strong></span> <span class='ocrx_word' id='word_1_135' title='bbox 1169 1739 1215 1774; x_wconf 87' lang='lat' dir='ltr'><strong>a.</strong></span> 
     </span>
     <span class='ocr_line' id='line_1_23' title="bbox 285 1791 1220 1852; baseline -0.002 -9"><span class='ocrx_word' id='word_1_136' title='bbox 285 1811 334 1843; x_wconf 83' lang='lat' dir='ltr'><strong>u.</strong></span> <span class='ocrx_word' id='word_1_137' title='bbox 367 1810 412 1843; x_wconf 91' lang='lat' dir='ltr'><strong>c.</strong></span> <span class='ocrx_word' id='word_1_138' title='bbox 445 1791 565 1845; x_wconf 88' lang='grc'><strong>603.</strong></span> <span class='ocrx_word' id='word_1_139' title='bbox 585 1829 598 1851; x_wconf 90' lang='grc'><strong>,</strong></span> <span class='ocrx_word' id='word_1_140' title='bbox 624 1793 802 1842; x_wconf 85' lang='lat' dir='ltr'><strong>doctus</strong></span> <span class='ocrx_word' id='word_1_141' title='bbox 823 1807 945 1842; x_wconf 83' lang='lat' dir='ltr'><strong>sane</strong></span> <span class='ocrx_word' id='word_1_142' title='bbox 968 1791 1139 1852; x_wconf 89' lang='lat' dir='ltr'><strong>homo,</strong></span> <span class='ocrx_word' id='word_1_143' title='bbox 1165 1802 1220 1841; x_wconf 88' lang='lat' dir='ltr'><strong>ut</strong></span> 
     </span>
     <span class='ocr_line' id='line_1_24' title="bbox 281 1860 1220 1928; baseline -0.003 -15"><span class='ocrx_word' id='word_1_144' title='bbox 281 1864 470 1913; x_wconf 84' lang='lat' dir='ltr'><strong>indicat</strong></span> <span class='ocrx_word' id='word_1_145' title='bbox 535 1862 698 1927; x_wconf 85' lang='lat' dir='ltr'><strong>ipsius</strong></span> <span class='ocrx_word' id='word_1_146' title='bbox 757 1860 968 1911; x_wconf 88' lang='lat' dir='ltr'><strong>historia</strong></span> <span class='ocrx_word' id='word_1_147' title='bbox 1031 1863 1220 1928; x_wconf 81' lang='lat' dir='ltr'><strong>scripta</strong></span> 
     </span>
     <span class='ocr_line' id='line_1_25' title="bbox 281 1931 1216 1995; baseline 0 -13"><span class='ocrx_word' id='word_1_148' title='bbox 281 1932 498 1990; x_wconf 79' lang='lat' dir='ltr'>Graece,</span> <span class='ocrx_word' id='word_1_149' title='bbox 547 1933 744 1982; x_wconf 84' lang='lat' dir='ltr'><strong>iocatur</strong></span> <span class='ocrx_word' id='word_1_150' title='bbox 789 1947 902 1980; x_wconf 84' lang='lat' dir='ltr'><strong>curn</strong></span> <span class='ocrx_word' id='word_1_151' title='bbox 941 1931 1216 1995; x_wconf 85' lang='lat' dir='ltr'><strong>Carneade,</strong></span> 
     </span>
     <span class='ocr_line' id='line_1_26' title="bbox 279 2000 1216 2065; baseline 0 -15"><span class='ocrx_word' id='word_1_152' title='bbox 279 2003 442 2052; x_wconf 83' lang='lat' dir='ltr'><strong>Acad.</strong></span> <span class='ocrx_word' id='word_1_153' title='bbox 463 2016 538 2065; x_wconf 87' lang='lat' dir='ltr'><strong>pr.</strong></span> <span class='ocrx_word' id='word_1_154' title='bbox 563 2001 612 2059; x_wconf 87' lang='lat'><strong>2,</strong></span> <span class='ocrx_word' id='word_1_155' title='bbox 629 2001 715 2060; x_wconf 85' lang='lat'><strong>45,</strong></span> <span class='ocrx_word' id='word_1_156' title='bbox 742 2000 858 2053; x_wconf 83' lang='lat'><strong>137.</strong></span> <span class='ocrx_word' id='word_1_157' title='bbox 875 2001 1020 2049; x_wconf 87' lang='lat' dir='ltr'><strong>-A.</strong></span> <span class='ocrx_word' id='word_1_158' title='bbox 1042 2001 1216 2052; x_wconf 88' lang='lat' dir='ltr'><strong>Postu-</strong></span> 
     </span>
     <span class='ocr_line' id='line_1_27' title="bbox 279 2070 1221 2132; baseline 0 -12"><span class='ocrx_word' id='word_1_159' title='bbox 279 2072 414 2122; x_wconf 89' lang='lat' dir='ltr'><strong>mius</strong></span> <span class='ocrx_word' id='word_1_160' title='bbox 439 2070 670 2129; x_wconf 67' lang='lat' dir='ltr'><strong>Albium,</strong></span> <span class='ocrx_word' id='word_1_161' title='bbox 691 2071 752 2130; x_wconf 85' lang='lat' dir='ltr'><strong>is,</strong></span> <span class='ocrx_word' id='word_1_162' title='bbox 775 2071 864 2132; x_wconf 90' lang='lat' dir='ltr'><strong>qui</strong></span> <span class='ocrx_word' id='word_1_163' title='bbox 883 2070 1075 2120; x_wconf 79' lang='lat' dir='ltr'><strong>Graece</strong></span> <span class='ocrx_word' id='word_1_164' title='bbox 1094 2072 1221 2120; x_wconf 87' lang='lat' dir='ltr'><strong>scri-</strong></span> 
     </span>
    </p>

    <p class='ocr_par' dir='ltr' id='par_1_8' title="bbox 261 2139 1217 2204">
     <span class='ocr_line' id='line_1_28' title="bbox 261 2139 1217 2204; baseline 0 -16"><span class='ocrx_word' id='word_1_165' title='bbox 261 2139 386 2204; x_wconf 83' lang='lat' dir='ltr'><strong>&#39;psit</strong></span> <span class='ocrx_word' id='word_1_166' title='bbox 404 2139 665 2189; x_wconf 80' lang='lat' dir='ltr'><strong>historiam</strong></span> <span class='ocrx_word' id='word_1_167' title='bbox 683 2175 700 2202; x_wconf 90' lang='lat'><strong>,</strong></span> <span class='ocrx_word' id='word_1_168' title='bbox 723 2141 811 2200; x_wconf 90' lang='lat' dir='ltr'><strong>qui</strong></span> <span class='ocrx_word' id='word_1_169' title='bbox 829 2139 1005 2189; x_wconf 88' lang='lat' dir='ltr'><strong>consul</strong></span> <span class='ocrx_word' id='word_1_170' title='bbox 1025 2155 1140 2191; x_wconf 88' lang='lat' dir='ltr'><strong>cum</strong></span> <span class='ocrx_word' id='word_1_171' title='bbox 1157 2139 1217 2189; x_wconf 92' lang='lat' dir='ltr'><strong>L.</strong></span> 
     </span>
    </p>

    <p class='ocr_par' dir='ltr' id='par_1_9' title="bbox 277 2206 1221 2613">
     <span class='ocr_line' id='line_1_29' title="bbox 279 2206 1218 2267; baseline 0.001 -11"><span class='ocrx_word' id='word_1_172' title='bbox 279 2207 488 2256; x_wconf 89' lang='lat' dir='ltr'><strong>Lucullo</strong></span> <span class='ocrx_word' id='word_1_173' title='bbox 509 2206 624 2267; x_wconf 85' lang='lat' dir='ltr'><strong>fuit,</strong></span> <span class='ocrx_word' id='word_1_174' title='bbox 646 2214 695 2256; x_wconf 87' lang='lat' dir='ltr'><strong>et</strong></span> <span class='ocrx_word' id='word_1_175' title='bbox 715 2207 962 2258; x_wconf 87' lang='lat' dir='ltr'><strong>litteratus</strong></span> <span class='ocrx_word' id='word_1_176' title='bbox 987 2218 1036 2256; x_wconf 86' lang='lat' dir='ltr'><strong>et</strong></span> <span class='ocrx_word' id='word_1_177' title='bbox 1055 2208 1218 2260; x_wconf 84' lang='lat' dir='ltr'><strong>diser-</strong></span> 
     </span>
     <span class='ocr_line' id='line_1_30' title="bbox 281 2274 1218 2338; baseline 0.003 -14"><span class='ocrx_word' id='word_1_178' title='bbox 281 2283 364 2325; x_wconf 84' lang='lat' dir='ltr'><strong>tus</strong></span> <span class='ocrx_word' id='word_1_179' title='bbox 384 2275 506 2338; x_wconf 77' lang='lat' dir='ltr'><strong>fuit,</strong></span> <span class='ocrx_word' id='word_1_180' title='bbox 541 2274 680 2327; x_wconf 84' lang='lat' dir='ltr'><strong>Brut.</strong></span> <span class='ocrx_word' id='word_1_181' title='bbox 711 2276 775 2325; x_wconf 89' lang='lat'><strong>21</strong></span> <span class='ocrx_word' id='word_1_182' title='bbox 797 2313 810 2335; x_wconf 94' lang='lat'>,</span> <span class='ocrx_word' id='word_1_183' title='bbox 840 2277 924 2327; x_wconf 89' lang='grc'><strong>81.</strong></span> <span class='ocrx_word' id='word_1_184' title='bbox 948 2304 1013 2312; x_wconf 94' lang='lat'>—</span> <span class='ocrx_word' id='word_1_185' title='bbox 1036 2278 1100 2326; x_wconf 83' lang='lat' dir='ltr'><strong>A.</strong></span> <span class='ocrx_word' id='word_1_186' title='bbox 1123 2277 1218 2327; x_wconf 91' lang='lat' dir='ltr'><strong>Po-</strong></span> 
     </span>
     <span class='ocr_line' id='line_1_31' title="bbox 283 2343 1220 2396; baseline 0.002 -2"><span class='ocrx_word' id='word_1_187' title='bbox 283 2344 498 2394; x_wconf 82' lang='lat' dir='ltr'><strong>stumius</strong></span> <span class='ocrx_word' id='word_1_188' title='bbox 533 2343 750 2393; x_wconf 90' lang='lat' dir='ltr'><strong>Albinus</strong></span> <span class='ocrx_word' id='word_1_189' title='bbox 775 2359 904 2394; x_wconf 86' lang='lat' dir='ltr'><strong>unus</strong></span> <span class='ocrx_word' id='word_1_190' title='bbox 944 2352 1018 2394; x_wconf 81' lang='lat' dir='ltr'><strong>ex&#39;</strong></span> <span class='ocrx_word' id='word_1_191' title='bbox 1045 2346 1220 2396; x_wconf 84' lang='lat' dir='ltr'><strong>decem</strong></span> 
     </span>
     <span class='ocr_line' id='line_1_32' title="bbox 279 2411 1221 2477; baseline 0.003 -14"><span class='ocrx_word' id='word_1_192' title='bbox 279 2413 464 2477; x_wconf 79' lang='lat' dir='ltr'><strong>legatis</strong></span> <span class='ocrx_word' id='word_1_193' title='bbox 501 2411 560 2461; x_wconf 92' lang='lat' dir='ltr'><strong>L.</strong></span> <span class='ocrx_word' id='word_1_194' title='bbox 606 2411 832 2463; x_wconf 86' lang='lat' dir='ltr'><strong>Mummii</strong></span> <span class='ocrx_word' id='word_1_195' title='bbox 871 2413 1110 2473; x_wconf 85' lang='lat' dir='ltr'><strong>Achaici,</strong></span> <span class='ocrx_word' id='word_1_196' title='bbox 1155 2416 1221 2466; x_wconf 83' lang='lat' dir='ltr'><strong>ad</strong></span> 
     </span>
     <span class='ocr_line' id='line_1_33' title="bbox 281 2479 1219 2543; baseline 0.001 -11"><span class='ocrx_word' id='word_1_197' title='bbox 281 2483 385 2532; x_wconf 86' lang='lat' dir='ltr'><strong>Att.</strong></span> <span class='ocrx_word' id='word_1_198' title='bbox 409 2480 504 2541; x_wconf 87' lang='grc'><strong>13,</strong></span> <span class='ocrx_word' id='word_1_199' title='bbox 536 2479 633 2543; x_wconf 90' lang='grc'><strong>30,</strong></span> <span class='ocrx_word' id='word_1_200' title='bbox 665 2481 716 2532; x_wconf 89' lang='grc'><strong>3.</strong></span> <span class='ocrx_word' id='word_1_201' title='bbox 737 2509 803 2520; x_wconf 89' lang='lat'><em>-</em></span> <span class='ocrx_word' id='word_1_202' title='bbox 822 2481 944 2532; x_wconf 86' lang='lat' dir='ltr'><strong>Eius</strong></span> <span class='ocrx_word' id='word_1_203' title='bbox 976 2489 1141 2533; x_wconf 80' lang='lat' dir='ltr'><strong>statua</strong></span> <span class='ocrx_word' id='word_1_204' title='bbox 1169 2485 1219 2534; x_wconf 89' lang='lat' dir='ltr'><strong>in</strong></span> 
     </span>
     <span class='ocr_line' id='line_1_34' title="bbox 277 2549 1108 2613; baseline 0.001 -13"><span class='ocrx_word' id='word_1_205' title='bbox 277 2551 470 2600; x_wconf 79' lang='lat' dir='ltr'><strong>Isthmo</strong></span> <span class='ocrx_word' id='word_1_206' title='bbox 492 2551 684 2612; x_wconf 84' lang='lat' dir='ltr'><strong>posita,</strong></span> <span class='ocrx_word' id='word_1_207' title='bbox 707 2551 781 2602; x_wconf 89' lang='lat' dir='ltr'><strong>Ib.</strong></span> <span class='ocrx_word' id='word_1_208' title='bbox 808 2549 890 2612; x_wconf 86' lang='lat'><strong>13,</strong></span> <span class='ocrx_word' id='word_1_209' title='bbox 923 2551 1007 2613; x_wconf 82' lang='lat'><strong>32,</strong></span> <span class='ocrx_word' id='word_1_210' title='bbox 1027 2551 1077 2603; x_wconf 86' lang='lat'><strong>3.</strong></span> <span class='ocrx_word' id='word_1_211' title='bbox 1096 2583 1108 2588; x_wconf 94' lang='lat'><em>-</em></span> 
     </span>
    </p>

    <p class='ocr_par' dir='ltr' id='par_1_10' title="bbox 209 2615 1218 3012">
     <span class='ocr_line' id='line_1_35' title="bbox 209 2615 1218 2672; baseline 0.001 -3"><span class='ocrx_word' id='word_1_212' title='bbox 209 2617 272 2669; x_wconf 79' lang='lat' dir='ltr'><strong>A.</strong></span> <span class='ocrx_word' id='word_1_213' title='bbox 311 2615 638 2669; x_wconf 83' lang='lat' dir='ltr'><strong>Postumius</strong></span> <span class='ocrx_word' id='word_1_214' title='bbox 677 2617 915 2670; x_wconf 82' lang='lat' dir='ltr'><strong>Albinus</strong></span> <span class='ocrx_word' id='word_1_215' title='bbox 952 2635 1058 2670; x_wconf 89' lang='lat' dir='ltr'><strong>cos.</strong></span> <span class='ocrx_word' id='word_1_216' title='bbox 1103 2637 1218 2672; x_wconf 91' lang='lat' dir='ltr'><strong>cum</strong></span> 
     </span>
     <span class='ocr_line' id='line_1_36' title="bbox 277 2687 1215 2740; baseline 0.001 -3"><span class='ocrx_word' id='word_1_217' title='bbox 277 2689 355 2738; x_wconf 65' lang='lat' dir='ltr'><strong>M:</strong></span> <span class='ocrx_word' id='word_1_218' title='bbox 369 2688 590 2736; x_wconf 87' lang='lat' dir='ltr'><strong>Antonio</strong></span> <span class='ocrx_word' id='word_1_219' title='bbox 612 2701 659 2735; x_wconf 82' lang='lat' dir='ltr'><strong>a.</strong></span> <span class='ocrx_word' id='word_1_220' title='bbox 680 2702 734 2736; x_wconf 91' lang='grc' dir='ltr'><strong>ιι.</strong></span> <span class='ocrx_word' id='word_1_221' title='bbox 755 2703 800 2736; x_wconf 90' lang='lat' dir='ltr'><strong>c.</strong></span> <span class='ocrx_word' id='word_1_222' title='bbox 821 2687 941 2739; x_wconf 83' lang='lat'><strong>655.</strong></span> <span class='ocrx_word' id='word_1_223' title='bbox 965 2689 1022 2738; x_wconf 88' lang='lat' dir='ltr'><strong>In</strong></span> <span class='ocrx_word' id='word_1_224' title='bbox 1041 2704 1100 2738; x_wconf 85' lang='lat' dir='ltr'><strong>eo</strong></span> <span class='ocrx_word' id='word_1_225' title='bbox 1117 2689 1215 2740; x_wconf 85' lang='lat' dir='ltr'><strong>fuit</strong></span> 
     </span>
     <span class='ocr_line' id='line_1_37' title="bbox 276 2755 1210 2820; baseline 0.004 -14"><span class='ocrx_word' id='word_1_226' title='bbox 276 2758 388 2806; x_wconf 79' lang='lat' dir='ltr'><strong>laus</strong></span> <span class='ocrx_word' id='word_1_227' title='bbox 407 2756 536 2806; x_wconf 88' lang='lat' dir='ltr'><strong>bene</strong></span> <span class='ocrx_word' id='word_1_228' title='bbox 553 2755 811 2820; x_wconf 85' lang='lat' dir='ltr'><strong>loquendi,</strong></span> <span class='ocrx_word' id='word_1_229' title='bbox 831 2755 973 2806; x_wconf 81' lang='lat' dir='ltr'><strong>Brut.</strong></span> <span class='ocrx_word' id='word_1_230' title='bbox 993 2757 1076 2818; x_wconf 89' lang='grc'><strong>35,</strong></span> <span class='ocrx_word' id='word_1_231' title='bbox 1094 2758 1210 2810; x_wconf 86' lang='grc'><strong>135.</strong></span> 
     </span>
     <span class='ocr_line' id='line_1_38' title="bbox 277 2823 1216 2890; baseline 0.002 -14"><span class='ocrx_word' id='word_1_232' title='bbox 277 2832 393 2890; x_wconf 85' lang='lat' dir='ltr'><strong>post</strong></span> <span class='ocrx_word' id='word_1_233' title='bbox 409 2825 518 2874; x_wconf 85' lang='lat' dir='ltr'><strong>red.</strong></span> <span class='ocrx_word' id='word_1_234' title='bbox 539 2824 608 2873; x_wconf 84' lang='lat' dir='ltr'><strong>ad</strong></span> <span class='ocrx_word' id='word_1_235' title='bbox 627 2823 767 2882; x_wconf 88' lang='lat' dir='ltr'><strong>Quir.</strong></span> <span class='ocrx_word' id='word_1_236' title='bbox 789 2825 824 2875; x_wconf 98' lang='lat'>5</span> <span class='ocrx_word' id='word_1_237' title='bbox 838 2862 853 2886; x_wconf 91' lang='lat'>,</span> <span class='ocrx_word' id='word_1_238' title='bbox 883 2825 966 2876; x_wconf 93' lang='lat'><strong>11.</strong></span> <span class='ocrx_word' id='word_1_239' title='bbox 986 2853 1055 2864; x_wconf 91' lang='lat'><strong>——</strong></span> <span class='ocrx_word' id='word_1_240' title='bbox 1075 2825 1216 2878; x_wconf 91' lang='lat' dir='ltr'><strong>Orel-</strong></span> 
     </span>
     <span class='ocr_line' id='line_1_39' title="bbox 275 2893 1213 2962; baseline 0.004 -18"><span class='ocrx_word' id='word_1_241' title='bbox 275 2895 377 2944; x_wconf 88' lang='lat' dir='ltr'><strong>lius</strong></span> <span class='ocrx_word' id='word_1_242' title='bbox 426 2909 488 2942; x_wconf 90' lang='lat' dir='ltr'><strong>ex</strong></span> <span class='ocrx_word' id='word_1_243' title='bbox 537 2893 756 2942; x_wconf 86' lang='lat' dir='ltr'><strong>nummis</strong></span> <span class='ocrx_word' id='word_1_244' title='bbox 809 2893 907 2946; x_wconf 86' lang='lat' dir='ltr'><strong>hoo</strong></span> <span class='ocrx_word' id='word_1_245' title='bbox 947 2901 1213 2962; x_wconf 79' lang='lat' dir='ltr'><strong>proposuit</strong></span> 
     </span>
     <span class='ocr_line' id='line_1_40' title="bbox 276 2971 517 3012; baseline -0.008 0"><span class='ocrx_word' id='word_1_246' title='bbox 276 2971 517 3012; x_wconf 79' lang='lat' dir='ltr'><strong>stemma:</strong></span> 
     </span>
    </p>

    <p class='ocr_par' dir='ltr' id='par_1_11' title="bbox 395 3029 1030 3154">
     <span class='ocr_line' id='line_1_41' title="bbox 395 3029 1030 3096; baseline 0.008 -17"><span class='ocrx_word' id='word_1_247' title='bbox 395 3029 483 3096; x_wconf 87' lang='lat' dir='ltr'><strong>Sp.</strong></span> <span class='ocrx_word' id='word_1_248' title='bbox 504 3031 794 3081; x_wconf 85' lang='lat' dir='ltr'><strong>Postumius</strong></span> <span class='ocrx_word' id='word_1_249' title='bbox 813 3032 1030 3084; x_wconf 88' lang='lat' dir='ltr'><strong>Albinus</strong></span> 
     </span>
     <span class='ocr_line' id='line_1_42' title="bbox 479 3099 934 3154; baseline 0.009 -6"><span class='ocrx_word' id='word_1_250' title='bbox 479 3115 587 3152; x_wconf 84' lang='lat' dir='ltr'><strong>cos.</strong></span> <span class='ocrx_word' id='word_1_251' title='bbox 609 3115 657 3150; x_wconf 88' lang='lat' dir='ltr'><strong>a.</strong></span> <span class='ocrx_word' id='word_1_252' title='bbox 677 3116 726 3148; x_wconf 90' lang='grc' dir='ltr'><strong>ιι.</strong></span> <span class='ocrx_word' id='word_1_253' title='bbox 750 3117 793 3150; x_wconf 88' lang='lat' dir='ltr'><strong>o.</strong></span> <span class='ocrx_word' id='word_1_254' title='bbox 813 3099 934 3154; x_wconf 83' lang='lat'><strong>606.</strong></span> 
     </span>
    </p>
   </div>
   <div class='ocr_carea' id='block_1_6' title="bbox 395 3237 1011 3291">
    <p class='ocr_par' dir='ltr' id='par_1_12' title="bbox 395 3237 1011 3291">
     <span class='ocr_line' id='line_1_43' title="bbox 395 3237 1011 3291; baseline 0.008 -5"><span class='ocrx_word' id='word_1_255' title='bbox 395 3238 459 3288; x_wconf 94' lang='lat' dir='ltr'><strong>A.</strong></span> <span class='ocrx_word' id='word_1_256' title='bbox 481 3237 772 3288; x_wconf 80' lang='lat' dir='ltr'><strong>Postumius</strong></span> <span class='ocrx_word' id='word_1_257' title='bbox 793 3239 1011 3291; x_wconf 84' lang='lat' dir='ltr'><strong>Albinus</strong></span> 
     </span>
    </p>
   </div>
   <div class='ocr_carea' id='block_1_7' title="bbox 371 3373 1004 3495">
    <p class='ocr_par' dir='ltr' id='par_1_13' title="bbox 371 3373 1004 3495">
     <span class='ocr_line' id='line_1_44' title="bbox 371 3373 1004 3427; baseline 0.008 -5"><span class='ocrx_word' id='word_1_258' title='bbox 371 3385 375 3394; x_wconf 93' lang='grc'><strong><em>·</em></strong></span> <span class='ocrx_word' id='word_1_259' title='bbox 391 3373 458 3427; x_wconf 87' lang='lat' dir='ltr'><strong>A.</strong></span> <span class='ocrx_word' id='word_1_260' title='bbox 479 3373 768 3424; x_wconf 84' lang='lat' dir='ltr'><strong>Postumius</strong></span> <span class='ocrx_word' id='word_1_261' title='bbox 786 3375 1004 3427; x_wconf 83' lang='lat' dir='ltr'><strong>Albinus</strong></span> 
     </span>
     <span class='ocr_line' id='line_1_45' title="bbox 481 3443 932 3495; baseline 0.009 -7"><span class='ocrx_word' id='word_1_262' title='bbox 481 3455 584 3492; x_wconf 81' lang='lat' dir='ltr'><strong>cos.</strong></span> <span class='ocrx_word' id='word_1_263' title='bbox 608 3456 656 3492; x_wconf 82' lang='lat' dir='ltr'><strong>a.</strong></span> <span class='ocrx_word' id='word_1_264' title='bbox 674 3458 728 3495; x_wconf 74' lang='lat' dir='ltr'><strong>u.</strong></span> <span class='ocrx_word' id='word_1_265' title='bbox 749 3460 790 3493; x_wconf 77' lang='lat' dir='ltr'><strong>c.</strong></span> <span class='ocrx_word' id='word_1_266' title='bbox 812 3443 932 3495; x_wconf 83' lang='lat'><strong>655.</strong></span> 
     </span>
    </p>
   </div>
   <div class='ocr_carea' id='block_1_8' title="bbox 1280 418 2345 3508">
    <p class='ocr_par' dir='ltr' id='par_1_14' title="bbox 1367 418 2307 610">
     <span class='ocr_line' id='line_1_46' title="bbox 1368 418 2307 484; baseline 0.004 -16"><span class='ocrx_word' id='word_1_267' title='bbox 1368 418 1488 469; x_wconf 85' lang='lat'><strong>520.</strong></span> <span class='ocrx_word' id='word_1_268' title='bbox 1518 419 1637 469; x_wconf 85' lang='grc'><strong>525.</strong></span> <span class='ocrx_word' id='word_1_269' title='bbox 1660 428 1709 469; x_wconf 84' lang='lat' dir='ltr'><strong>et</strong></span> <span class='ocrx_word' id='word_1_270' title='bbox 1728 419 1867 482; x_wconf 66' lang='lat'>539„</span> <span class='ocrx_word' id='word_1_271' title='bbox 1898 429 2009 470; x_wconf 83' lang='lat' dir='ltr'><strong>ante</strong></span> <span class='ocrx_word' id='word_1_272' title='bbox 2037 437 2187 484; x_wconf 87' lang='lat' dir='ltr'><strong>quam</strong></span> <span class='ocrx_word' id='word_1_273' title='bbox 2206 430 2307 472; x_wconf 88' lang='lat' dir='ltr'><strong>ter-</strong></span> 
     </span>
     <span class='ocr_line' id='line_1_47' title="bbox 1367 488 2305 548; baseline 0.005 -13"><span class='ocrx_word' id='word_1_274' title='bbox 1367 489 1494 537; x_wconf 83' lang='lat' dir='ltr'><strong>tium</strong></span> <span class='ocrx_word' id='word_1_275' title='bbox 1534 488 1847 538; x_wconf 86' lang='lat' dir='ltr'><strong>consulatum</strong></span> <span class='ocrx_word' id='word_1_276' title='bbox 1883 491 2058 548; x_wconf 85' lang='lat' dir='ltr'><strong>iniret,</strong></span> <span class='ocrx_word' id='word_1_277' title='bbox 2094 492 2144 539; x_wconf 90' lang='lat' dir='ltr'><strong>in</strong></span> <span class='ocrx_word' id='word_1_278' title='bbox 2176 491 2305 540; x_wconf 80' lang='lat' dir='ltr'><strong>silva</strong></span> 
     </span>
     <span class='ocr_line' id='line_1_48' title="bbox 1367 554 2302 621; baseline 0.007 -17"><span class='ocrx_word' id='word_1_279' title='bbox 1367 556 1545 605; x_wconf 81' lang='lat' dir='ltr'><strong>Litana</strong></span> <span class='ocrx_word' id='word_1_280' title='bbox 1566 572 1595 605; x_wconf 86' lang='lat' dir='ltr'><strong>a</strong></span> <span class='ocrx_word' id='word_1_281' title='bbox 1616 554 1773 605; x_wconf 86' lang='lat' dir='ltr'><strong>Gallis</strong></span> <span class='ocrx_word' id='word_1_282' title='bbox 1794 561 1993 609; x_wconf 86' lang='lat' dir='ltr'><strong>occisus</strong></span> <span class='ocrx_word' id='word_1_283' title='bbox 2015 567 2117 621; x_wconf 80' lang='lat' dir='ltr'><strong>est,</strong></span> <span class='ocrx_word' id='word_1_284' title='bbox 2150 560 2302 610; x_wconf 85' lang='lat' dir='ltr'><strong>Tusc.</strong></span> 
     </span>
    </p>

    <p class='ocr_par' dir='ltr' id='par_1_15' title="bbox 1296 662 2303 1510">
     <span class='ocr_line' id='line_1_49' title="bbox 1296 662 2303 759; baseline 0 -14"><span class='ocrx_word' id='word_1_285' title='bbox 1296 692 1390 759; x_wconf 85' lang='lat' dir='ltr'><strong>Sp.</strong></span> <span class='ocrx_word' id='word_1_286' title='bbox 1402 662 1749 744; x_wconf 83' lang='lat' dir='ltr'><strong>Postumius</strong></span> <span class='ocrx_word' id='word_1_287' title='bbox 1780 691 2015 745; x_wconf 85' lang='lat' dir='ltr'><strong>Albinus</strong></span> <span class='ocrx_word' id='word_1_288' title='bbox 2046 704 2095 745; x_wconf 82' lang='lat' dir='ltr'><strong>et</strong></span> <span class='ocrx_word' id='word_1_289' title='bbox 2124 697 2183 744; x_wconf 90' lang='lat' dir='ltr'><strong>T.</strong></span> <span class='ocrx_word' id='word_1_290' title='bbox 2206 698 2303 745; x_wconf 90' lang='lat' dir='ltr'><strong>Ve-</strong></span> 
     </span>
     <span class='ocr_line' id='line_1_50' title="bbox 1364 762 2300 816; baseline 0.006 -6"><span class='ocrx_word' id='word_1_291' title='bbox 1364 764 1526 811; x_wconf 85' lang='lat' dir='ltr'><strong>turius</strong></span> <span class='ocrx_word' id='word_1_292' title='bbox 1548 762 1787 812; x_wconf 85' lang='lat' dir='ltr'><strong>Calvinus</strong></span> <span class='ocrx_word' id='word_1_293' title='bbox 1818 778 1950 813; x_wconf 86' lang='lat' dir='ltr'><strong>coss.</strong></span> <span class='ocrx_word' id='word_1_294' title='bbox 1974 765 2153 815; x_wconf 87' lang='lat' dir='ltr'><strong>iterum</strong></span> <span class='ocrx_word' id='word_1_295' title='bbox 2184 780 2229 814; x_wconf 87' lang='lat' dir='ltr'><strong>a.</strong></span> <span class='ocrx_word' id='word_1_296' title='bbox 2252 781 2300 816; x_wconf 90' lang='lat' dir='ltr'><strong>u.</strong></span> 
     </span>
     <span class='ocr_line' id='line_1_51' title="bbox 1365 830 2303 895; baseline 0.003 -16"><span class='ocrx_word' id='word_1_297' title='bbox 1365 832 1411 879; x_wconf 73' lang='lat' dir='ltr'><strong>c.</strong></span> <span class='ocrx_word' id='word_1_298' title='bbox 1432 830 1809 893; x_wconf 59' lang='lat' dir='ltr'><strong>433.„Caudino</strong></span> <span class='ocrx_word' id='word_1_299' title='bbox 1830 832 2022 895; x_wconf 88' lang='lat' dir='ltr'><strong>proelio</strong></span> <span class='ocrx_word' id='word_1_300' title='bbox 2046 848 2075 883; x_wconf 87' lang='lat' dir='ltr'><strong>a</strong></span> <span class='ocrx_word' id='word_1_301' title='bbox 2097 835 2151 887; x_wconf 86' lang='lat' dir='ltr'><strong>C.</strong></span> <span class='ocrx_word' id='word_1_302' title='bbox 2172 833 2303 882; x_wconf 84' lang='lat' dir='ltr'><strong>Pon·</strong></span> 
     </span>
     <span class='ocr_line' id='line_1_52' title="bbox 1362 899 2301 967; baseline 0.002 -18"><span class='ocrx_word' id='word_1_303' title='bbox 1362 902 1435 950; x_wconf 87' lang='lat' dir='ltr'><strong>tio</strong></span> <span class='ocrx_word' id='word_1_304' title='bbox 1489 899 1723 951; x_wconf 84' lang='lat' dir='ltr'><strong>Telesino</strong></span> <span class='ocrx_word' id='word_1_305' title='bbox 1776 900 2001 951; x_wconf 82' lang='lat' dir='ltr'><strong>Samnite</strong></span> <span class='ocrx_word' id='word_1_306' title='bbox 2060 906 2301 967; x_wconf 81' lang='lat' dir='ltr'><strong>superati,</strong></span> 
     </span>
     <span class='ocr_line' id='line_1_53' title="bbox 1366 969 2302 1034; baseline 0.002 -15"><span class='ocrx_word' id='word_1_307' title='bbox 1366 970 1429 1019; x_wconf 85' lang='lat' dir='ltr'><strong>de</strong></span> <span class='ocrx_word' id='word_1_308' title='bbox 1449 984 1555 1019; x_wconf 87' lang='lat' dir='ltr'><strong>sen.</strong></span> <span class='ocrx_word' id='word_1_309' title='bbox 1594 971 1681 1028; x_wconf 85' lang='grc'><strong>12,</strong></span> <span class='ocrx_word' id='word_1_310' title='bbox 1711 971 1796 1021; x_wconf 88' lang='grc'><strong>41.</strong></span> <span class='ocrx_word' id='word_1_311' title='bbox 1818 996 1883 1005; x_wconf 88' lang='lat'><strong>-—</strong></span> <span class='ocrx_word' id='word_1_312' title='bbox 1905 969 1993 1034; x_wconf 90' lang='lat' dir='ltr'><strong>Sp.</strong></span> <span class='ocrx_word' id='word_1_313' title='bbox 2015 971 2302 1021; x_wconf 86' lang='lat' dir='ltr'><strong>Postumius</strong></span> 
     </span>
     <span class='ocr_line' id='line_1_54' title="bbox 1366 1039 2302 1091; baseline 0.005 -5"><span class='ocrx_word' id='word_1_314' title='bbox 1366 1039 1578 1089; x_wconf 85' lang='lat' dir='ltr'><strong>Albinus</strong></span> <span class='ocrx_word' id='word_1_315' title='bbox 1614 1046 1663 1088; x_wconf 85' lang='lat' dir='ltr'><strong>et</strong></span> <span class='ocrx_word' id='word_1_316' title='bbox 1692 1040 1750 1088; x_wconf 91' lang='lat' dir='ltr'><strong>T.</strong></span> <span class='ocrx_word' id='word_1_317' title='bbox 1786 1039 2026 1089; x_wconf 87' lang='lat' dir='ltr'><strong>Veturius</strong></span> <span class='ocrx_word' id='word_1_318' title='bbox 2063 1040 2302 1091; x_wconf 82' lang='lat' dir='ltr'><strong>Calvinus</strong></span> 
     </span>
     <span class='ocr_line' id='line_1_55' title="bbox 1365 1107 2303 1171; baseline 0.002 -14"><span class='ocrx_word' id='word_1_319' title='bbox 1365 1122 1498 1161; x_wconf 89' lang='lat' dir='ltr'><strong>coss.</strong></span> <span class='ocrx_word' id='word_1_320' title='bbox 1541 1109 1723 1157; x_wconf 81' lang='lat' dir='ltr'><strong>iterum</strong></span> <span class='ocrx_word' id='word_1_321' title='bbox 1758 1123 1805 1157; x_wconf 91' lang='lat' dir='ltr'><strong>a.</strong></span> <span class='ocrx_word' id='word_1_322' title='bbox 1846 1123 1897 1156; x_wconf 95' lang='lat' dir='ltr'><strong>u.</strong></span> <span class='ocrx_word' id='word_1_323' title='bbox 1944 1124 1988 1157; x_wconf 87' lang='lat' dir='ltr'><strong>c.</strong></span> <span class='ocrx_word' id='word_1_324' title='bbox 2028 1107 2177 1169; x_wconf 89' lang='grc'><strong>433.,</strong></span> <span class='ocrx_word' id='word_1_325' title='bbox 2217 1111 2303 1171; x_wconf 87' lang='lat' dir='ltr'><strong>qui</strong></span> 
     </span>
     <span class='ocr_line' id='line_1_56' title="bbox 1365 1177 2302 1243; baseline 0.004 -19"><span class='ocrx_word' id='word_1_326' title='bbox 1365 1192 1520 1238; x_wconf 88' lang='lat' dir='ltr'><strong>quum</strong></span> <span class='ocrx_word' id='word_1_327' title='bbox 1547 1178 1676 1227; x_wconf 87' lang='lat' dir='ltr'><strong>male</strong></span> <span class='ocrx_word' id='word_1_328' title='bbox 1709 1184 1991 1241; x_wconf 83' lang='lat' dir='ltr'><strong>pugnatum</strong></span> <span class='ocrx_word' id='word_1_329' title='bbox 2013 1180 2151 1243; x_wconf 85' lang='lat' dir='ltr'><strong>apud</strong></span> <span class='ocrx_word' id='word_1_330' title='bbox 2174 1177 2302 1227; x_wconf 82' lang='lat' dir='ltr'><strong>Gau-</strong></span> 
     </span>
     <span class='ocr_line' id='line_1_57' title="bbox 1362 1245 2301 1310; baseline 0.001 -15"><span class='ocrx_word' id='word_1_331' title='bbox 1362 1246 1503 1295; x_wconf 83' lang='lat' dir='ltr'><strong>dium</strong></span> <span class='ocrx_word' id='word_1_332' title='bbox 1523 1254 1673 1305; x_wconf 88' lang='lat' dir='ltr'><strong>esset,</strong></span> <span class='ocrx_word' id='word_1_333' title='bbox 1687 1245 1976 1310; x_wconf 84' lang='lat' dir='ltr'><strong>legionibus</strong></span> <span class='ocrx_word' id='word_1_334' title='bbox 1997 1249 2184 1296; x_wconf 85' lang='lat' dir='ltr'><strong>nostris</strong></span> <span class='ocrx_word' id='word_1_335' title='bbox 2202 1248 2301 1297; x_wconf 88' lang='lat' dir='ltr'><strong>sub</strong></span> 
     </span>
     <span class='ocr_line' id='line_1_58' title="bbox 1364 1314 2301 1378; baseline 0.003 -16"><span class='ocrx_word' id='word_1_336' title='bbox 1364 1316 1540 1378; x_wconf 84' lang='lat' dir='ltr'><strong>iugum</strong></span> <span class='ocrx_word' id='word_1_337' title='bbox 1564 1315 1737 1365; x_wconf 86' lang='lat' dir='ltr'><strong>missis</strong></span> <span class='ocrx_word' id='word_1_338' title='bbox 1758 1328 1937 1377; x_wconf 86' lang='lat' dir='ltr'><strong>pacem</strong></span> <span class='ocrx_word' id='word_1_339' title='bbox 1966 1330 2080 1363; x_wconf 89' lang='lat' dir='ltr'><strong>cum</strong></span> <span class='ocrx_word' id='word_1_340' title='bbox 2102 1314 2301 1365; x_wconf 84' lang='lat' dir='ltr'><strong>Samni-</strong></span> 
     </span>
     <span class='ocr_line' id='line_1_59' title="bbox 1363 1382 2297 1445; baseline 0.004 -15"><span class='ocrx_word' id='word_1_341' title='bbox 1363 1384 1501 1432; x_wconf 83' lang='lat' dir='ltr'><strong>tibus</strong></span> <span class='ocrx_word' id='word_1_342' title='bbox 1520 1383 1761 1443; x_wconf 78' lang='lat' dir='ltr'><strong>fecerant,</strong></span> <span class='ocrx_word' id='word_1_343' title='bbox 1786 1382 1941 1431; x_wconf 85' lang='lat' dir='ltr'><strong>dediti</strong></span> <span class='ocrx_word' id='word_1_344' title='bbox 1963 1390 2081 1431; x_wconf 85' lang='lat' dir='ltr'><strong>sunt</strong></span> <span class='ocrx_word' id='word_1_345' title='bbox 2101 1385 2163 1433; x_wconf 88' lang='lat' dir='ltr'><strong>iis</strong></span> <span class='ocrx_word' id='word_1_346' title='bbox 2185 1393 2297 1445; x_wconf 63' lang='lat' dir='ltr'><strong>etc„</strong></span> 
     </span>
     <span class='ocr_line' id='line_1_60' title="bbox 1367 1448 1859 1510; baseline -0.002 -11"><span class='ocrx_word' id='word_1_347' title='bbox 1367 1452 1430 1499; x_wconf 89' lang='lat' dir='ltr'><strong>de</strong></span> <span class='ocrx_word' id='word_1_348' title='bbox 1450 1451 1533 1501; x_wconf 82' lang='lat' dir='ltr'><strong>off.</strong></span> <span class='ocrx_word' id='word_1_349' title='bbox 1556 1449 1603 1509; x_wconf 87' lang='grc'><strong>3,</strong></span> <span class='ocrx_word' id='word_1_350' title='bbox 1624 1449 1713 1510; x_wconf 90' lang='grc'><strong>30,</strong></span> <span class='ocrx_word' id='word_1_351' title='bbox 1743 1448 1859 1500; x_wconf 89' lang='grc'><strong>109.</strong></span> 
     </span>
    </p>

    <p class='ocr_par' dir='ltr' id='par_1_16' title="bbox 1294 1515 2345 1789">
     <span class='ocr_line' id='line_1_61' title="bbox 1294 1515 2297 1585; baseline 0.003 -16"><span class='ocrx_word' id='word_1_352' title='bbox 1294 1518 1387 1585; x_wconf 83' lang='lat' dir='ltr'><strong>Sp.</strong></span> <span class='ocrx_word' id='word_1_353' title='bbox 1424 1515 1747 1569; x_wconf 88' lang='lat' dir='ltr'><strong>Postumius</strong></span> <span class='ocrx_word' id='word_1_354' title='bbox 1776 1517 2013 1571; x_wconf 84' lang='lat' dir='ltr'><strong>Albinus</strong></span> <span class='ocrx_word' id='word_1_355' title='bbox 2046 1522 2221 1571; x_wconf 89' lang='lat' dir='ltr'><strong>consul</strong></span> <span class='ocrx_word' id='word_1_356' title='bbox 2252 1538 2297 1573; x_wconf 87' lang='lat' dir='ltr'><strong>a.</strong></span> 
     </span>
     <span class='ocr_line' id='line_1_62' title="bbox 1364 1586 2298 1655; baseline 0.009 -20"><span class='ocrx_word' id='word_1_357' title='bbox 1364 1604 1413 1635; x_wconf 89' lang='grc' dir='ltr'><strong>ιι.</strong></span> <span class='ocrx_word' id='word_1_358' title='bbox 1448 1604 1491 1637; x_wconf 84' lang='lat' dir='ltr'><strong>c.</strong></span> <span class='ocrx_word' id='word_1_359' title='bbox 1516 1586 1635 1638; x_wconf 84' lang='lat'><strong>568.</strong></span> <span class='ocrx_word' id='word_1_360' title='bbox 1665 1603 1829 1653; x_wconf 85' lang='lat' dir='ltr'><strong>augur</strong></span> <span class='ocrx_word' id='word_1_361' title='bbox 1856 1596 2085 1639; x_wconf 86' lang='lat' dir='ltr'><strong>mortuus</strong></span> <span class='ocrx_word' id='word_1_362' title='bbox 2108 1605 2155 1641; x_wconf 88' lang='lat' dir='ltr'><strong>a.</strong></span> <span class='ocrx_word' id='word_1_363' title='bbox 2177 1607 2298 1655; x_wconf 29' lang='lat' dir='ltr'><strong>u.,c.</strong></span> 
     </span>
     <span class='ocr_line' id='line_1_63' title="bbox 1361 1656 2345 1709; baseline 0.002 -2"><span class='ocrx_word' id='word_1_364' title='bbox 1361 1656 1484 1709; x_wconf 90' lang='grc'><strong>574.</strong></span> <span class='ocrx_word' id='word_1_365' title='bbox 1520 1656 1803 1706; x_wconf 85' lang='lat' dir='ltr'><strong>Senectutis</strong></span> <span class='ocrx_word' id='word_1_366' title='bbox 1824 1660 2143 1708; x_wconf 81' lang='lat' dir='ltr'><strong>incommoda</strong></span> <span class='ocrx_word' id='word_1_367' title='bbox 2171 1658 2301 1709; x_wconf 82' lang='lat' dir='ltr'><strong>sole·</strong></span> <span class='ocrx_word' id='word_1_368' title='bbox 2340 1678 2345 1681; x_wconf 95' lang='lat'>·</span> 
     </span>
     <span class='ocr_line' id='line_1_64' title="bbox 1360 1726 2121 1789; baseline 0.005 -15"><span class='ocrx_word' id='word_1_369' title='bbox 1360 1726 1445 1775; x_wconf 87' lang='lat' dir='ltr'><strong>bat</strong></span> <span class='ocrx_word' id='word_1_370' title='bbox 1466 1726 1757 1789; x_wconf 82' lang='lat' dir='ltr'><strong>deplorare,</strong></span> <span class='ocrx_word' id='word_1_371' title='bbox 1781 1728 1972 1779; x_wconf 86' lang='lat' dir='ltr'><strong>desen.</strong></span> <span class='ocrx_word' id='word_1_372' title='bbox 1998 1726 2047 1787; x_wconf 84' lang='lat'><strong>3,</strong></span> <span class='ocrx_word' id='word_1_373' title='bbox 2074 1731 2121 1778; x_wconf 89' lang='grc'><strong>7.</strong></span> 
     </span>
    </p>

    <p class='ocr_par' dir='ltr' id='par_1_17' title="bbox 1292 1791 2299 1985">
     <span class='ocr_line' id='line_1_65' title="bbox 1292 1791 2299 1864; baseline 0.001 -19"><span class='ocrx_word' id='word_1_374' title='bbox 1292 1792 1383 1858; x_wconf 85' lang='lat' dir='ltr'><strong>Sp.</strong></span> <span class='ocrx_word' id='word_1_375' title='bbox 1417 1791 1745 1845; x_wconf 87' lang='lat' dir='ltr'><strong>Postumius</strong></span> <span class='ocrx_word' id='word_1_376' title='bbox 1782 1793 2019 1846; x_wconf 87' lang='lat' dir='ltr'><strong>Albinus</strong></span> <span class='ocrx_word' id='word_1_377' title='bbox 2056 1795 2299 1864; x_wconf 79' lang='lat' dir='ltr'><strong>Magnus</strong></span> 
     </span>
     <span class='ocr_line' id='line_1_66' title="bbox 1362 1863 2299 1915; baseline 0.004 -4"><span class='ocrx_word' id='word_1_378' title='bbox 1362 1877 1468 1913; x_wconf 87' lang='lat' dir='ltr'><strong>cos.</strong></span> <span class='ocrx_word' id='word_1_379' title='bbox 1492 1878 1537 1911; x_wconf 86' lang='lat' dir='ltr'><strong>a.</strong></span> <span class='ocrx_word' id='word_1_380' title='bbox 1560 1879 1611 1915; x_wconf 85' lang='lat' dir='ltr'><strong>u.</strong></span> <span class='ocrx_word' id='word_1_381' title='bbox 1636 1880 1678 1913; x_wconf 89' lang='lat' dir='ltr'><strong>c.</strong></span> <span class='ocrx_word' id='word_1_382' title='bbox 1688 1863 1821 1914; x_wconf 86' lang='lat'><strong>·.606</strong></span> <span class='ocrx_word' id='word_1_383' title='bbox 1847 1863 2033 1913; x_wconf 79' lang='lat' dir='ltr'><strong>Multae</strong></span> <span class='ocrx_word' id='word_1_384' title='bbox 2052 1876 2169 1915; x_wconf 86' lang='lat' dir='ltr'><strong>sunt</strong></span> <span class='ocrx_word' id='word_1_385' title='bbox 2190 1867 2299 1915; x_wconf 88' lang='lat' dir='ltr'><strong>eius</strong></span> 
     </span>
     <span class='ocr_line' id='line_1_67' title="bbox 1362 1933 2023 1992; baseline 0.005 -10"><span class='ocrx_word' id='word_1_386' title='bbox 1362 1933 1643 1992; x_wconf 80' lang='lat' dir='ltr'><strong>orationes,</strong></span> <span class='ocrx_word' id='word_1_387' title='bbox 1667 1933 1803 1984; x_wconf 87' lang='lat' dir='ltr'><strong>Brut.</strong></span> <span class='ocrx_word' id='word_1_388' title='bbox 1832 1933 1917 1992; x_wconf 85' lang='lat'><strong>25,</strong></span> <span class='ocrx_word' id='word_1_389' title='bbox 1937 1935 2023 1985; x_wconf 91' lang='grc'><strong>94.</strong></span> 
     </span>
    </p>

    <p class='ocr_par' dir='ltr' id='par_1_18' title="bbox 1292 1998 2299 2266">
     <span class='ocr_line' id='line_1_68' title="bbox 1292 1998 2295 2067; baseline 0 -15"><span class='ocrx_word' id='word_1_390' title='bbox 1292 1998 1386 2067; x_wconf 80' lang='lat' dir='ltr'><strong>Sp.</strong></span> <span class='ocrx_word' id='word_1_391' title='bbox 1412 1999 1739 2052; x_wconf 86' lang='lat' dir='ltr'><strong>Postumius</strong></span> <span class='ocrx_word' id='word_1_392' title='bbox 1757 1999 1994 2052; x_wconf 84' lang='lat' dir='ltr'><strong>Albinus</strong></span> <span class='ocrx_word' id='word_1_393' title='bbox 2010 2039 2025 2066; x_wconf 91' lang='lat'>‚</span> <span class='ocrx_word' id='word_1_394' title='bbox 2048 2018 2152 2056; x_wconf 77' lang='lat'><strong>008.</strong></span> <span class='ocrx_word' id='word_1_395' title='bbox 2174 2019 2221 2052; x_wconf 84' lang='lat' dir='ltr'><strong>a.</strong></span> <span class='ocrx_word' id='word_1_396' title='bbox 2245 2019 2295 2054; x_wconf 91' lang='lat' dir='ltr'><strong>u.</strong></span> 
     </span>
     <span class='ocr_line' id='line_1_69' title="bbox 1361 2071 2298 2122; baseline 0.005 -5"><span class='ocrx_word' id='word_1_397' title='bbox 1361 2085 1404 2120; x_wconf 91' lang='lat' dir='ltr'><strong>c.</strong></span> <span class='ocrx_word' id='word_1_398' title='bbox 1436 2071 1556 2122; x_wconf 83' lang='lat'><strong>644.</strong></span> <span class='ocrx_word' id='word_1_399' title='bbox 1598 2071 1957 2120; x_wconf 82' lang='lat' dir='ltr'><strong>condemnatus</strong></span> <span class='ocrx_word' id='word_1_400' title='bbox 1992 2081 2041 2121; x_wconf 89' lang='lat' dir='ltr'><strong>et</strong></span> <span class='ocrx_word' id='word_1_401' title='bbox 2075 2074 2125 2121; x_wconf 90' lang='lat' dir='ltr'><strong>in</strong></span> <span class='ocrx_word' id='word_1_402' title='bbox 2163 2075 2298 2122; x_wconf 85' lang='lat' dir='ltr'><strong>exsi-</strong></span> 
     </span>
     <span class='ocr_line' id='line_1_70' title="bbox 1360 2138 2299 2190; baseline 0.004 -4"><span class='ocrx_word' id='word_1_403' title='bbox 1360 2138 1483 2187; x_wconf 85' lang='lat' dir='ltr'><strong>lium</strong></span> <span class='ocrx_word' id='word_1_404' title='bbox 1522 2146 1667 2188; x_wconf 81' lang='lat' dir='ltr'><strong>actus</strong></span> <span class='ocrx_word' id='word_1_405' title='bbox 1704 2155 1734 2188; x_wconf 82' lang='lat' dir='ltr'><strong>a</strong></span> <span class='ocrx_word' id='word_1_406' title='bbox 1772 2139 2081 2190; x_wconf 84' lang='lat' dir='ltr'><strong>Gracchanis</strong></span> <span class='ocrx_word' id='word_1_407' title='bbox 2118 2141 2299 2190; x_wconf 88' lang='lat' dir='ltr'><strong>iudici-</strong></span> 
     </span>
     <span class='ocr_line' id='line_1_71' title="bbox 1359 2207 1900 2266; baseline 0.009 -10"><span class='ocrx_word' id='word_1_408' title='bbox 1359 2208 1479 2265; x_wconf 85' lang='lat' dir='ltr'><strong>bus,</strong></span> <span class='ocrx_word' id='word_1_409' title='bbox 1510 2208 1649 2260; x_wconf 84' lang='lat' dir='ltr'><strong>Brut.</strong></span> <span class='ocrx_word' id='word_1_410' title='bbox 1672 2207 1757 2266; x_wconf 85' lang='lat'><strong>34,</strong></span> <span class='ocrx_word' id='word_1_411' title='bbox 1785 2209 1900 2261; x_wconf 81' lang='lat'><strong>128.</strong></span> 
     </span>
    </p>

    <p class='ocr_par' dir='ltr' id='par_1_19' title="bbox 1290 2274 2295 2615">
     <span class='ocr_line' id='line_1_72' title="bbox 1290 2274 2294 2332; baseline 0.002 -6"><span class='ocrx_word' id='word_1_412' title='bbox 1290 2275 1355 2326; x_wconf 87' lang='grc' dir='ltr'><strong>Ρ.</strong></span> <span class='ocrx_word' id='word_1_413' title='bbox 1370 2274 1698 2327; x_wconf 84' lang='lat' dir='ltr'><strong>Postumius</strong></span> <span class='ocrx_word' id='word_1_414' title='bbox 1714 2277 1999 2328; x_wconf 80' lang='lat' dir='ltr'><strong>Tubertus</strong></span> <span class='ocrx_word' id='word_1_415' title='bbox 2016 2293 2120 2327; x_wconf 85' lang='lat' dir='ltr'><strong>cos.</strong></span> <span class='ocrx_word' id='word_1_416' title='bbox 2136 2293 2294 2332; x_wconf 82' lang='lat' dir='ltr'><strong>a.u.c.</strong></span> 
     </span>
     <span class='ocr_line' id='line_1_73' title="bbox 1358 2345 2294 2411; baseline 0.002 -17"><span class='ocrx_word' id='word_1_417' title='bbox 1358 2345 1479 2396; x_wconf 88' lang='grc'><strong>249.</strong></span> <span class='ocrx_word' id='word_1_418' title='bbox 1509 2353 1623 2394; x_wconf 86' lang='lat' dir='ltr'><strong>ante</strong></span> <span class='ocrx_word' id='word_1_419' title='bbox 1646 2347 1811 2411; x_wconf 85' lang='lat' dir='ltr'><strong>legem</strong></span> <span class='ocrx_word' id='word_1_420' title='bbox 1833 2347 1947 2395; x_wconf 90' lang='lat' dir='ltr'><strong>XII.</strong></span> <span class='ocrx_word' id='word_1_421' title='bbox 1972 2346 2294 2406; x_wconf 79' lang='lat' dir='ltr'><strong>Tabularum,</strong></span> 
     </span>
     <span class='ocr_line' id='line_1_74' title="bbox 1358 2414 2295 2479; baseline 0.003 -17"><span class='ocrx_word' id='word_1_422' title='bbox 1358 2414 1557 2463; x_wconf 83' lang='lat' dir='ltr'><strong>virtutis</strong></span> <span class='ocrx_word' id='word_1_423' title='bbox 1607 2429 1761 2464; x_wconf 85' lang='lat' dir='ltr'><strong>causa</strong></span> <span class='ocrx_word' id='word_1_424' title='bbox 1798 2416 1845 2464; x_wconf 90' lang='lat' dir='ltr'><strong>in</strong></span> <span class='ocrx_word' id='word_1_425' title='bbox 1888 2416 2013 2463; x_wconf 87' lang='lat' dir='ltr'><strong>urbe</strong></span> <span class='ocrx_word' id='word_1_426' title='bbox 2050 2415 2295 2479; x_wconf 75' lang='lat' dir='ltr'><strong>sepultu8‚</strong></span> 
     </span>
     <span class='ocr_line' id='line_1_75' title="bbox 1359 2483 2294 2547; baseline 0.003 -17"><span class='ocrx_word' id='word_1_427' title='bbox 1359 2483 1496 2543; x_wconf 85' lang='lat' dir='ltr'><strong>quod</strong></span> <span class='ocrx_word' id='word_1_428' title='bbox 1525 2483 1635 2532; x_wconf 87' lang='lat' dir='ltr'><strong>eius</strong></span> <span class='ocrx_word' id='word_1_429' title='bbox 1661 2484 1854 2547; x_wconf 88' lang='lat' dir='ltr'><strong>posteri</strong></span> <span class='ocrx_word' id='word_1_430' title='bbox 1875 2485 1981 2532; x_wconf 88' lang='lat' dir='ltr'><strong>iure</strong></span> <span class='ocrx_word' id='word_1_431' title='bbox 2010 2491 2294 2544; x_wconf 79' lang='lat' dir='ltr'><strong>tenuerunt,</strong></span> 
     </span>
     <span class='ocr_line' id='line_1_76' title="bbox 1358 2550 1825 2615; baseline 0.004 -17"><span class='ocrx_word' id='word_1_432' title='bbox 1358 2550 1420 2598; x_wconf 84' lang='lat' dir='ltr'><strong>de</strong></span> <span class='ocrx_word' id='word_1_433' title='bbox 1440 2551 1541 2615; x_wconf 84' lang='lat' dir='ltr'><strong>leg.</strong></span> <span class='ocrx_word' id='word_1_434' title='bbox 1564 2554 1615 2612; x_wconf 86' lang='lat'><strong>2,</strong></span> <span class='ocrx_word' id='word_1_435' title='bbox 1636 2552 1720 2615; x_wconf 88' lang='grc'><strong>23,</strong></span> <span class='ocrx_word' id='word_1_436' title='bbox 1741 2551 1825 2601; x_wconf 84' lang='grc'><strong>58.</strong></span> 
     </span>
    </p>

    <p class='ocr_par' dir='ltr' id='par_1_20' title="bbox 1287 2616 2291 2753">
     <span class='ocr_line' id='line_1_77' title="bbox 1287 2616 2291 2682; baseline 0.005 -16"><span class='ocrx_word' id='word_1_437' title='bbox 1287 2616 1724 2672; x_wconf 82' lang='lat' dir='ltr'><strong>Postumuleuus</strong></span> <span class='ocrx_word' id='word_1_438' title='bbox 1739 2656 1754 2682; x_wconf 88' lang='lat'>‚</span> <span class='ocrx_word' id='word_1_439' title='bbox 1776 2622 1969 2669; x_wconf 85' lang='lat' dir='ltr'><strong>amicus</strong></span> <span class='ocrx_word' id='word_1_440' title='bbox 1992 2622 2227 2672; x_wconf 84' lang='lat' dir='ltr'><strong>Trebiani</strong></span> <span class='ocrx_word' id='word_1_441' title='bbox 2249 2637 2291 2671; x_wconf 78' lang='lat' dir='ltr'><strong>s,</strong></span> 
     </span>
     <span class='ocr_line' id='line_1_78' title="bbox 1352 2687 2106 2753; baseline 0.008 -17"><span class='ocrx_word' id='word_1_442' title='bbox 1352 2687 1621 2753; x_wconf 86' lang='lat' dir='ltr'><strong>Trebonii,</strong></span> <span class='ocrx_word' id='word_1_443' title='bbox 1644 2690 1713 2739; x_wconf 84' lang='lat' dir='ltr'><strong>ad</strong></span> <span class='ocrx_word' id='word_1_444' title='bbox 1730 2688 1850 2741; x_wconf 81' lang='lat' dir='ltr'><strong>fam.</strong></span> <span class='ocrx_word' id='word_1_445' title='bbox 1876 2689 1927 2749; x_wconf 87' lang='lat'><strong>6,</strong></span> <span class='ocrx_word' id='word_1_446' title='bbox 1954 2690 2032 2753; x_wconf 90' lang='grc'><strong>10,</strong></span> <span class='ocrx_word' id='word_1_447' title='bbox 2061 2690 2106 2742; x_wconf 95' lang='grc'><strong>1.</strong></span> 
     </span>
    </p>

    <p class='ocr_par' dir='ltr' id='par_1_21' title="bbox 1283 2753 2299 2958">
     <span class='ocr_line' id='line_1_79' title="bbox 1283 2753 2299 2820; baseline 0.002 -14"><span class='ocrx_word' id='word_1_448' title='bbox 1283 2753 1541 2820; x_wconf 85' lang='lat' dir='ltr'><strong>Potamo,</strong></span> <span class='ocrx_word' id='word_1_449' title='bbox 1562 2759 1729 2808; x_wconf 80' lang='lat' dir='ltr'><strong>scriba</strong></span> <span class='ocrx_word' id='word_1_450' title='bbox 1748 2758 2079 2810; x_wconf 78' lang='lat' dir='ltr'><strong>etfamiliaris</strong></span> <span class='ocrx_word' id='word_1_451' title='bbox 2099 2758 2157 2818; x_wconf 90' lang='lat' dir='ltr'><strong>Q.</strong></span> <span class='ocrx_word' id='word_1_452' title='bbox 2174 2759 2299 2809; x_wconf 85' lang='lat' dir='ltr'><strong>Cae-</strong></span> 
     </span>
     <span class='ocr_line' id='line_1_80' title="bbox 1354 2826 2291 2891; baseline 0.005 -17"><span class='ocrx_word' id='word_1_453' title='bbox 1354 2826 1459 2876; x_wconf 90' lang='lat' dir='ltr'><strong>cilii</strong></span> <span class='ocrx_word' id='word_1_454' title='bbox 1478 2827 1621 2891; x_wconf 79' lang='lat' dir='ltr'><strong>Nigri</strong></span> <span class='ocrx_word' id='word_1_455' title='bbox 1649 2829 1931 2891; x_wconf 84' lang='lat' dir='ltr'><strong>quaestoris</strong></span> <span class='ocrx_word' id='word_1_456' title='bbox 1958 2829 2009 2878; x_wconf 90' lang='lat' dir='ltr'><strong>in</strong></span> <span class='ocrx_word' id='word_1_457' title='bbox 2040 2827 2214 2878; x_wconf 84' lang='lat' dir='ltr'><strong>Sicilia</strong></span> <span class='ocrx_word' id='word_1_458' title='bbox 2245 2843 2291 2879; x_wconf 88' lang='lat' dir='ltr'><strong>a.</strong></span> 
     </span>
     <span class='ocr_line' id='line_1_81' title="bbox 1352 2895 2292 2958; baseline 0.004 -14"><span class='ocrx_word' id='word_1_459' title='bbox 1352 2911 1405 2948; x_wconf 91' lang='lat' dir='ltr'><strong>u.</strong></span> <span class='ocrx_word' id='word_1_460' title='bbox 1431 2912 1475 2946; x_wconf 89' lang='lat' dir='ltr'><strong>c.</strong></span> <span class='ocrx_word' id='word_1_461' title='bbox 1497 2895 1616 2947; x_wconf 87' lang='lat'><strong>684.</strong></span> <span class='ocrx_word' id='word_1_462' title='bbox 1634 2935 1648 2958; x_wconf 87' lang='lat'><strong><em>,</em></strong></span> <span class='ocrx_word' id='word_1_463' title='bbox 1688 2898 1845 2948; x_wconf 86' lang='lat' dir='ltr'><strong>divin.</strong></span> <span class='ocrx_word' id='word_1_464' title='bbox 1871 2898 1922 2946; x_wconf 89' lang='lat' dir='ltr'><strong>in</strong></span> <span class='ocrx_word' id='word_1_465' title='bbox 1944 2898 2005 2957; x_wconf 85' lang='lat' dir='ltr'><strong>Q.</strong></span> <span class='ocrx_word' id='word_1_466' title='bbox 2028 2897 2211 2948; x_wconf 86' lang='lat' dir='ltr'><strong>Caecil.</strong></span> <span class='ocrx_word' id='word_1_467' title='bbox 2239 2897 2292 2956; x_wconf 89' lang='lat'><strong>9,</strong></span> 
     </span>
    </p>

    <p class='ocr_par' dir='ltr' id='par_1_22' title="bbox 1282 3032 2293 3167">
     <span class='ocr_line' id='line_1_82' title="bbox 1282 3032 2293 3100; baseline -0.002 -15"><span class='ocrx_word' id='word_1_468' title='bbox 1282 3032 1545 3085; x_wconf 84' lang='lat' dir='ltr'><strong>Potentia</strong></span> <span class='ocrx_word' id='word_1_469' title='bbox 1558 3071 1573 3097; x_wconf 88' lang='lat'><strong>,</strong></span> <span class='ocrx_word' id='word_1_470' title='bbox 1596 3035 1841 3100; x_wconf 87' lang='lat' dir='ltr'><strong>oppidum</strong></span> <span class='ocrx_word' id='word_1_471' title='bbox 1860 3034 1971 3099; x_wconf 84' lang='lat' dir='ltr'><strong>agri</strong></span> <span class='ocrx_word' id='word_1_472' title='bbox 1989 3034 2185 3097; x_wconf 88' lang='lat' dir='ltr'><strong>Piceni,</strong></span> <span class='ocrx_word' id='word_1_473' title='bbox 2208 3049 2293 3084; x_wconf 90' lang='lat' dir='ltr'><strong>co-</strong></span> 
     </span>
     <span class='ocr_line' id='line_1_83' title="bbox 1352 3101 2287 3167; baseline 0 -15"><span class='ocrx_word' id='word_1_474' title='bbox 1352 3104 1489 3152; x_wconf 81' lang='lat' dir='ltr'><strong>lonia</strong></span> <span class='ocrx_word' id='word_1_475' title='bbox 1518 3105 1772 3162; x_wconf 82' lang='lat' dir='ltr'><strong>Romana,</strong></span> <span class='ocrx_word' id='word_1_476' title='bbox 1808 3103 1871 3151; x_wconf 86' lang='lat' dir='ltr'><strong>dc</strong></span> <span class='ocrx_word' id='word_1_477' title='bbox 1907 3101 2117 3167; x_wconf 79' lang='lat' dir='ltr'><strong>liarusp.</strong></span> <span class='ocrx_word' id='word_1_478' title='bbox 2149 3117 2287 3166; x_wconf 87' lang='lat' dir='ltr'><strong>resp.</strong></span> 
     </span>
    </p>

    <p class='ocr_par' dir='ltr' id='par_1_23' title="bbox 1280 3237 2293 3508">
     <span class='ocr_line' id='line_1_84' title="bbox 1280 3237 2291 3303; baseline 0 -13"><span class='ocrx_word' id='word_1_479' title='bbox 1280 3237 1577 3301; x_wconf 79' lang='lat' dir='ltr'><strong>Praecilii‚</strong></span> <span class='ocrx_word' id='word_1_480' title='bbox 1608 3246 1752 3303; x_wconf 87' lang='lat' dir='ltr'><strong>pater</strong></span> <span class='ocrx_word' id='word_1_481' title='bbox 1770 3245 1820 3287; x_wconf 90' lang='lat' dir='ltr'><strong>et</strong></span> <span class='ocrx_word' id='word_1_482' title='bbox 1844 3237 1994 3288; x_wconf 84' lang='lat' dir='ltr'><strong>illius.</strong></span> <span class='ocrx_word' id='word_1_483' title='bbox 2032 3239 2125 3289; x_wconf 82' lang='lat' dir='ltr'><strong>Hic</strong></span> <span class='ocrx_word' id='word_1_484' title='bbox 2142 3238 2291 3290; x_wconf 86' lang='lat' dir='ltr'><strong>fami-</strong></span> 
     </span>
     <span class='ocr_line' id='line_1_85' title="bbox 1351 3308 2293 3360; baseline 0 -2"><span class='ocrx_word' id='word_1_485' title='bbox 1351 3309 1489 3358; x_wconf 89' lang='lat' dir='ltr'><strong>liaris</strong></span> <span class='ocrx_word' id='word_1_486' title='bbox 1504 3308 1751 3358; x_wconf 85' lang='lat' dir='ltr'><strong>Ciceronis</strong></span> <span class='ocrx_word' id='word_1_487' title='bbox 1772 3308 2152 3359; x_wconf 84' lang='lat' dir='ltr'><strong>commendatur</strong></span> <span class='ocrx_word' id='word_1_488' title='bbox 2167 3309 2293 3360; x_wconf 84' lang='lat' dir='ltr'><strong>Cae-</strong></span> 
     </span>
     <span class='ocr_line' id='line_1_86' title="bbox 1352 3375 2287 3437; baseline 0.003 -12"><span class='ocrx_word' id='word_1_489' title='bbox 1352 3376 1455 3426; x_wconf 89' lang='lat' dir='ltr'><strong>sari</strong></span> <span class='ocrx_word' id='word_1_490' title='bbox 1491 3393 1535 3426; x_wconf 84' lang='lat' dir='ltr'><strong>a.</strong></span> <span class='ocrx_word' id='word_1_491' title='bbox 1574 3391 1626 3429; x_wconf 85' lang='lat' dir='ltr'><strong>u,</strong></span> <span class='ocrx_word' id='word_1_492' title='bbox 1662 3393 1705 3426; x_wconf 87' lang='lat' dir='ltr'><strong>c.</strong></span> <span class='ocrx_word' id='word_1_493' title='bbox 1749 3375 1905 3437; x_wconf 60' lang='lat'><strong>709„</strong></span> <span class='ocrx_word' id='word_1_494' title='bbox 1943 3377 2009 3426; x_wconf 79' lang='lat' dir='ltr'><strong>ad</strong></span> <span class='ocrx_word' id='word_1_495' title='bbox 2045 3376 2166 3431; x_wconf 78' lang='lat' dir='ltr'><strong>fam.</strong></span> <span class='ocrx_word' id='word_1_496' title='bbox 2203 3375 2287 3434; x_wconf 83' lang='lat'><strong>13,</strong></span> 
     </span>
     <span class='ocr_line' id='line_1_87' title="bbox 1353 3444 1965 3508; baseline 0.003 -13"><span class='ocrx_word' id='word_1_497' title='bbox 1353 3444 1436 3508; x_wconf 85' lang='lat'><strong>15,</strong></span> <span class='ocrx_word' id='word_1_498' title='bbox 1459 3446 1508 3495; x_wconf 90' lang='lat'><strong>1.</strong></span> <span class='ocrx_word' id='word_1_499' title='bbox 1960 3445 1965 3450; x_wconf 80' lang='grc'><em>’</em></span> 
     </span>
    </p>
   </div>
  </div>
 </body>
</html>
