2500 3850
150 127 273 187 356
335 138 426 185 TI.
451 132 884 183 SEMPRONIUS
909 132 1052 181 1001<
1055 132 1186 181 GUS
1208 154 1296 165 ---
1320 132 1625 181 8ΕΝΕΝ8Ε
1656 131 2035 179 PROELIUM.

217 293 358 343 nulla
384 288 704 341 intercessit:
747 287 1036 337 interfectus
1075 298 1150 336 est

215 368 423 429 propter
451 358 698 421 quasdam
733 357 1040 407 seditionum
1067 372 1151 406 su-

217 430 472 498 spiciones
493 427 548 478 G.
573 426 848 489 Gracchus,
869 425 1151 475 clarissimo

219 509 394 564 patre,
431 510 553 556 avo,
585 495 888 553 maioribus,
921 496 972 544 in
1000 493 1149 544 Catil.

1293 289 1385 347 12,
1404 289 1571 348 22,4.
1594 295 1643 336 et
1675 287 1743 337 25
1762 322 1776 347 ,
1810 285 1842 336 3
1862 292 1908 335 et
1926 285 1977 335 5.
1997 310 2071 321 —-
2090 284 2258 335 Sem-

1290 358 1592 423 pronianum
1650 363 1855 404 senatus
1920 354 2253 412 consultum,

1292 441 1393 489 quo
1432 425 1724 475 laedebatur
1760 424 1821 482 Q.
1864 422 2119 473 Cornificii
2162 425 2254 474 di-

1292 496 1463 561 gnitas
1478 530 1493 557 ,
1516 492 1588 543 lb.
1612 493 1696 550 12,
1716 491 1801 554 29,
1821 493 1870 541 2.

225 570 238 615 l
263 605 276 627 ‚
305 569 364 628 2,
395 570 448 617 4.
477 592 540 601 --
565 564 861 615 Interiectus
889 580 920 613 a
949 562 1007 617 L.
1032 562 1152 627 Opi·
1223 559 1585 629 Sempronius
1639 558 1989 625 Tuditanus,
2044 560 2251 612 adfinis

217 638 352 698 mio,
386 634 527 685 Brut.
553 634 655 697 34,
693 633 809 686 128.
845 631 1065 697 Philipp.
1099 629 1150 694 8,

218 711 268 764 4,
293 707 373 757 14.
413 706 477 754 V.
502 700 564 752 1..
592 698 957 767 Opimius.,—
976 703 1153 749 Iurene

215 789 333 824 eum
354 771 597 823 oeeiderit
618 770 876 836 Opimius,
910 777 1040 835 part.
1076 784 1150 820 or.

217 844 302 903 30,
328 842 426 893 104
447 848 495 889 et
517 839 631 891 106.
654 867 724 876 —
742 838 988 904 Exempla
1006 838 1070 888 ab
1095 853 1154 887 eo

215 910 462 961 sumenda
480 910 533 957 in
552 910 744 959 artibus
767 907 1030 957 rhetoricis
1055 906 1154 956 La-

219 982 359 1040 tinis,
383 980 447 1029 ad
465 977 585 1027 Her.
608 979 659 1037 4,
683 977 729 1036 1,
751 978 802 1026 2.
826 1005 895 1015 —-
913 974 1154 1025 Eiusdem

215 1048 430 1098 facultas
450 1046 697 1105 oratoria,
731 1044 800 1095 lb.
825 1047 888 1103 4,
920 1045 982 1106 2,
1011 1044 1063 1093 2.
1090 1070 1153 1079 —-·

215 1119 338 1167 Eius
377 1114 658 1173 orationes,
698 1114 760 1161 de
799 1121 922 1161 orat.
966 1113 990 1161 1
1007 1148 1022 1172 ,
1067 1110 1151 1174 34,

221 1186 341 1237 154.
382 1209 451 1220 -
509 1182 869 1248 Fragmentum
912 1181 1154 1231 orationis

214 1254 419 1304 habitae
455 1250 594 1317 apud
622 1251 901 1314 Censores,
939 1264 1091 1312 quum
1127 1264 1154 1299 e

216 1330 489 1385 quaestura
505 1320 822 1371 Sardiniensi
852 1318 1014 1369 redux
1039 1334 1154 1369 reus

217 1392 382 1441 faetus
402 1398 535 1441 esset
556 1406 587 1441 a
603 1388 671 1438 M.
684 1390 827 1438 lunio
847 1390 1018 1439 Penno
1039 1388 1155 1437 trib.

214 1460 288 1525 pl.
320 1476 365 1510 a.
399 1476 452 1508 ιι.
483 1475 529 1509 e.
563 1458 714 1517 627„
752 1466 874 1507 orat.
904 1455 1000 1521 70,
1033 1454 1150 1507 233.

214 1555 284 1567 --
308 1530 542 1593 Agitatus
563 1542 593 1575 a
613 1528 678 1574 M.
704 1526 892 1591 Penno,
909 1526 1048 1575 Brut.
1072 1525 1156 1586 28,

218 1596 336 1647 109.
360 1622 428 1631 ——
445 1596 568 1644 Eius
611 1594 772 1643 oratio
789 1631 804 1653 ‚
833 1597 884 1643 in
921 1609 1020 1657 qua
1044 1608 1157 1658 per-

215 1665 370 1713 multa
405 1665 456 1711 in
477 1664 534 1712 L.
555 1664 790 1713 Pisonem
809 1664 961 1728 Frugi
989 1663 1157 1727 turpia

217 1748 276 1782 ae
313 1731 565 1797 flagitiosa
597 1732 858 1795 dicuntur,
894 1746 985 1797 pro
1008 1730 1150 1780 Font.

220 1800 300 1865 13,
321 1800 406 1851 29.
424 1802 860 1865 —Fragmentum
882 1816 947 1851 ex
965 1800 1155 1848 ineerta

213 1871 325 1919 eius
347 1872 589 1936 oratione,
620 1870 682 1918 de
703 1877 828 1918 orat.
851 1868 901 1932 3,
925 1866 1010 1929 56,
1029 1868 1150 1918 214.

213 1965 282 1975 —
298 1939 420 1988 Eius
443 1938 719 2002 fistulator,
753 1940 824 1990 lb.
848 1939 898 1999 3,
919 1937 1006 1999 60,
1030 1935 1148 1988 225.

211 2032 283 2046 --
317 2009 452 2068 Quid
487 2009 550 2058 de
587 2015 760 2072 patre,
802 2008 881 2060 Ti.
928 2005 1149 2056 Graccho

213 2091 344 2140 eos.,
367 2078 432 2126 ad
455 2077 522 2125 Μ.
547 2077 880 2141 Pomponium
902 2076 1149 2139 scriptum

215 2143 490 2206 reliquerit,
513 2144 577 2194 de
597 2145 755 2194 divin.
783 2145 828 2203 1,
854 2142 935 2202 18,
955 2141 1041 2193 36.
1075 2143 1147 2193 lb.

213 2213 246 2260 2
263 2247 278 2272 ,
313 2212 381 2264 29
395 2250 408 2272 ,
441 2211 528 2265 62.
553 2238 622 2249 --
644 2213 698 2262 G.
720 2213 897 2261 Fannii
918 2211 1076 2260 oratio
1096 2212 1148 2260 in

215 2296 328 2330 eum
344 2317 360 2346 ‚
380 2281 518 2330 Brut.
538 2279 624 2341 26,
644 2279 713 2332 99
732 2290 781 2331 et
801 2279 918 2332 100.
941 2306 1007 2316 —-
1030 2279 1148 2329 Ora-

213 2351 286 2400 tio
316 2364 346 2400 a
365 2351 420 2402 C.
444 2350 633 2401 Fannio
653 2349 898 2402 adversus
924 2363 1038 2398 eum
1055 2347 1150 2399 ha-

215 2419 347 2479 bita,
366 2419 505 2470 Idem
524 2435 577 2485 p.
599 2421 722 2470 224.
749 2419 867 2472 261.
903 2417 1042 2471 Brut.
1063 2417 1149 2480 29,

221 2486 338 2541 110.
360 2489 560 2539 Cornei.
574 2505 677 2540 see.
692 2489 875 2556 fragm.
889 2489 943 2541 4.
958 2502 1010 2552 p.
1028 2487 1149 2537 214.

144 2553 238 2607 Ti.
279 2553 641 2624 Sempronius
683 2557 914 2625 Longus
954 2571 1067 2606 eum
1096 2556 1150 2605 P.

214 2623 453 2688 Scipione
485 2627 724 2676 Africano
755 2628 947 2675 maiore
976 2638 1077 2673 eoS.
1103 2637 1149 2674 a.

211 2709 265 2745 u.
289 2708 335 2745 e.
358 2693 476 2745 560.
497 2729 512 2753 ,
553 2693 752 2744 Cornel.
790 2694 942 2758 prim.
969 2689 1148 2755 fragm.

215 2761 298 2812 12.
326 2775 376 2824 p.
401 2760 520 2809 210.

147 2827 210 2880 G.
235 2824 592 2893 Sempronius
625 2823 828 2875 Rufus.
873 2825 1036 2876 Rufus
1068 2843 1151 2877 ae-

214 2905 416 2946 cusatus
435 2911 465 2945 a
491 2895 561 2944 Μ.
597 2893 811 2955 Tueei0,
849 2894 1152 2946 calumniam

211 2965 433 3014 maximo
457 2963 642 3027 plausu
661 2961 774 3010 tulit
795 2977 844 3011 a.
869 2979 919 3017 u.
941 2981 987 3013 e.
1009 2965 1150 3026 703„

211 3032 346 3090 Cael..
380 3033 447 3082 ad
473 3030 594 3080 fam.
627 3028 693 3090 8,
727 3028 788 3090 8,
831 3031 880 3082 1.
904 3057 974 3068 -
997 3026 1151 3100 Εὐή-

209 3100 384 3150 θειαν
424 3099 712 3164 Sempronii
750 3099 862 3151 Rufi
919 3107 1154 3169 cognovit

209 3171 386 3220 Cicero
424 3185 487 3220 ex
516 3169 734 3234 epistola
771 3172 926 3222 Attici
964 3173 1152 3240 Corcy-

209 3253 359 3300 raea,
393 3253 439 3288 a.
463 3244 513 3288 n‘.
536 3254 582 3292 e.
612 3237 761 3304 704.,
793 3241 859 3290 ad
880 3243 984 3292 Att.
1006 3243 1070 3304 6,
1100 3245 1151 3302 2,

210 3303 298 3358 10.
332 3333 401 3342 -
441 3306 770 3372 Sempronius
811 3309 980 3359 laesus
1017 3325 1046 3358 a
1089 3310 1150 3368 Q.

209 3372 478 3426 Cornificio
515 3389 560 3425 a.
595 3391 646 3424 ιι.
681 3392 722 3425 e.
757 3377 875 3428 710.
895 3414 909 3438 ,
937 3379 1004 3427 ad
1028 3376 1148 3429 fam.

1296 632 1484 694 Catuli,
1509 632 1719 681 insanus
1737 666 1752 691 ‚
1780 630 1935 679 Aead.
1957 645 2036 695 pr.
2064 632 2119 691 2,
2146 630 2249 687 28,

1290 700 1376 756 89.
1397 727 1464 736 -
1482 698 1760 749 Tuditanus
1786 714 1897 749 eum
1917 699 2055 764 palla
2076 708 2129 749 et
2147 715 2249 749 eo-

1292 768 1489 818 thurnis
1502 782 1734 819 nummos
1746 767 1936 833 populo
1953 769 2017 818 de
2030 768 2247 817 Rostris

1296 852 1536 903 spargere
1570 836 1799 896 solebat,
1833 836 2061 902 Philipp.
2090 836 2154 896 3,
2187 836 2246 896 6,

1231 976 1292 1025 G.
1315 972 1675 1040 Sempronius
1710 974 1771 1023 C.
1796 973 1858 1023 F.
1890 970 2244 1035 Tuditanus,

1294 1052 1439 1110 pater
1458 1046 1567 1093 eius
1583 1078 1597 1105 ,
1619 1046 1706 1107 qui
1728 1044 1959 1109 proxime
1982 1044 2241 1104 sequitur,

1294 1128 1515 1179 proavus
1540 1113 1795 1163 Hortensii
1822 1112 2055 1162 oratoris.
2102 1110 2245 1159 Eum

1293 1184 1443 1247 plane
1482 1196 1583 1232 non
1618 1190 1760 1231 norat
1786 1180 1989 1239 Cieer0,
2029 1179 2099 1229 ad
2124 1181 2243 1232 Ait.

1298 1252 1379 1316 13,
1400 1254 1437 1303 6
1450 1286 1465 1311 ,
1485 1252 1536 1301 4.
1558 1277 1625 1287 -—
1645 1250 1781 1301 Unus
1806 1265 1869 1299 ex
1888 1250 2060 1299 decem
2089 1248 2241 1315 lega-

1294 1320 1360 1369 tis
1392 1320 1451 1370 L.
1490 1320 1718 1369 Mummii
1750 1327 1837 1369 aut
1869 1324 2109 1381 quaestor
2146 1326 2241 1367 aut

1296 1390 1526 1439 tribunus
1546 1388 1658 1438 mil.
1684 1398 1777 1439 ete.
1796 1425 1809 1445 ‚
1830 1388 1901 1441 lb.
1926 1387 2009 1447 13,
2032 1385 2121 1450 33,
2143 1387 2196 1439 3.

1229 1455 1292 1506 G.
1320 1454 1681 1523 Sempronius
1716 1456 1777 1507 G.
1815 1454 1877 1505 F.
1912 1452 2236 1507 Tuditanus

1296 1524 1505 1591 (filins).
1544 1526 1676 1577 Num
1712 1528 1844 1576 inter
1872 1526 2048 1575 decem
2088 1526 2238 1591 lega-

1295 1604 1375 1645 tos
1394 1596 1453 1644 L.
1476 1595 1702 1645 Mummii
1723 1595 1896 1656 suerit,
1926 1594 1991 1643 ad
2015 1596 2118 1643 Att.
2148 1594 2235 1655 13,

1296 1664 1366 1715 30
1380 1701 1393 1721 ‚
1423 1664 1473 1715 3.
1494 1690 1565 1700 —
1594 1666 1799 1715 Praetor
1818 1664 1914 1714 fuit
1931 1664 1987 1712 P.
2008 1663 2235 1729 Popillio

1296 1735 1351 1784 Ρ.
1386 1733 1587 1797 Rupilio
1618 1748 1725 1783 eos.
1747 1749 1795 1785 a.
1814 1748 1867 1782 u.
1895 1749 1941 1786 e.
1967 1730 2087 1785 622.
2106 1770 2121 1793 ,
2152 1734 2229 1785 Ib.

1300 1798 1363 1851 13
1379 1838 1394 1862 ,
1414 1799 1510 1863 32,
1530 1800 1580 1851 3.
1605 1829 1675 1841 —
1700 1802 1753 1853 G.
1780 1801 2113 1867 Sempronius
2132 1803 2233 1851 Tu-

1298 1871 1499 1919 ditanus
1520 1871 1693 1920 eousul
1719 1887 1765 1921 a.
1788 1887 1838 1920 u.
1864 1887 1907 1920 e.
1926 1870 2047 1923 625.
2072 1872 2230 1935 quum

1292 1941 1427 1990 omni
1452 1941 1554 1990 vita
1578 1951 1729 2004 atque
1748 1943 1882 1990 vieta
1902 1940 2137 1991 excultus
2156 1951 2231 1990 at·

1290 2023 1389 2072 que
1424 2009 1676 2073 expolitus
1722 2018 1828 2058 tum
1877 2011 1985 2060 eius
2022 2009 2229 2075 elegans

1292 2089 1367 2128 est
1406 2077 1631 2127 habitum
1668 2079 1819 2128 etiam
1862 2080 2104 2128 orationis
2142 2095 2205 2144 ge

1290 2161 1417 2206 nus,
1453 2145 1595 2198 Brut.
1634 2147 1729 2206 25,
1764 2147 1851 2198 95.
1891 2173 1961 2184 —-
1994 2146 2049 2195 C.
2086 2145 2229 2196 Sem-

1286 2217 1501 2280 pronius
1545 2216 1821 2266 Tuditanus
1858 2230 1962 2267 eos.
2009 2231 2121 2265 eum
2158 2216 2221 2268 M.

1288 2284 1495 2346 Aquilio
1526 2298 1572 2333 a.
1596 2301 1646 2335 u.
1674 2299 1720 2334 e.
1741 2283 1860 2336 625.
1896 2285 1967 2333 Iis
1988 2299 2121 2336 eoss.
2152 2285 2225 2333 sol

1290 2353 1607 2418 geminatus,
1634 2354 1697 2402 de
1716 2367 1767 2401 n.
1797 2353 1849 2402 d.
1872 2354 1934 2418 2,
1954 2353 2014 2417 5,
2047 2353 2128 2403 14.
2164 2354 2223 2403 de

1220 2437 1316 2538 M?
1320 2421 1690 2554 genii-35:511·
1714 2486 2031 2540 Tuditanus
2052 2491 2221 2540 consul

1293 2573 1406 2607 eum
1444 2557 1496 2606 G.
1537 2557 1747 2608 Claudio
1778 2557 1996 2608 Centone
2030 2573 2078 2611 a.
2102 2574 2152 2612 u.
2174 2575 2219 2608 c.

1237 2624 1244 2630 ’
1295 2627 1416 2677 514.
1439 2662 1453 2685 ,
1474 2626 1609 2676 Brut.
1636 2627 1717 2688 18,
1742 2628 1825 2679 72.
1862 2625 2065 2678 Tuscul.
2090 2627 2115 2676 1
2133 2665 2150 2691 ,
2174 2628 2219 2691 l,

1293 2695 1343 2746 3.
1386 2695 1447 2745 de
1468 2710 1575 2745 sen.
1600 2696 1684 2759 14,
1702 2696 1787 2747 50.

1222 2761 1286 2812 Ρ.
1308 2761 1671 2829 Sempronius
1688 2761 2006 2814 Tuditanus
2047 2765 2219 2814 eousul

1293 2847 1407 2881 eum
1438 2833 1503 2881 M.
1528 2833 1755 2884 Cornelio
1784 2832 2007 2898 Cethego
2032 2848 2078 2882 a.
2101 2849 2151 2881 u.
2174 2850 2216 2886 c.

1292 2899 1411 2952 550.
1426 2937 1443 2960 ,
1462 2901 1599 2954 Brut.
1625 2901 1707 2962 15,
1728 2901 1815 2955 60.
1855 2902 1917 2953 de
1936 2916 2043 2951 sen.
2061 2904 2112 2960 4,
2140 2902 2216 2953 10.

1221 2965 1541 3020 Semurium
1555 3005 1570 3034 ,
1592 2985 1716 3036 ager
1732 2985 1760 3018 a
1781 2971 2015 3020 Larentia
2033 2971 2216 3036 populo

1290 3039 1516 3088 Romano
1536 3038 1753 3105 legatus,
1770 3039 1989 3104 Philipp.
2006 3039 2121 3102 6,5,
2142 3039 2213 3091 13.

1221 3105 1490 3158 Senectus
1511 3108 1635 3166 dea,
1656 3109 1719 3158 de
1736 3123 1787 3162 ιι.
1811 3109 1861 3161 d.
1881 3107 1933 3166 3,
1956 3109 2036 3170 17,
2056 3109 2139 3159 44.

1221 3174 1467 3226 Senense
1488 3174 1783 3242 proelium,
1800 3177 1852 3226 id
1871 3185 1965 3237 est,
1985 3177 2119 3242 apud
2132 3176 2215 3226 Se-

1290 3259 1435 3304 nam,
1460 3245 1688 3296 Etruriae
1720 3246 1999 3314 oppidum,
2030 3261 2126 3310 quo
2150 3245 2211 3295 M.

1290 3313 1467 3363 Livius
1496 3313 1750 3366 Salinator
1789 3330 1904 3365 eum
1932 3313 2133 3380 collega
2160 3313 2211 3363 G.

1292 3380 1503 3433 Claudio
1531 3381 1729 3434 Nerone
1769 3383 2066 3435 coniunctus
2099 3382 2214 3432 Has—
