2500 3850
312 176 431 240 108

376 342 491 394 170.
529 342 595 391 ad
623 342 745 396 fam.
770 341 832 403 9,
852 343 917 393 21
934 381 949 407 ,
983 342 1033 397 3.
1072 343 1139 392 ad
1157 341 1216 400 Q.
1241 341 1306 395 fr.

372 413 435 472 2,
456 409 488 461 3
505 445 520 473 ‚
546 408 596 463 3.
635 411 699 461 cl.
722 412 785 462 de
802 427 902 462 am.
926 412 1009 472 12,
1030 411 1119 464 41.
1153 411 1215 462 cl.
1238 411 1308 461 ib.

373 480 424 542 3,
446 481 496 530 4.
540 480 778 539 Quaestio
802 481 879 531 de⁴
894 481 1125 531 Africani
1148 487 1310 534 morte

370 548 514 600 nulla
541 548 641 599 lata
662 557 763 615 est,
794 565 887 615 pro
906 549 1017 600 Mil.
1039 552 1071 603 7
1086 586 1100 610 ,
1136 549 1219 601 16.
1242 575 1312 585 -

371 618 670 668 Africanum
716 635 873 682 quum
925 633 1161 683 supremo
1200 619 1310 668 eius

373 689 458 739 die
488 685 548 746 Q.
568 689 751 739 Fabius
784 688 1038 738 Maximus
1066 687 1311 738 Aemilia-

371 772 469 806 nus
488 755 744 818 laudaret,
765 761 958 824 gratias
984 757 1087 823 egit
1113 757 1193 807 dis
1213 757 1311 806 im-

370 825 699 888 mortalibus,
735 827 873 889 quod
902 826 987 876 ille
1022 827 1099 876 vir
1127 827 1179 874 in
1210 825 1309 874 hac

339 898 346 902 ’
372 911 427 945 re
455 896 661 961 publica
689 896 1015 960 potissimum
1048 902 1193 944 natus
1228 909 1308 945 es·

372 972 474 1024 set,
493 979 587 1029 pro
608 963 738 1015 Mur.
760 961 844 1028 36,
867 965 952 1016 75.
975 991 1043 1002 -—
1064 963 1124 1023 Q.
1146 964 1311 1014 Tube-

370 1034 485 1082 roni
520 1031 814 1082 Africanum
851 1033 1155 1082 avunculum
1198 1031 1310 1082 lau-

372 1103 512 1150 danti
534 1101 589 1152 G.
610 1100 812 1150 Caelius
832 1103 1040 1167 scripsit
1059 1101 1309 1151 laudatio-

368 1185 485 1219 nem
523 1169 815 1232 funebrem,
863 1172 928 1221 de
966 1178 1094 1221 orat.
1128 1171 1188 1230 2,
1225 1170 1311 1233 84,

368 1237 487 1291 341.
520 1265 587 1276 -·
616 1239 738 1290 Eius
770 1247 965 1290 statuae
1002 1240 1069 1290 ad
1099 1239 1225 1304 Opis
1265 1247 1314 1290 et

370 1308 438 1358 ad
467 1301 900 1372 Πολυδεύκους,
934 1309 999 1360 ad
1030 1310 1133 1358 Att.
1172 1308 1312 1371 6,1‚

373 1378 458 1429 17.
481 1405 536 1414 -
566 1377 869 1440 Africanus,
901 1381 948 1434 si
980 1393 1074 1428 sua
1093 1392 1173 1428 res
1194 1391 1315 1442 age-

372 1455 539 1506 retur,
588 1449 934 1498 testimonium
972 1461 1073 1498 non
1110 1447 1313 1504 diceret,

370 1531 463 1582 pro
488 1515 607 1570 Sex,
634 1518 787 1569 Rosc.
823 1517 890 1570 36
956 1517 1075 1569 103.
1115 1515 1315 1564 —Aci-

370 1599 559 1701 ¹petnsffcr
578 1589 625 1634 ei
644 1586 844 1705 adl2atus
867 1556 1191 1706 ig416averniso
1203 1622 1217 1666 3
1251 1584 1314 1702 de

394 1667 475 1704 ao
521 1669 680 1719 ragrn.
750 1693 764 1710 .
798 1671 851 1720 p.
993 1693 1006 1706 .
1038 1682 1107 1690 -—
1177 1668 1259 1718 cip
1285 1669 1312 1702 o

368 1721 641 1772 Africanus
668 1726 833 1773 minor
862 1725 916 1772 in
945 1719 1314 1773 libris‘cioero-

370 1791 451 1838 nis
474 1791 537 1840 de
554 1807 609 1840 re
627 1791 766 1856 publ.
790 1791 1027 1852 loquitur,
1050 1791 1117 1840 ad
1134 1793 1237 1840 Att.
1256 1790 1308 1848 4,

373 1856 455 1920 16,
487 1861 539 1913 2.
565 1888 630 1896 -
653 1861 718 1912 A.
748 1875 799 1909 u.
825 1875 868 1908 c.
890 1859 1011 1910 625.
1047 1858 1191 1908 feriis
1215 1858 1312 1905 La-

367 1929 489 1977 tinis
520 1929 726 1993 fingitur
753 1927 817 1977 ab
848 1944 907 1977 eo
925 1928 1101 1978 habita
1134 1923 1312 1991 dispu-

368 1999 492 2046 tatio
515 1998 578 2047 de
598 1996 653 2046 re
671 1996 835 2061 publ„
861 1996 923 2046 de
943 2012 983 2045 r.
1007 2012 1060 2061 p.
1083 1997 1133 2055 1,
1154 1994 1203 2055 9,
1226 1996 1309 2045 14.

370 2092 435 2100 --
470 2065 705 2127 Loquens
743 2066 997 2116 inducitur
1034 2066 1089 2114 in
1124 2063 1311 2113 Catone

367 2134 586 2196 maiore,
609 2134 672 2183 de
692 2148 800 2183 sen.
826 2135 876 2193 1,
898 2131 949 2187 3.
971 2161 1044 2171 -—
1062 2132 1194 2183 Eius
1209 2133 1311 2183 fra-

306 2200 309 2205 ’
366 2208 470 2251 tres
507 2201 629 2269 (filii
665 2202 724 2251 L.
762 2202 972 2253 Aemilii
1002 2200 1193 2267 Paulli)
1222 2218 1312 2251 ex-

368 2271 578 2337 spectati
599 2272 667 2321 ad
685 2271 1057 2339 amplissimam
1084 2272 1308 2339 dignita·

365 2347 497 2403 tem,
521 2342 789 2393 immatura
808 2349 967 2392 morte
986 2343 1213 2407 abrepti,
1230 2343 1309 2391 lb.

370 2408 453 2471 19,
478 2378 563 2462 68
586 2439 647 2447 -—
678 2409 931 2478 Scipionis
950 2412 1179 2461 Africani
1207 2410 1310 2461 fra-

368 2482 459 2528 tris
511 2495 706 2548 nep03,
747 2482 899 2532 homo
943 2480 1177 2547 perditus
1216 2480 1308 2547 (Q.

368 2548 556 2599 Fabius
602 2550 854 2601 Maximus
903 2546 1308 2617 Allobrogicus),

364 2616 566 2668 Tuscul.
589 2618 647 2682 1,
686 2616 782 2678 33,
804 2620 890 2673 81.
932 2620 998 2669 cf.
1022 2620 1087 2670 de
1109 2627 1233 2669 orat.
1257 2619 1308 2679 2,

364 2685 416 2745 6,
438 2686 526 2735 22.
564 2687 773 2751 deimp.
797 2686 885 2739 Cn.
910 2687 1089 2753 Pomp.
1112 2687 1197 2751 20,
1219 2687 1306 2739 60.

368 2754 431 2801 de
450 2754 564 2819 lege
582 2770 692 2819 agr.
717 2754 763 2817 1,
786 2756 836 2815 2,
857 2756 909 2806 5.
942 2756 1017 2805 lb.
1039 2760 1089 2819 2,
1114 2757 1197 2817 19,
1218 2756 1306 2806 51.

366 2822 419 2869 in
439 2820 581 2875 Catil
604 2822 775 2884 4,10,
809 2792 893 2876 21.
934 2824 998 2874 de
1026 2824 1116 2878 fin.
1137 2825 1201 2886 5,
1222 2826 1308 2886 24,

368 2888 454 2939 70.
492 2860 669 2954 parad’.
696 2892 756 2947 1.
788 2892 959 2953 2,12
981 2895 1133 2945 -V.
1158 2894 1310 2943 etiam

366 2956 613 3011 Laelius.
619 2928 1009 3025 -Εἰρωνείαν
1024 2962 1118 3012 ait
1106 2977 1153 3010 m
1172 2962 1310 3012 Afri-

367 3043 495 3078 cano
516 3028 679 3080 fuisse
696 3029 951 3089 Fannius,
974 3030 1131 3079 Acad.
1154 3046 1233 3095 pr.
1257 3034 1308 3094 2,

367 3096 430 3157 5,
471 3097 555 3148 15.
601 3098 666 3147 cl.
702 3098 765 3147 de
802 3106 928 3150 orat.
962 3100 1024 3156 2,
1057 3098 1151 3159 67,
1185 3098 1305 3149 270.

366 3164 505 3219 Brut.
539 3167 636 3227 87,
668 3166 785 3219 299.
816 3194 882 3204 -
902 3166 1028 3217 Eius
1050 3167 1243 3217 dictum
1278 3182 1308 3215 a

365 3234 601 3286 Panaetio
632 3236 875 3297 relatum,
910 3237 972 3288 de
1006 3236 1092 3289 off.
1126 3235 1183 3294 1,
1215 3234 1304 3294 26,

366 3302 451 3354 90.
482 3330 547 3341 -—
570 3304 751 3356 Facete
784 3305 1106 3370 reprehendit
1136 3311 1296 3354 centu—

366 3371 865 3491 &gem-1333&
893 3372 1306 3492 2ξέᾜέὲίέέ

842 187 905 234 Ρ.
934 187 1138 234 CORN.
1168 185 1392 234 SCIPIO
1417 185 1866 233 AEMILIANUS.

1451 341 1506 392 C.
1528 341 1783 392 Metellum
1817 339 2140 406 Caprarium,
2175 343 2238 391 de
2264 350 2408 393 orat.

1448 412 1500 472 2,
1523 409 1618 469 66,
1638 409 1760 462 267.
1781 436 1848 445 -
1866 410 1991 459 Eius
2010 410 2146 460 dicta
2167 411 2220 459 in
2247 411 2404 463 Asel-

1448 478 1580 542 lum,
1601 479 1717 528 trib.
1736 479 1807 543 pl.
1825 515 1841 543 ,
1863 479 1934 528 lb.
1956 480 2008 540 2,
2029 479 2125 544 64,
2149 478 2271 529 258.
2315 480 2394 532 lb.

1449 550 1482 599 2
1497 584 1512 609 ,
1531 545 1599 598 66
1615 585 1630 610 ,
1651 547 1768 598 268.
1795 574 1861 583 --
1879 547 2099 597 Maxime
2120 548 2403 612 reprehen-

1452 616 1570 666 dere
1613 617 1806 666 solebat
1835 616 2029 666 Biantis
2059 617 2282 678 dictum,
2329 619 2403 666 ita

1449 700 1619 735 amare
1657 692 1917 750 oportere,
1956 693 2011 734 ut
2041 687 2086 735 si
2119 686 2402 752 aliquando

1449 761 1583 804 essct
1611 769 1822 816 osuruS‚
1859 755 1923 804 de
1955 770 2054 804 am.
2087 755 2181 819 16,
2220 755 2308 806 59.
2332 781 2403 790 --

1452 823 1683 873 Africani
1719 823 1906 874 dictum
1948 824 2012 874 de
2049 823 2404 884 adsectatore,·

1450 893 1538 957 qui
1559 895 1621 943 ab
1645 909 1704 942 eo
1727 894 1998 958 impetrare
2016 892 2208 952 voluit,
2243 893 2320 940 uti
2339 908 2402 941 se

1451 961 1766 1028 praefectum
1831 965 1880 1011 in
1938 961 2115 1012 Asiam
2171 961 2402 1019 duceret,

1449 1033 1598 1082 Verr.
1625 1037 1843 1080 accusat.
1866 1032 1915 1090 2,
1940 1031 2022 1096 11,
2043 1031 2129 1083 29.
2154 1030 2398 1090 —Quem

1451 1099 1518 1149 ad
1547 1101 1752 1149 modum
1774 1102 1903 1150 Inter
1920 1115 1975 1149 se
1995 1099 2238 1152 coluerint
2258 1099 2404 1148 Afri-

1454 1183 1610 1218 canus
1647 1176 1694 1218 et
1722 1168 1957 1230 Laelius„
1987 1169 2050 1220 de
2082 1184 2121 1217 r.
2143 1183 2198 1233 p.
2229 1169 2288 1227 1,
2315 1167 2399 1224 12,

1456 1237 1540 1290 18.
1574 1264 1644 1275 ·-
1682 1238 1805 1287 Eius
1853 1244 1902 1286 et
1949 1238 2110 1288 Laelii
2152 1237 2400 1297 amicitia,

1455 1305 1594 1356 Lael.
1627 1307 1721 1372 27,
1753 1304 1851 1356 102
1883 1321 1992 1370 sqq.
2015 1335 2080 1342 —-
2105 1306 2224 1354 Erat
2259 1307 2312 1354 in
2341 1305 2400 1355 C.

1452 1374 1630 1424 Laelio
1653 1375 1806 1430 multa
1825 1375 2084 1436 hilaritas3
2113 1375 2166 1424 in
2186 1376 2298 1426 eius
2320 1374 2402 1424 fa-

1453 1444 1640 1494 miliari
1687 1443 1923 1509 Scipione
1965 1445 2176 1495 ambitio
2214 1444 2398 1504 maior‚
2493 1445 2500 1452 '

1454 1515 1559 1564 vita
1575 1513 1798 1576 tristior,
1821 1513 1885 1562 de
1907 1514 1994 1565 off.
2019 1515 2066 1576 1,
2087 1511 2172 1573 30,
2199 1510 2313 1562 108.
2329 1539 2401 1549 -

1452 1584 1557 1633 Vix
1596 1583 1939 1634 intellexisses
1991 1583 2288 1632 Africanum
2345 1581 2402 1631 id

1453 1652 1532 1718 (ut
1585 1650 1907 1716 philosophis
1960 1666 2167 1716 operam
2225 1648 2399 1715 daret)

1391 1774 1400 1785 ⁶
1454 1735 1638 1785 agere,
1681 1735 1834 1782 quum
1873 1729 2047 1786 ageret
2082 1728 2286 1783 tamen,
2332 1721 2398 1770 de

1453 1795 1578 1839 orat.
1601 1757 1660 1851 3,
1683 1787 1777 1848 23,
1801 1787 1886 1838 87.
1910 1815 1976 1824 -—
2007 1789 2193 1839 Secum
2227 1790 2397 1839 erudi-

1451 1858 1679 1905 tissimos
1695 1855 1928 1905 homines
1953 1873 2016 1905 ex
2037 1855 2250 1907 Graecia
2279 1857 2398 1921 (Po-

1452 1923 1660 1991 lybium,
1675 1926 1992 1991 Panaetium)
2006 1926 2178 1991 palam
2193 1944 2398 1992 semper

1451 1993 1657 2054 habuit,
1677 1995 1752 2047 Ib.
1773 1996 1834 2059 2,
1857 1993 1952 2054 37,
1986 1996 2102 2046 154.
2143 1996 2210 2045 cl.
2235 1998 2395 2048 Acad.

1449 2078 1529 2127 pr.
1547 2066 1596 2126 2,
1613 2063 1664 2124 2,
1684 2064 1734 2113 5.
1756 2079 1850 2129 pro
1871 2062 1998 2115 Mur.
2023 2064 2108 2124 31,
2127 2064 2214 2117 66.
2231 2066 2397 2115 —Bis

1421 2157 1426 2161 ·
1452 2131 1627 2182 consul
1652 2148 1806 2195 quum
1837 2132 2022 2184 fuisset
2039 2134 2094 2183 P.
2119 2134 2398 2185 Africanus

1451 2208 1499 2251 et
1549 2202 1678 2254 duos
1727 2211 1946 2253 terrores
1981 2204 2186 2269 imperii
2227 2206 2395 2264 Rom„

1381 2312 1388 2333 ,
1449 2270 1812 2337 Karthaginem
1845 2273 2276 2336 Numantiamque
2305 2276 2396 2325 de-

1451 2340 1686 2403 levisset,
1735 2343 1992 2392 accusavit
2025 2342 2086 2397 L.
2129 2342 2396 2393 Aurelium
2499 2357 2500 2374 ³

1451 2408 1758 2472 Cottam,1b.
1782 2411 1865 2471 28,
1885 2412 1972 2464 58.
2003 2412 2067 2461 cl.
2093 2412 2254 2463 divin.
2269 2414 2322 2461 in
2333 2412 2393 2473 Q.

1451 2478 1635 2530 Caecil.
1657 2481 1752 2543 21,
1773 2479 1859 2532 69.
1881 2508 1950 2517 —
1969 2480 2023 2531 C.
2043 2481 2250 2545 Papirio
2275 2479 2395 2531 Oar-

1449 2550 1570 2600 boni
1589 2550 1704 2600 trib.
1731 2548 1805 2616 pl.
1825 2549 1904 2616 (a.
1921 2566 1972 2599 u.
1991 2566 2034 2602 c.
2055 2547 2203 2613 625.)
2227 2550 2291 2600 de
2311 2550 2392 2633 Ti)

1453 2617 1676 2668 Graccho
1744 2619 2074 2685 interroganti
2129 2620 2396 2683 respond1t

1449 2689 1560 2736 iure
1600 2702 1805 2738 caesum
1841 2688 2032 2743 videri,
2075 2687 2138 2737 de
2177 2696 2307 2740 orat.
2339 2690 2392 2748 2,

1449 2756 1550 2818 25,
1583 2756 1700 2809 106.
1741 2771 1835 2821 pro
1867 2756 1976 2811 Mil.
2011 2754 2070 2816 3,
2097 2756 2147 2807 8.
2179 2756 2396 2805 —ss-Eius
2499 2751 2500 2784 l

1451 2825 1613 2875 oratio
1633 2826 1876 2875 adversus
1901 2823 1954 2876 G.
1983 2825 2180 2888 Papirii
2204 2824 2394 2875 Carbo·
2499 2821 2500 2862 ἶ

1448 2894 1530 2942 nis
1560 2893 1726 2961 legem
1758 2894 1823 2945 de
1858 2894 2071 2943 tribunis
2101 2892 2243 2956 plebi
2280 2891 2392 2944 refi-

1450 2962 1675 3028 ciendis,
1717 2963 1780 3012 de
1821 2977 1917 3011 am.
1951 2962 2045 3020 25,
2085 2959 2174 3013 96.
2206 2989 2276 2998 --
2311 2962 2390 3010 Ab

1449 3032 1678 3081 amicitia
1696 3030 1756 3091 Q.
1782 3031 2013 3095 Pompeii
2028 2998 2241 3094 Nepotis
2266 3031 2394 3079 Lae-.

1447 3100 1505 3149 lii
1525 3101 1728 3149 nomine
1741 3114 1795 3150 se
1811 3100 2040 3170 removit,
2065 3107 2274 3164 propter
2288 3100 2391 3149 dis-

1447 3170 1737 3222 sensionem
1757 3176 1953 3228 autem,
1988 3183 2117 3231 quae
2137 3172 2246 3217 erat
2267 3169 2320 3217 in
2340 3182 2392 3215 re

1445 3237 1621 3302 publ,
1655 3237 1903 3287 alienatus
1926 3244 2000 3287 est
2029 3252 2058 3286 a
2082 3236 2139 3297 Q.
2170 3236 2390 3287 Caecilio

1445 3304 1650 3357 Metello
1677 3305 2038 3367 MacedonicO,
2070 3306 2136 3355 de
2169 3320 2290 3355 am.
2305 3306 2389 3364 21,

1447 3374 1534 3425 77.
1574 3374 1729 3427 cl.·de
1747 3375 1832 3423 off.
1865 3375 1890 3423 1
1906 3412 1921 3437 ,
1944 3376 2039 3433 25,
2067 3373 2153 3427 87.
2175 3400 2250 3410 -
2267 3374 2391 3423 Eius

1446 3442 1803 3493 obtrectatores
1825 3450 1873 3492 et
1902 3442 2061 3491 invidi
2091 3441 2148 3491 P.
2178 3441 2392 3493 Crassus
