2500 3850
293 195 415 256 326

807 199 1193 249 POSIDORUS
1235 220 1320 232 --··
1350 199 1411 244 Τ.
1441 194 1852 245 POSTUMIUS.

364 362 429 410 ad
468 358 755 408 Ciceronem
807 358 1093 421 scripserit,
1143 370 1298 419 quum
1368 349 1687 413 Postumia,
1727 350 1834 401 Ser.
1869 350 2078 416 Sulpicii
2117 367 2282 415 uxor,
2322 354 2381 402 ad

361 429 486 478 illud
502 418 813 491 ὑπόμνημα
828 425 1083 476 Ciceronis
1102 425 1165 474 de
1181 439 1301 473 con-

371 498 538 547 sulatu
566 511 658 544 suo
676 496 911 561 legisset,
945 496 1011 543 ad
1032 497 1131 545 Att.
1153 494 1212 554 2,
1250 494 1297 556 l,

365 570 413 616 2.
440 592 505 601 -
525 565 831 615 Posidonius
851 580 880 613 a
912 563 1033 625 dec,
1067 561 1250 612 deinde
1271 575 1302 608 a

369 636 498 695 fam,
522 634 705 685 deinde
726 650 755 681 a
775 640 950 681 natura
981 632 1081 681 vim
1100 644 1300 680 omnem

370 704 635 753 divinandi
685 704 1029 762 rationemque
1078 700 1298 767 repetiit,

368 774 433 822 de
453 772 609 822 divin.
649 771 708 829 1,
738 770 833 829 55,
868 770 985 821 125.
1024 770 1096 819 Ib.
1122 772 1145 819 1
1168 806 1181 828 ,
1215 768 1301 831 57,

374 840 485 891 130.
505 867 570 877 —
593 841 921 901 Posidonius,
952 838 1180 889 Panaetii
1216 851 1304 884 au-

368 912 525 969 ditor,
562 910 783 971 quinque
813 908 969 957 libros
1003 907 1067 956 de
1104 907 1303 957 divina-

366 981 501 1027 tione
522 978 711 1036 edidit,
746 977 819 1027 Ib.
846 976 871 1025 1
889 1014 903 1036 ,
927 976 957 1026 3
974 1013 987 1036 ,
1020 975 1070 1026 6.
1099 1003 1163 1013 —
1182 975 1304 1023 Pro-

367 1048 707 1111 gnosticorum
748 1060 952 1094 ·cansas
1006 1051 1302 1109 persecutus

367 1124 469 1175 est,
502 1115 574 1163 lb.
597 1115 658 1173 2,
692 1113 786 1176 21,
809 1115 893 1162 47.
914 1140 984 1148 -
1002 1113 1303 1163 Posidonius

368 1184 595 1232 divinare
618 1183 889 1231 morientes
912 1182 1146 1245 exemplo
1168 1181 1305 1229 Rho-

367 1252 439 1300 dii
458 1251 721 1301 cuiusdam
743 1250 1028 1309 coufirmat,
1051 1252 1122 1300 lb.
1148 1250 1194 1312 1,
1217 1250 1304 1309 30,

367 1322 453 1370 64.
478 1348 542 1356 -—
567 1320 869 1370 Posidonius
894 1321 944 1368 in
977 1319 1105 1369 libro
1127 1320 1303 1382 quinto

369 1393 431 1439 de
471 1397 648 1439 natura
677 1390 885 1439 deorum
926 1390 1165 1439 disseruit
1196 1388 1305 1436 nul-

370 1459 445 1508 los
510 1474 621 1509 esse
672 1460 791 1509 deos
847 1458 1065 1523 Epicuro
1126 1457 1305 1514 videri,

370 1543 596 1590 quaeque
637 1530 679 1576 is
717 1528 779 1577 de
819 1528 898 1577 dis
935 1526 1305 1577 immortalibus

370 1598 580 1654 dixerit,
606 1596 825 1645 invidiae
846 1597 1169 1647 detestandae
1190 1610 1307 1660 gra-

370 1666 440 1712 tia
467 1664 685 1727 dixisse,
720 1665 781 1713 de
804 1679 855 1717 n.
885 1666 934 1715 d.
965 1666 1023 1725 1,
1058 1668 1153 1729 44,
1187 1663 1302 1715 123.

367 1757 434 1767 —
469 1733 774 1783 Posidonius
803 1734 1022 1783 breviter
1045 1734 1210 1784 locum
1242 1733 1306 1780 il-

368 1800 501 1862 lum,
524 1802 568 1849 si
588 1802 666 1861 id,
692 1803 826 1863 quod
845 1804 1070 1867 speciem
1097 1803 1306 1853 haberet

369 1869 597 1929 honesti,
625 1880 877 1937 pugnaret
908 1886 1021 1921 cum
1053 1888 1144 1936 ec,
1171 1871 1307 1936 quod

368 1938 491 1988 utile
522 1941 805 2004 videretur,
830 1943 997 2008 tetigit
1026 1943 1076 1990 in
1097 1943 1306 2004 quibus-

368 2007 486 2057 dam
505 2011 911 2072 commentariiS‚
949 2011 1011 2060 de
1039 2011 1127 2060 off.
1161 2011 1219 2064 3.
1252 2011 1305 2069 2,

367 2076 416 2125 8.
438 2103 507 2112 —-
529 2078 648 2128 Eius
667 2079 881 2143 epistola
900 2080 965 2128 ad
982 2081 1037 2130 Ρ.
1060 2079 1307 2128 Rutilium

292 2143 297 2148 '
367 2145 586 2205 Rufum,
609 2148 682 2196 Ib.
712 2147 770 2207 3,
806 2149 865 2208 2,
893 2147 975 2196 10.
998 2173 1064 2182 —
1085 2149 1157 2196 Ea
1177 2162 1306 2209 quae

367 2212 639 2264 Panaetius
668 2217 1011 2278 praetermisit
1043 2211 1174 2280 περὶ
1202 2216 1308 2264 τοῦ

364 2274 729 2345 καθήκοντος
773 2283 1080 2334 Posidonius
1126 2299 1304 2352 perse-

374 2358 517 2400 cutus
544 2360 641 2405 est.
690 2354 745 2402 In
775 2354 884 2403 eius
913 2354 1039 2406 libro
1074 2361 1150 2406 est
1172 2348 1304 2418 περὶ

362 2416 468 2468 τοῦ
491 2412 633 2470 κατὰ
657 2420 984 2486 περίστασιν
1012 2414 1302 2487 καθήκον-

364 2504 478 2552 τος,
502 2492 567 2541 ad
590 2494 692 2544 Att.
715 2492 797 2557 16,
824 2492 906 2555 11,
928 2494 979 2543 5.
1004 2519 1073 2528 ·-—
1090 2494 1304 2543 Posido-

364 2559 479 2606 nius
508 2560 775 2624 sphaeram
807 2562 995 2621 effecit,
1028 2563 1170 2612 cuius
1199 2563 1302 2611 sin-

360 2627 512 2689 gulae
532 2631 887 2680 conversiones
912 2633 1045 2682 idem
1080 2631 1304 2681 efficiunt

363 2695 417 2742 in
454 2696 561 2744 sole
600 2705 647 2745 et
683 2699 735 2746 in
767 2698 886 2747 luna
921 2708 969 2748 et
999 2700 1049 2749 in
1080 2703 1302 2762 quinque

362 2761 525 2811 stellis
566 2767 875 2827 errantibus,
912 2769 1047 2830 quod
1086 2767 1303 2819 efficitur

364 2829 416 2876 in
440 2830 579 2879 caelo
608 2833 828 2898 singulis
860 2836 1037 2885 diebus
1068 2846 1116 2886 et
1143 2840 1302 2886 nocti-

1439 422 1560 471 fam.
1581 422 1633 481 4,
1659 420 1689 469 2
1706 456 1720 479 ,
1742 420 1791 469 1.
1817 447 1881 456 ——
1902 421 2085 470 Amica
2103 420 2380 484 Pomptini,

1440 492 1505 539 ad
1523 491 1624 538 Att.
1648 489 1700 545 5,
1725 489 1810 547 21,
1831 488 1880 539 9.
1917 490 1978 542 cl.
2006 492 2074 538 ib.
2099 492 2150 552 S.
2178 490 2264 539 14.
2310 492 2381 539 lb.

1442 559 1523 617 10,
1545 558 1594 618 9,
1619 556 1668 607 3.
1705 559 1777 606 lb.
1800 557 1883 618 10,
1908 559 1988 618 10,
2009 560 2060 607 4.
2089 559 2171 619 lb„
2192 558 2278 618 12,
2303 560 2382 609 11.

1369 624 1726 689 Postumius,
1781 626 1934 677 homo
1987 627 2385 691 voluptuosissi-

1441 711 1580 755 muS,
1604 697 1666 745 de
1683 695 1770 747 fin.
1791 697 1840 756 2,
1863 697 1948 754 22,
1971 695 2056 744 70.

1372 760 1717 827 Postumius,
1737 762 1871 815 filius
1893 764 2078 814 sororis
2103 761 2274 825 Gellii,
2297 764 2390 813 ho-

1443 835 1595 883 minis
1612 834 1795 898 perditi
1815 871 1828 893 ,
1861 834 2159 883 adolescens
2189 835 2386 897 graviS,

1443 904 1598 953 simili
1631 903 1818 952 iudicio
1838 902 2146 952 avunculum
2172 900 2389 961 notavit,

1445 988 1600 1035 quum
1637 973 1686 1020 in
1718 987 1903 1037 magno
1925 986 2134 1021 numero
2164 978 2390 1021 tutorem

1445 1042 1618 1090 liberis
1639 1056 1738 1090 non
1757 1043 2000 1102 instituit,
2019 1056 2114 1107 pro
2137 1040 2274 1095 Sest.
2295 1040 2387 1099 52,

1448 1110 1564 1160 111.
1590 1136 1660 1145 -
1680 1110 1833 1175 Rapit
1851 1110 2174 1175 Pomptinum
2205 1110 2392 1159 Postu-

1443 1180 1574 1227 mius
1595 1179 1833 1241 Romam,
1864 1179 2081 1229 fortasse
2112 1181 2267 1228 etiam
2293 1178 2394 1227 Po-

1444 1249 1656 1309 stumia,
1686 1248 1751 1297 ad
1777 1250 1881 1300 Att.
1917 1252 1975 1311 5,
2006 1247 2068 1299 21
2087 1286 2099 1307 ,
2131 1248 2183 1298 9.
2207 1275 2274 1283 —
2294 1249 2393 1296 Po-

1445 1318 1660 1367 stumius
1678 1355 1692 1378 ,
1715 1318 1778 1367 de
1798 1334 1894 1380 quo
1915 1319 2218 1367 nominatim
2239 1331 2394 1366 sena—

1442 1394 1524 1435 tus
1546 1388 1768 1436 decrevit
1791 1399 1837 1435 a.
1861 1404 1912 1439 u.
1937 1404 1982 1441 c.
2007 1386 2124 1437 705.
2144 1422 2159 1446 ,
2198 1393 2254 1434 ut
2285 1394 2392 1435 sta-

1445 1456 1536 1505 tim
1574 1458 1624 1505 in
1655 1454 1881 1505 Siciliam
1919 1457 2012 1505 iret
2045 1455 2394 1516 Furfanioque

1447 1525 1763 1586 succederet,
1797 1534 1949 1590 negat
1977 1540 2032 1574 se
2051 1526 2166 1575 sine
2195 1524 2394 1574 Catone

1447 1597 1631 1644 iturum
1653 1602 1699 1643 et
1718 1610 1861 1643 suam
1891 1596 1936 1642 in
1969 1602 2149 1644 senatu
2176 1608 2394 1657 operam

1446 1665 1894 1726 auctoritatemque
1916 1679 2065 1725 quam
2097 1663 2277 1727 magni
2303 1678 2396 1710 ac-

1448 1735 1634 1794 stimat‚
1656 1733 1728 1781 Ib.
1753 1733 1800 1793 7,
1827 1733 1907 1795 15,
1928 1736 1977 1783 2.
1995 1732 2395 1792 -PostumiuS,

1447 1801 1676 1851 Caesaris
1697 1804 1908 1860 amicus,
1930 1802 1994 1850 ad
2015 1802 2135 1851 fam.
2161 1801 2212 1863 6,
2233 1800 2316 1858 12,
2337 1803 2392 1849 2.

1447 1898 1508 1906 --
1545 1872 1862 1934 Postumius,
1897 1870 2162 1919 familiaris
2185 1868 2397 1918 Cicero-

1446 1943 1557 2001 niS,
1591 1942 1666 1991 Ib.
1694 1940 1783 2001 13,
1816 1940 1916 2003 69,
1951 1939 1996 1990 1.
2020 1940 2299 1988 —Matius
2332 1954 2396 1987 ac

1445 2011 1733 2060 Postumius
1763 2017 2114 2076 procuratores
2147 2009 2398 2058 ludorum

1447 2080 1641 2131 Octavii
1660 2094 1706 2128 a.
1733 2094 1784 2127 u.
1811 2096 1854 2128 c.
1885 2079 2002 2129 710.
2031 2078 2268 2128 Ciceroni
2289 2093 2396 2126 non

1445 2149 1663 2214 placent.
1707 2147 1923 2197 Saserna
1956 2147 2154 2211 collega
2177 2147 2393 2211 dignus,

1444 2217 1512 2266 ad
1530 2219 1633 2268 Att.
1658 2217 1740 2276 15,
1759 2218 1811 2277 2,
1835 2216 1882 2268 3.

1377 2284 1438 2336 C.
1487 2283 1840 2349 Postumius,
1895 2286 2157 2351 haruspex
2211 2283 2394 2334 Sullae

1442 2363 1692 2420 tempore,
1718 2356 1781 2404 de
1801 2357 1958 2404 divin.
1986 2354 2034 2418 1,
2060 2353 2144 2416 33,
2177 2355 2262 2404 72.

1379 2422 1476 2474 Cn.
1505 2421 1860 2488 Postumius,
1891 2425 2204 2488 subscriptor
2234 2438 2382 2472 accu-

1444 2495 1655 2544 sationis
1674 2494 1730 2543 L.
1754 2493 2008 2550 Murenae,
2027 2508 2119 2557 pro
2143 2494 2271 2542 Mur.
2297 2490 2387 2552 26,

1442 2563 1526 2614 54.
1562 2564 1634 2612 Ib.
1661 2563 1744 2624 27,
1766 2562 1851 2615 56.
1872 2589 1940 2599 -
1959 2563 2243 2612 Praetorius
2266 2576 2390 2609 can-

1395 2631 1402 2634 ’
1445 2634 1678 2694 didatus,
1703 2632 1776 2680 Ib.
1803 2633 1886 2691 27,
1905 2633 1988 2682 57.
2020 2633 2094 2682 Ib.
2115 2629 2202 2691 33,
2222 2630 2312 2682 69.

1373 2699 1452 2752 Μ.
1492 2698 1816 2752 Postumius
1853 2708 2089 2763 quaestor
2119 2699 2172 2749 C.
2207 2699 2388 2748 Verris

1443 2772 1494 2820 in
1515 2768 1694 2819 Sicilia
1727 2771 2014 2834 provincia,
2049 2771 2196 2817 Verr.
2230 2782 2385 2816 accu-

1442 2845 1536 2891 sat.
1565 2840 1612 2894 2,
1637 2838 1719 2899 18,
1747 2840 1832 2889 44.

362 2897 485 2958 buS,
510 2898 572 2947 de
590 2915 639 2950 n.
664 2902 712 2949 d.
735 2904 783 2960 2,
806 2901 889 2966 34,
912 2904 1302 2956 88.—Posido-
1371 2905 1436 2956 P.
1469 2905 1794 2957 Postumius
1811 2943 1826 2971 ,
1855 2907 2123 2956 familiaris
2147 2906 2211 2954 Μ.
2247 2905 2388 2954 Mar-

362 2967 478 3014 nius
518 2971 765 3030 quaedam
808 2975 1122 3026 comminisci
1156 2977 1299 3026 vide-

1441 2976 1580 3038 celli,
1610 2977 1676 3024 ad
1694 2975 1815 3025 fam.
1838 2978 1890 3032 4.
1915 2976 1998 3040 12,
2021 2977 2070 3026 2.

361 3047 471 3100 tur,
500 3038 560 3086 de
582 3037 685 3088 fato
714 3039 765 3106 3,
783 3042 833 3092 5.
875 3043 949 3093 Ib.
969 3045 1020 3102 4,
1044 3045 1093 3092 7.
1115 3071 1185 3080 -—
1204 3047 1299 3095 Po·
1373 3039 1442 3092 T.
1465 3042 1788 3094 Postumius
1811 3053 2011 3108 praetor
2039 3059 2083 3094 a.
2113 3059 2164 3091 u.
2189 3058 2231 3091 c.
2254 3041 2383 3092 697.

360 3104 591 3155 sidonius
624 3110 982 3174 reprehensuS,
1024 3114 1159 3176 quod
1185 3128 1301 3178 per-

361 3173 520 3223 multa
538 3182 698 3226 taetra
725 3187 773 3229 et
803 3182 1055 3232 obscoena
1084 3183 1302 3247 college-

361 3242 453 3300 rit,
482 3243 543 3292 de
565 3244 647 3295 off.
671 3246 697 3295 1
718 3279 733 3309 ,
767 3250 834 3300 45
851 3287 864 3309 ,
891 3250 1010 3301 159.
1030 3278 1101 3288 --
1121 3248 1304 3300 Confer

361 3310 509 3358 etiam
540 3313 603 3362 de
628 3313 714 3362 fin.
739 3318 765 3366 1
784 3352 799 3378 ,
830 3321 895 3381 2,
924 3318 974 3368 6.
1013 3319 1217 3368 Tuscul.
1247 3318 1300 3378 5,

363 3375 447 3432 37,
473 3377 587 3429 107.
620 3381 683 3429 de
702 3397 749 3431 n.
774 3386 825 3433 d.
849 3386 895 3446 1,
916 3385 967 3445 3,
986 3388 1037 3437 6.

296 3438 620 3494 Posidorus.
665 3450 725 3498 V.
748 3449 1075 3502 Pasidorus.

1393 3155 1396 3159 .
1443 3113 1594 3178 periit
1634 3114 1686 3161 in
1721 3113 1852 3162 bello
1900 3113 2065 3171 civili,
2119 3125 2220 3160 non
2257 3125 2386 3160 con-

1441 3182 1740 3232 temnendus
1761 3183 1812 3230 in
1833 3182 2074 3246 diceudo,
2109 3180 2173 3229 de
2203 3194 2256 3227 re
2284 3193 2383 3242 pu-

1438 3252 1574 3302 blica
1608 3265 1728 3300 vero
1768 3265 1865 3299 non
1904 3252 2070 3300 minus
2101 3248 2384 3298 vehemens

1443 3328 1611 3370 orator
1644 3335 1795 3382 quam
1825 3319 2038 3369 bellator
2069 3317 2194 3381 fuit,
2234 3316 2382 3365 effre-

1440 3396 1588 3436 natus
1611 3395 1659 3436 et
1678 3402 1794 3436 acer
1821 3389 2001 3448 nimis,
2031 3386 2122 3436 sed
2146 3387 2275 3435 bene
2303 3385 2380 3433 iu-

1441 3454 1513 3504 ris
1554 3454 1743 3518 publici
1780 3456 1919 3520 leges
1959 3463 2111 3517 atque
2150 3455 2382 3502 instituta
