2500 3850
766 215 1189 278 Aomnmnsn
1223 239 1307 251 —
1335 219 1633 269 ARADUS.

225 390 385 440 prope
437 374 676 439 Tergeste
694 410 708 432 ‚
763 375 813 420 in
859 374 1029 424 vatin.
1081 373 1165 434 16,

227 443 314 496 38.
349 443 478 492 Hinc

153 509 484 580 Aquiliense
512 511 622 560 sive
652 507 1012 575 Aquileiense
1048 527 1168 578 por-

224 583 411 631 torium
470 581 520 628 in
577 579 776 628 colonia
828 580 1164 642 Aquileiensi,

224 665 320 714 pro
341 651 550 698 Fonteio
581 646 634 705 1,
661 649 712 700 2.

151 715 385 784 Aquilia
411 719 497 767 lex
517 718 580 767 de
607 717 790 766 damno
813 732 856 766 s.
895 717 1068 766 damni
1087 718 1165 765 iu-

223 790 384 850 iuria‚
423 787 566 838 Brut.
605 784 700 846 34,
733 785 849 836 131.
877 799 972 850 pro
998 785 1162 838 Tullio

221 859 272 918 S.
305 855 355 906 8.
381 855 464 905 11.
483 856 576 906 41.
599 855 683 904 42.

150 921 404 988 Aquilia.
437 925 564 973 Eam
602 923 663 982 Q.
699 921 856 974 frater
891 925 1166 989 putabatur

223 995 278 1042 iu
299 993 678 1044 matrimonium
703 992 944 1042 ducturus
965 1008 1012 1046 a.
1036 1008 1088 1044 u.
1117 1010 1161 1043 c.

221 1061 362 1121 710.‚
389 1064 452 1112 ad
474 1063 576 1113 Ait.
605 1061 694 1124 14,
719 1060 802 1121 13,
825 1062 873 1112 5.
893 1063 1057 1112 -1b.
1079 1077 1162 1128 ep.

157 1199 218 1249 C.
250 1197 513 1264 Aquilius
554 1197 780 1264 Gallus,
828 1200 936 1250 iure
965 1199 1165 1250 consul-

221 1276 330 1328 tuS‚
351 1268 494 1318 Brut.
521 1269 589 1324 42
601 1305 618 1332 ,
641 1268 759 1318 154.
778 1293 848 1304 —-·
863 1269 1026 1318 Iudex
1045 1283 1166 1319 con-

225 1339 432 1389 stitutus
459 1339 512 1386 in
539 1351 694 1386 causa
728 1337 785 1386 P.
825 1337 1073 1401 Quinctii,
1113 1353 1160 1387 a.

223 1422 276 1461 u.
310 1424 354 1456 c.
385 1405 534 1466 673„
561 1421 655 1470 pro
688 1405 886 1464 Quinct.
923 1422 966 1456 c.
1009 1409 1067 1466 l,
1113 1405 1159 1455 1.

225 1483 274 1526 et
315 1489 490 1540 saepe.
537 1503 606 1514 --
644 1474 1010 1539 Amplissimae
1051 1476 1163 1526 eins

221 1545 430 1604 laudem
468 1557 561 1609 pro
595 1543 812 1594 Caecina
847 1545 942 1607 27,
978 1546 1064 1596 77.
1095 1569 1165 1581 —-

226 1613 282 1666 C.
325 1613 568 1676 Aquilius
612 1620 818 1678 praetor
856 1627 972 1662 cum
1022 1612 1163 1663 Cice-

223 1697 365 1744 rone,
387 1697 437 1735 a.
466 1698 516 1731 u.
541 1697 584 1729 c.
611 1680 731 1732 688.
756 1682 976 1732 ambitus
1009 1695 1163 1742 quae-

223 1752 440 1802 stionem
472 1750 765 1810 exercebat,
807 1765 898 1814 pro
935 1749 1162 1799 Cluentio

225 1819 320 1884 53,
344 1822 465 1871 147.
497 1846 567 1856 --
587 1818 794 1884 Collega
819 1827 868 1867 et
891 1819 1162 1870 familiaris

224 1889 486 1941 Ciceronis
505 1926 520 1949 ,
593 1888 846 1951 quomodo
909 1887 1163 1939 definierit

221 1958 382 2009 littus
397 1995 412 2021 ,
433 1959 610 2023 Topic.
641 1959 670 2006 7
685 1993 700 2021 ,
725 1958 808 2011 32.
826 1984 892 1993 -—
911 1958 1162 2008 Iudicium

222 2030 286 2078 de
309 2028 428 2077 dolo
449 2026 581 2077 malo
609 2027 844 2092 protulit,
876 2027 940 2077 de
957 2042 1009 2079 n.
1035 2027 1086 2076 d.
1108 2026 1158 2087 3,

220 2097 318 2159 30,
349 2098 438 2148 74.
461 2124 532 2133 --
557 2098 622 2147 (18
649 2096 739 2148 off.
774 2096 835 2156 3,
871 2097 963 2160 14,
995 2095 1078 2149 60.
1112 2103 1162 2143 et

221 2164 304 2225 15,
325 2166 413 2216 61.
439 2192 505 2207 —.
527 2166 602 2217 De
621 2180 754 2227 aqua
775 2173 946 2216 nostra
967 2165 1158 2215 Tuscu-

219 2234 337 2283 lana
389 2235 456 2283 M.
502 2235 784 2299 Tugionem
845 2234 1157 2299 (praediato-

219 2302 354 2365 rem)
394 2304 564 2368 potius
613 2318 764 2365 quam
802 2300 856 2352 C.
899 2302 1160 2365 Aquilium

221 2372 422 2425 Gallum
441 2371 829 2424 consulebamus
844 2408 858 2431 ,
883 2386 974 2437 pro
1000 2371 1159 2423 Balbo

217 2443 318 2504 20,
345 2444 437 2494 45.
463 2470 530 2479 -—-
547 2443 789 2503 'Aquilius
818 2442 1088 2506 denegavit
1105 2456 1161 2490 se

220 2512 540 2563 consulatum
574 2512 847 2575 petiturum
884 2519 932 2561 et
975 2510 1162 2560 iuravit

220 2583 456 2632 morbum
477 2588 526 2629 et
543 2580 672 2629 illud
688 2595 837 2631 suum
848 2573 1070 2644 'regnum
1086 2580 1161 2627 iu-

219 2650 404 2701 diciale
426 2650 668 2714 opposuit
683 2685 696 2703 ‚
717 2665 765 2701 a.
787 2664 840 2697 u.
863 2664 908 2700 c.
929 2647 1072 2707 689„
1097 2647 1163 2695 nd

219 2722 324 2769 Att.
350 2720 375 2770 l
393 2755 408 2779 ,
433 2720 484 2779 1,
513 2718 559 2769 l.
581 2743 645 2753 -
667 2718 913 2784 Egnatius
936 2716 1160 2783 graviter

218 2805 273 2838 se
311 2796 542 2836 acturum
581 2800 694 2836 cum
733 2785 938 2849 Aquilio
977 2784 1158 2835 conflr-

218 2864 339 2918 mat,
369 2872 416 2905 a.
438 2872 491 2905 u.
515 2872 558 2905 c.
585 2854 706 2907 699.
727 2892 742 2919 ,
773 2858 838 2905 ad
860 2858 964 2905 Att.
985 2855 1048 2917 4,
1073 2854 1155 2905 12.

49 2958 56 2965 ·
149 2923 243 2975 Μ’.
283 2922 546 2991 Aquilius
585 2932 756 2989 pater,
802 2938 908 2974 cos.
945 2938 990 2973 a.
1023 2938 1077 2974 u.
1111 2938 1156 2974 c.

215 2996 337 3047 625.
363 3009 429 3043 ex
458 2994 585 3044 Asia
617 2995 746 3043 victo
771 2992 1058 3043 Aristonico
1080 3006 1157 3040 re-

217 3078 398 3113 versus
455 3059 518 3111 de
572 3064 805 3127 pecuniis
862 3060 1157 3127 repetundis

217 3132 520 3196 postulatus.
537 3147 570 3180 a
587 3132 640 3181 P.
661 3132 872 3182 Lentulo
891 3168 906 3192 ,
933 3130 1156 3180 subscri-

218 3208 364 3265 ptore
395 3199 453 3253 G.
490 3200 679 3251 Rutilio
711 3200 875 3260 Rufo,
913 3200 1071 3251 divin.
1104 3198 1156 3245 in

221 3268 280 3326 Q.
299 3269 450 3319 Caec.
473 3269 690 3329 21,,69.
718 3296 782 3305 -
802 3268 886 3319 Μ’.
919 3266 1156 3331 Aquilius

217 3352 324 3387 cos.
349 3353 466 3387 cum
493 3338 744 3389 Tuditano
776 3354 820 3387 a.
850 3356 902 3388 u.
935 3354 979 3387 c.
1016 3336 1156 3393 625„

225 3406 284 3455 de
309 3423 360 3455 n.
397 3408 447 3457 d.
475 3408 536 3465 2,
565 3407 741 3467 5,14.
769 3407 832 3456 cf.
865 3407 991 3458 der.
1018 3421 1070 3470 p.
1106 3405 1154 3463 1,

217 3474 398 3533 9414.
438 3476 504 3525 ad
534 3476 594 3534 Q.
635 3474 697 3524 fr.
731 3474 796 3535 3,
828 3476 894 3534 5,
933 3476 981 3527 1.
1017 3499 1066 3509 -
1103 3474 1158 3519 In

2158 209 2237 272 29

1308 373 1391 426 Μ’.
1428 376 1689 438 Aquilium
1738 386 1787 427 et
1829 381 1881 427 iu
1920 379 2001 429 Ti.
2044 377 2243 428 Guttam

1307 444 1652 563 {ggscriptum
1672 452 1765 505 est,
1793 461 1881 510 pro
1906 446 2134 498 Cluentio
2156 447 2243 510 45,

1236 578 1335 630 Μ’.
1370 578 1660 647 Aquilius,
1693 583 2071 647 praecedentis,
2096 594 2151 634 ut
2170 586 2244 634 vi-

1309 649 1478 713 detur,
1526 650 1690 712 filius,
1739 650 1923 702 bellum
1971 655 2021 702 in
2065 653 2245 704 Sicilia

1306 727 1479 769 contra
1511 719 1756 786 fugitivos
1779 722 1964 786 gessit,
1994 723 2138 772 Verr.
2160 738 2245 772 ac-

1304 797 1465 906 gusat·
1496 789 1555 849 3,
1592 791 1687 850 54,
1731 790 1847 841 125.
1876 816 1949 826 --
1979 792 2054 841 Ib.
2086 793 2118 841 5
2139 828 2152 850 ,
2190 795 2241 854 2,

1306 891 1369 974 de
1415 858 1681 991 peizrlieige
1692 858 2007 992 35:333&ss
2016 860 2243 978 'segusa—i:

1306 1003 1387 1043 tus
1430 1009 1459 1044 a
1494 995 1551 1046 L.
1590 996 1759 1058 Fufio,
1802 997 1939 1046 Brut.
1982 996 2077 1060 62,
2120 997 2241 1048 222.

1308 1063 1391 1114 off.
1434 1065 1495 1121 2,
1542 1066 1633 1130 14,
1676 1067 1794 1126 50.,
1842 1067 1935 1115 sed
1986 1066 2244 1116 absolutus

1306 1140 1411 1192 est,
1448 1133 1512 1182 de
1544 1140 1670 1184 orat.
1704 1138 1767 1193 2,
1805 1135 1901 1199 28,
1931 1135 2048 1188 124.
2085 1137 2156 1185 lb.
2190 1136 2239 1194 2,

1306 1202 1403 1266 47,
1438 1200 1555 1252 195.
1583 1229 1654 1240 --
1683 1204 1827 1253 Verr.
1850 1213 2070 1254 accusat.
2104 1206 2165 1265 ὃ,
2194 1205 2241 1265 1,

1306 1271 1357 1322 3.
1401 1269 1479 1320 Cf.
1514 1271 1579 1320 de
1608 1272 1693 1322 off.
1716 1273 1780 1334 2,
1812 1273 1905 1332 14,
1938 1273 2023 1325 50.
2054 1301 2119 1310 --
2146 1287 2240 1336 pro

1306 1340 1514 1390 Fonteio
1535 1339 1600 1390 13
1615 1377 1631 1400 ,
1650 1339 1733 1390 28.
1759 1365 1825 1376 -
1844 1354 1937 1404 pro
1956 1341 2132 1391 Flacco
2152 1339 2239 1398 39,

1306 1407 1391 1459 98.
1425 1433 1491 1444 --
1517 1409 1643 1458 Eum
1682 1409 1903 1472 legatum
1935 1410 2112 1474 populi
2140 1407 2243 1458 Ro-

1307 1477 1445 1528 mani
1511 1476 1829 1526 consularem
1892 1476 2240 1526 crudelissime

1304 1543 1875 1603 necavit-Mithridates,
1905 1545 1968 1596 de
1995 1547 2065 1596 im
2106 1581 2118 1595 .
2146 1545 2235 1598 Cn.

1304 1617 1426 1664 Pom
1470 1649 1481 1660 .
1512 1615 1543 1664 5
1617 1614 1701 1668 11.
1740 1627 1833 1679 pro
1866 1613 2057 1664 Scauro
2086 1617 2148 1676 2,
2187 1606 2235 1663 2.

1303 1683 1471 1733 Tuscu
1495 1720 1508 1732 .
1711 1682 1796 1733 14.

1231 1749 1438 1818 Aquilo
1467 1750 1747 1817 Orithyiam
1776 1753 1984 1803 sustulit
2004 1752 2235 1814 Athenis,

1303 1821 1369 1870 de
1404 1821 1505 1885 leg.
1550 1823 1607 1880 1,
1664 1822 1719 1882 1,
1760 1819 1810 1872 3.
1852 1847 1918 1858 --
1966 1822 2237 1883 Aquilonis

1303 1889 1601 1941 horrisonae
1619 1890 1747 1954 alae,
1786 1892 1928 1940 Arat-
1950 1905 2000 1942 ν.
2026 1891 2145 1941 247.

1231 1956 1586 2023 Aquilonalis
1608 1961 1749 2021 exis,
1772 1960 1955 2025 fragm.
1982 1975 2035 2023 p.
2056 1958 2176 2010 348.

1231 2025 1576 2110 Aquinates,
1617 2028 1797 2079 civitas
1836 2028 1887 2076 in
1927 2028 2101 2089 Latio,
2144 2042 2236 2092 pro

1229 2096 1539 2230 Aggeunltss
1550 2095 1806 2231 ((5)ξὶιὶΙόῼέῐῆ
1835 2165 1967 2214 Latii
1990 2166 2141 2226 novi,
2171 2165 2237 2214 ad

1302 2232 2235 2385 iff‘²‡1‚.²'‘1’6¹‚’24³;&3⁸:3¹3ssst

1229 2371 1537 2555 Aqlgissiiusr
1572 2437 1682 2554 vell
1716 2435 1998 2557 ‘gqssimssss’
2072 2436 2235 2486 malus

1232 2515 1753 2638 Argoeffiaugscxirffl·
1772 2508 2005 2623 ⁹v.2428.·
2019 2575 2138 2627 449.
2168 2600 2237 2610 -·

1304 2647 1368 2695 (18
1387 2662 1439 2694 ιι.
1460 2646 1511 2696 d.
1536 2646 1569 2695 2
1585 2682 1596 2703 ,
1618 2646 1713 2708 44,
1739 2643 1948 2695 114.1b.
1971 2642 2125 2706 3,16,
2144 2643 2232 2695 40.

1229 2713 1615 2777 Arabarches,
1670 2728 1763 2777 per
1806 2713 2093 2763 irrisionem
2140 2711 2230 2764 Cn.

1298 2783 1571 2857 Pompeius
1621 2789 1853 2840 vocatur,
1908 2782 1988 2831 ad·
2026 2783 2127 2834 Att.
2181 2782 2232 2840 2,

1228 2920 1471 2983 Arabes,
1507 2923 1574 2971 ad
1596 2920 1809 2981 fam.,3,
1848 2921 1912 2980 8,
1952 2920 2031 2971 10.
2072 2920 2143 2967 Ib.
2182 2918 2231 2976 8,

1300 2990 1392 3051 10,
1420 2992 1471 3040 2.
1500 2991 1565 3040 (18
1584 2991 1743 3041 divin.
1767 2990 1793 3040 1
1810 3027 1825 3053 ,
1860 2990 1924 3039 41
1942 3026 1955 3047 ,
1990 2988 2057 3039 92
2078 2994 2125 3035 et
2146 2983 2230 3036 94.

1300 3060 1363 3109 (18
1403 3060 1504 3124 leg.
1546 3060 1605 3119 2,
1644 3058 1737 3112 13,
1769 3058 1855 3109 33.
1896 3055 1960 3105 ad
1981 3056 2115 3105 tiam.
2150 3054 2231 3113 15,

1296 3130 1353 3191 1,
1384 3129 1435 3179 2.
1478 3128 1551 3175 lb.
1581 3129 1671 3186 15,
1696 3128 1758 3190 4,
1781 3130 1828 3177 7.
2248 3123 2265 3131 ”

1223 3194 1435 3247 Arabia
1455 3186 1758 3257 εὐδαίμων,
1786 3194 1850 3243 ad
1873 3194 1975 3242 Att.
1999 3192 2050 3256 9,
2076 3190 2156 3251 11,
2178 3192 2229 3239 4.

1225 3263 1433 3316 Arabio
1449 3300 1463 3327 ,
1486 3266 1554 3315 ad
1571 3264 1672 3317 Att.
1698 3266 1789 3323 15,
1814 3263 1877 3312 17
1894 3298 1909 3321 ,
1932 3263 1980 3313 1.

1224 3333 1472 3395 Aradus,
1514 3333 1634 3382 urbs
1673 3332 1949 3381 Phoenices
1980 3330 2031 3378 in
2064 3327 2233 3377 insula

1296 3418 1485 3467 parva,
1524 3401 1797 3451 continenti
1840 3401 2036 3457 iuncta,
2076 3396 2232 3446 hodie

1296 3471 1602 3530 Roumadde,
1624 3468 1790 3527 Ruad,
1820 3468 1884 3517 ad
1902 3468 2006 3515 Att.
2032 3467 2084 3523 9,
2104 3464 2153 3521 9,
2174 3464 2227 3509 2.
