2500 3850
180 153 303 214 216

246 321 295 371 7.
316 345 390 360 -·
406 321 530 370 Eius
550 321 861 384 eloquentia,
884 334 977 384 pro
998 319 1182 368 Varen.

246 390 431 456 fragm.
470 389 520 440 8.
565 404 617 453 p.
657 391 776 439 244.
819 414 885 424 —-
920 387 1039 436 Eius
1080 387 1185 438 elo-

246 461 455 521 quentia
496 459 716 508 maximo
759 472 911 522 opere
956 455 1181 518 laudata,

248 529 311 578 de
334 535 461 582 orat.
490 531 539 587 2,
563 527 647 590 45,
673 526 790 578 188.
816 553 885 562 -
901 524 1115 576 Crassus
1136 535 1184 575 et

247 597 498 646 Antonius
519 596 683 660 magis
703 611 853 658 quarn
874 593 1043 653 Cotta,
1068 594 1183 644 Sul-

244 668 430 732 picius,
450 665 747 717 Hortensius
769 665 836 714 ad
854 679 1002 713 omne
1021 678 1181 728 genus

246 736 452 785 dicendi
489 736 626 799 apti,
664 743 791 784 orat.
831 731 920 797 30,
964 731 1081 783 106.
1111 759 1183 770 ——-

246 803 417 854 Crassi
472 817 729 868 perpauca
782 809 898 851 sunt
954 802 1181 851 ardentis

248 873 488 923 orationis
522 871 779 936 exempla,
816 872 891 921 Ib.
923 868 1015 932 38,
1061 868 1177 922 132.

245 969 311 978 --
326 943 441 991 Erat
460 943 511 990 in
529 941 587 994 L.
612 940 793 990 Crasso
814 940 1001 989 multus
1018 937 1182 1004 lepoS‚

244 1013 309 1060 de
356 1010 439 1058 off.
479 1010 535 1068 1,
572 1008 665 1068 30,
708 1007 826 1060 108.
868 1037 933 1044 —
971 1008 1184 1057 UberiOr

248 1093 396 1142 quam
428 1077 587 1126 Catuli
624 1079 887 1139 utriusque
928 1077 1088 1126 oratio
1121 1076 1180 1128 L.

248 1147 419 1196 Crassi
446 1162 538 1195 nec
575 1147 741 1195 minus
776 1145 976 1208 faceta,
1016 1146 1090 1194 Ib.
1132 1145 1181 1206 1,

245 1217 311 1267 37
331 1252 343 1272 ‚
383 1215 493 1266 131.
521 1241 585 1250 -
605 1215 661 1263 L.
685 1215 899 1264 Crassus
919 1224 967 1264 et
986 1213 1053 1263 M.
1080 1212 1183 1260 An-

243 1287 413 1334 tonius
435 1293 655 1333 oratores
676 1284 879 1333 fuerunt
902 1283 1114 1332 maximi
1135 1290 1183 1330 et

246 1357 298 1404 in
335 1355 416 1403 his
454 1355 676 1420 primum
712 1369 828 1402 cum
876 1352 1180 1403 Graecorum

246 1424 409 1490 gloria
449 1423 626 1472 Latine
674 1422 875 1473 dicendi
914 1422 1061 1486 copia
1097 1436 1179 1472 we-

248 1502 399 1556 quata
417 1530 429 1552 ‚
462 1493 599 1542 Brut.
626 1491 722 1556 36,
757 1489 874 1544 138.
898 1519 963 1527 —
986 1491 1182 1556 Magni-

248 1563 374 1611 ficae
410 1562 468 1611 L.
514 1561 682 1612 Crassi
722 1560 926 1623 laudes,
980 1561 1049 1610 lb.
1094 1557 1179 1621 38,

248 1629 349 1682 143
385 1645 500 1693 sqq.
550 1629 1018 1692 ——3E10quentium
1059 1629 1183 1676 iuris

247 1700 606 1763 peritissimus,
630 1699 704 1751 Ib.
728 1697 811 1761 39,
836 1699 954 1750 145.
997 1700 1071 1750 Ib.
1094 1696 1181 1755 53,

253 1767 369 1817 197.
407 1767 479 1816 Ib.
516 1767 614 1825 57,
652 1767 772 1817 207.
814 1766 885 1815 lb.
928 1765 1021 1828 73,
1060 1763 1179 1814 256.

247 1837 321 1886 lb.
351 1835 448 1896 88,
484 1834 601 1885 301.
632 1859 701 1872 —-
734 1836 958 1885 Mortuus
986 1849 1032 1885 a.
1064 1849 1112 1886 ιι.
1134 1849 1178 1882 c.

246 1904 367 1956 663.
392 1942 405 1965 ‚
433 1903 506 1956 [b.
538 1903 635 1964 88,
670 1902 787 1956 303.
828 1932 893 1940 —
930 1903 1053 1953 Eius
1092 1902 1182 1953 do-

248 1976 436 2033 ctrina,
476 1974 540 2023 de
574 1981 699 2023 orat.
730 1974 793 2031 2,
827 1973 852 2022 1
876 2010 888 2031 ,
924 1974 948 2022 1
974 1988 1085 2035 sqq.
1114 1998 1185 2009 —-

250 2044 385 2103 Quid
415 2044 479 2094 de
500 2044 607 2093 iure
637 2043 689 2091 iu
722 2050 860 2091 certa
886 2057 1075 2107 genera
1101 2056 1183 2091 co·

248 2112 415 2177 gendo
437 2120 485 2161 et
505 2113 571 2161 ad
591 2121 747 2161 artem
768 2112 1047 2175 redigendo
1068 2126 1183 2159 sen-

248 2182 400 2239 serit,
422 2181 494 2231 Ib.
517 2182 576 2239 2,
598 2180 695 2239 33,
722 2181 840 2229 142.
862 2206 931 2215 -—
952 2180 1009 2231 L.
1038 2178 1183 2228 Cras·

248 2264 335 2300 sus
368 2256 416 2297 et
452 2248 517 2299 M.
542 2250 795 2298 Antonius
818 2247 946 2296 nihil
975 2262 1030 2297 se
1050 2248 1183 2296 arbi-

247 2320 507 2368 trabantur
536 2319 618 2368 'ad
662 2318 852 2366 iudicia
901 2330 1183 2378 causasque

249 2389 525 2437 amicorum
558 2394 761 2452 praeter
787 2386 1012 2436 fidem-et
1042 2387 1184 2452 inge-

248 2459 389 2507 nium
416 2457 612 2507 adferre
642 2463 904 2520 oportere,
942 2456 1100 2505 divin.
1135 2456 1183 2503 in

250 2526 308 2584 Q.
335 2525 517 2576 Caecil.
540 2526 573 2577 8
590 2563 602 2585 ,
634 2525 721 2578 25.
744 2552 813 2561 -
840 2525 1015 2574 Annos
1036 2532 1184 2573 natus

247 2594 385 2643 XXI.
428 2594 483 2647 C.
521 2595 783 2659 Papirium
819 2593 1095 2644 Carbonem
1133 2593 1185 2640 iu

250 2664 493 2713 iudicium
517 2663 714 2711 vocavit
734 2670 782 2709 et
802 2662 1085 2726 damnavit,
1121 2662 1185 2710 de

250 2738 375 2779 orat.
401 2729 447 2788 1,
480 2729 563 2789 10,
586 2729 671 2780 39.
709 2730 782 2778 Ib.
806 2728 855 2789 3,
884 2729 970 2790 20,
992 2732 1076 2784 74.
1118 2730 1182 2778 cl.

252 2800 386 2848 Brut.
408 2796 503 2856 43,
539 2796 652 2850 159.
691 2798 753 2847 de
774 2796 858 2846 off.
881 2798 941 2861 2,
976 2798 1065 2861 13,
1096 2800 1182 2849 47.

249 2867 313 2916 ad
334 2866 453 2915 fam.
476 2863 509 2912 9
527 2901 541 2924 ,
565 2866 628 2915 21
651 2904 663 2925 ,
699 2865 749 2919 3.
786 2866 933 2916 Verr.
964 2876 1181 2917 accusat.

247 2937 297 2994 3,
320 2936 368 2994 1,
390 2934 441 2986 3.
461 2960 531 2969 -
548 2934 789 2984 Defendit
817 2935 1060 2985 Liciniam
1088 2937 1186 2984 vir-

249 3007 418 3069 ginem
436 3017 595 3055 annos
619 3002 829 3053 XXVII.
853 3010 1019 3065 nutuS,
1040 3004 1181 3057 Brut.

250 3073 317 3123 43
336 3112 349 3134 ,
374 3071 489 3124 159.
516 3100 577 3109 -
602 3072 723 3123 Eius
746 3075 905 3121 oratio
938 3075 989 3122 in
1019 3073 1184 3138 legem

251 3141 546 3206 Caepionis,
572 3143 641 3195 lb.
666 3144 753 3206 44,
785 3142 897 3192 164.
915 3179 929 3204 ,
952 3145 1185 3193 censoria

250 3218 423 3260 contra
459 3209 548 3261 Cn.
588 3210 866 3261 Domitium
915 3211 1180 3278 collegam,

248 3278 325 3331 lb.
361 3306 425 3315 —-
456 3278 813 3344 Fragmentum
847 3296 911 3330 ex
940 3282 1050 3331 eius
1073 3295 1185 3329 ora-

246 3348 384 3396 tione
420 3347 471 3394 in
514 3348 823 3407 Carbonem,
862 3349 926 3397 de
966 3358 1090 3400 orat.
1128 3349 1180 3409 2,

247 3414 343 3475 40,
378 3415 494 3465 170.
526 3444 591 3453 --
622 3416 738 3481 Egit
771 3432 974 3465 causam
1008 3416 1183 3467 Curia-

411 166 477 213 L.
508 163 723 212 LICIN.
758 162 1055 210 CRASSUS
1080 185 1162 196 ·---
1190 164 1263 210 M.
1291 161 1504 209 LICIN.
1529 164 1590 211 P.
1621 163 1678 210 F.
1709 163 2025 212 CRASSUS.

1295 283 1464 379 snam,
1483 319 1640 381 topic.
1668 317 1747 377 10,
1771 321 1858 370 44.
1888 334 1982 384 pro
2005 317 2154 374 Caec.
2185 321 2274 383 18,

1325 385 1409 438 53.
1446 388 1520 437 Ib.
1545 388 1640 445 24,
1661 387 1746 438 69.
1788 386 1927 436 Brut.
1950 387 2033 448 73,
2055 389 2174 440 256.
2198 417 2272 427 —

1325 457 1628 522 Fragmenta
1653 456 1923 521 orationis,
1957 472 2110 519 quam
2147 473 2276 508 con-

1324 533 1400 576 tra
1430 523 1679 590 collegam
1711 523 1800 574 Cn.
1821 524 2094 575 Domitium
2125 525 2270 578 Ahe-

1325 595 1602 645 nobarbum
1622 607 1802 644 censor
1820 609 1866 644 a.
1886 610 1937 643 u.
1960 610 2003 646 c.
2027 594 2148 646 662.
2172 595 2267 646 ha-

1323 665 1460 727 buit,
1490 664 1552 713 de
1583 669 1708 712 orat.
1731 663 1790 726 2,
1832 663 1892 713 11
1915 699 1930 723 ,
1957 664 2044 734 45.
2075 665 2266 714 -De-

1320 733 1480 782 fendit
1503 732 1559 784 C.
1584 731 1815 796 Sergium
1839 730 2064 797 Oratam,
2087 734 2154 783 de
2173 733 2261 787 off.

1321 799 1384 866 3,
1418 800 1512 862 16,
1550 800 1636 853 67.
1667 825 1740 838 —-
1772 800 1894 850 Eius
1925 805 2098 852 suasio
2127 801 2264 868 legis

1323 869 1588 930 Serviliae,
1610 869 1750 918 Brut.
1771 869 1854 928 87,
1875 869 1993 922 298.
2019 896 2089 908 ——
2109 872 2264 937 Frag-

1325 947 1547 990 mentum
1583 939 1828 987 orationis
1857 939 1997 1002 eius,
2039 941 2100 988 de
2135 953 2263 992 orat.

1329 1010 1373 1068 l,
1394 1009 1480 1069 52,
1501 1007 1623 1060 225.
1664 1007 1841 1072 parad.
1871 1007 1920 1067 5,
1943 1007 1994 1068 3,
2016 1010 2186 1061 41.—-
2205 1011 2261 1059 Iu

1327 1077 1650 1128 dissuasione
1665 1077 1942 1141 rogationis
1963 1079 2074 1126 eius
2091 1113 2105 1140 ,
2134 1093 2266 1140 quae

1327 1154 1497 1196 contra
1521 1145 1770 1196 coloniam
1789 1144 2165 1198 Narbonensem
2189 1147 2270 1196 fe·

1323 1217 1552 1275 rebatur,
1600 1212 1666 1264 de
1716 1216 2006 1266 auctoritate
2057 1225 2268 1265 senatus

1325 1284 1571 1343 detrahit,
1602 1284 1655 1332 in
1676 1285 1912 1333 suasione
1942 1284 2071 1349 legis
2093 1284 2268 1335 Servi-

1323 1353 1424 1404 liae
1443 1353 1657 1403 summis
1683 1361 1826 1402 ornat
1843 1361 2074 1402 senatum
2097 1354 2271 1402 laudi·

1325 1424 1421 1473 bus
1435 1459 1449 1487 ,
1483 1435 1580 1485 quo
1601 1423 1753 1471 modo
1771 1423 1826 1470 in
1845 1421 2139 1472 defensione
2169 1421 2263 1472 Cn.

1325 1492 1496 1541 Planci
1526 1489 1661 1540 ultus
1693 1492 1760 1540 sit
1779 1489 1826 1538 M
1834 1525 1849 1538 .
1878 1490 2084 1540 Brutum
2117 1505 2267 1540 accu-

1325 1567 1542 1611 satorem
1560 1596 1573 1618 ,
1595 1574 1687 1623 pro
1710 1559 1902 1612 Cluent.
1931 1560 2018 1621 51,
2047 1560 2167 1612 140.
2196 1587 2270 1597 -

1325 1631 1626 1695 Fragmenta
1645 1644 1711 1677 ex
1740 1629 1848 1677 eius
1869 1629 2094 1678 oratione
2121 1631 2172 1677 in
2193 1629 2263 1682 M.

1327 1699 1534 1746 Brutum
1567 1704 1910 1747 accusatorem
1928 1734 1942 1755 ,
1973 1699 2037 1747 de
2061 1706 2188 1750 orat.
2212 1699 2270 1758 2,

1324 1767 1408 1832 55,
1433 1768 1536 1816 224
1555 1780 1665 1829 sqq.
1687 1792 1757 1822 -‚-
1773 1765 1911 1816 Dixit
1931 1766 1994 1816 de
2007 1767 2161 1818 laude
2185 1782 2268 1816 or-

1325 1836 1458 1885 dinis
1479 1835 1746 1898 senatorii,
1773 1836 1834 1884 de
1856 1834 1940 1884 off.
1966 1836 2026 1895 2,
2060 1835 2123 1886 18
2143 1873 2155 1894 ,
2175 1835 2267 1886 63.

1322 1932 1392 1941 -
1431 1902 1600 1954 Crassi
1645 1906 1858 1955 oratoris
1907 1904 2267 1969 fragmentum,

1325 1982 1450 2024 orat.
1471 1973 1554 2036 65,
1578 1972 1696 2023 219.
1725 1974 1907 2034 Aliud,
1931 1976 2004 2023 Ib.
2028 1974 2112 2035 66,
2136 1976 2259 2029 222.

1325 2043 1459 2105 0123.
1483 2042 1602 2095 226.
1641 2054 1763 2091 orat.
1785 2043 1849 2102 5,
1887 2042 1968 2094 19.
2013 2044 2074 2093 de
2107 2045 2266 2095 domo

1325 2127 1418 2162 sua
1436 2109 1501 2160 19
1519 2147 1532 2167 ‚
1554 2111 1639 2162 50.
1672 2111 1881 2165 Tuscul.
1906 2112 1931 2161 1
1951 2148 1966 2171 ,
1999 2113 2050 2171 5,
2078 2113 2158 2163 10.
2195 2113 2261 2166 V.

1329 2179 1390 2230 C.
1415 2176 1652 2233 Marius.

1252 2249 1319 2301 Is.
1357 2244 1607 2300 Licinius
1646 2247 1912 2312 Crassus,
1960 2247 2093 2298 filius
2129 2249 2265 2298 Lici-

1325 2319 1471 2376 niae,
1502 2316 1557 2366 L.
1583 2316 1752 2367 Crassi
1785 2319 1999 2367 oratoris
2031 2316 2168 2366 filiae
2197 2334 2266 2367 ex

1322 2387 1380 2438 P.
1428 2386 1666 2450 Scipione
1711 2386 1923 2449 Nasica,
1970 2384 2270 2450 Serapionis

1324 2461 1510 2519 nepote
1525 2491 1538 2513 ,
1563 2454 1731 2505 Crassi
1749 2456 1833 2505 avi
1853 2462 2150 2504 testamento
2172 2456 2266 2504 ad-

1327 2530 1557 2589 optatuS,
1577 2524 1719 2573 Brut.
1741 2524 1826 2588 58,
1847 2525 1966 2574 212.

1256 2592 1332 2642 Μ.
1379 2589 1627 2643 Licinius
1669 2591 1907 2642 Crassus
1946 2582 2270 2655 ἀγέλαστος,

1325 2668 1546 2727 praetor.
1569 2687 1638 2698 —-·
1671 2662 1740 2711 De
1773 2663 1882 2711 eius
1913 2660 2154 2710 facultate
2185 2660 2265 2708 di-

1325 2730 1490 2789 cendi,
1511 2731 1574 2779 de
1595 2738 1716 2781 orat.
1747 2732 1789 2789 1,
1810 2730 1893 2792 36,
1919 2729 2032 2781 166.
2051 2755 2121 2766 --
2136 2729 2266 2777 Eum

1326 2798 1481 2849 semel
1505 2802 1578 2847 ait
1610 2801 1662 2847 in
1692 2802 1794 2849 vita
1820 2800 1996 2849 risisse
2017 2797 2266 2855 Lucilius,

1327 2868 1460 2917 unde
1484 2856 1782 2931 ἀγέλαστος
1799 2903 1814 2929 ,
1839 2874 1894 2916 ut
1911 2869 1983 2917 ait
2001 2867 2156 2925 idem,
2178 2880 2270 2915 vo-

1327 2943 1468 2987 catus
1493 2946 1596 2996 est,
1633 2938 1696 2988 de
1723 2936 1812 2987 fin.
1843 2935 1908 2996 5,
1939 2934 2036 2995 30,
2068 2934 2152 2985 92.
2195 2934 2261 2989 cl.

1326 3005 1534 3058 Tuscul.
1557 3004 1607 3063 3,
1632 3007 1713 3065 15,
1735 3007 1818 3055 51.

1254 3073 1332 3125 Μ.
1354 3070 1605 3125 Licinius
1623 3072 1687 3124 P.
1709 3073 1773 3124 F.
1800 3072 2056 3135 Crassus,
2079 3088 2265 3135 aequa-

1324 3142 1387 3193 lis
1422 3142 1707 3203 Hortensii,
1750 3142 2072 3193 mediocriter
2107 3157 2138 3191 a
2171 3142 2265 3192 do-

1325 3212 1486 3260 ctrina
1507 3212 1799 3273 instructus,
1821 3212 2088 3277 angustius
2109 3212 2264 3260 etiam

1324 3294 1354 3328 a
1392 3287 1598 3338 natura,
1635 3280 1807 3331 labore
1844 3287 1893 3329 et
1931 3279 2178 3329 industria
2215 3286 2268 3329 et

1323 3349 1462 3409 quod
1517 3347 1792 3399 adhibebat
1845 3348 1912 3398 ad
1961 3347 2268 3405 obtinendas

1325 3430 1504 3465 causas
1543 3432 1716 3467 curam
1751 3419 1902 3467 etiam
1938 3423 1986 3466 et
2024 3419 2264 3481 gratiam,
