2500 3850
702 172 944 220 MALEA
978 194 1049 201 ——
1084 160 1176 222 Μ’.
1210 175 1815 224 MANILms-Nnros.

196 327 421 387 Malea,
469 329 869 392 promontorium
914 329 1214 393 Laconicae,

275 398 340 446 ad
361 397 483 445 fam.
506 401 559 456 4,
582 397 667 458 12,
694 399 739 446 1.

200 463 479 516 Malleoli.
545 466 616 515 V.
655 467 707 514 in
750 465 1026 517 Publiciis
1065 467 1217 518 Mal-

274 533 459 584 leolis.

200 602 436 654 Mallius
460 601 727 667 Glaucia,
750 605 909 656 cliens
926 614 977 655 et
990 606 1214 656 familia-

270 675 345 722 ris
384 672 446 726 T.
492 673 663 722 Roscii
699 675 897 739 Magni,
948 691 1039 740 pro
1086 675 1207 726 Sex.

273 744 423 792 Rosc.
450 745 499 803 7,
522 741 603 794 19.
642 744 715 793 lb.
741 743 827 806 34,
849 744 933 796 96.

204 814 267 864 C.
290 809 540 861 Mallius.
579 811 642 860 V.
670 810 733 860 C.
754 809 1021 862 Manlius.

204 883 267 933 G.
305 878 569 942 Mallius,
608 881 949 932 Catilinarius.
1000 883 1057 932 C.
1085 881 1213 931 Mal-

268 950 399 1009 liuS,
439 950 685 1000 Catilinae
722 952 968 1001 audaciae
1007 951 1209 1000 satelles

272 1029 424 1082 atque
450 1021 775 1080 administer,
803 1022 853 1070 in
886 1020 1036 1070 Catil.
1063 1021 1089 1069 1
1108 1056 1124 1080 ,
1156 1021 1208 1079 3,

269 1093 319 1139 7.
359 1089 432 1137 lb.
460 1089 507 1150 1,
530 1089 587 1148 9,
609 1089 677 1140 23
698 1099 745 1138 et
764 1093 851 1140 24.
874 1117 940 1126 --
971 1088 1211 1138 Malliana

270 1165 472 1216 castra,
510 1158 583 1206 lb.
626 1158 719 1220 12,
760 1159 844 1210 30.
881 1185 952 1196 —-
988 1159 1208 1217 Mallius,

270 1228 516 1286 centurio,
540 1228 585 1274 in
608 1242 731 1291 agro
746 1228 1023 1278 Faesulano
1045 1236 1212 1277 castra

268 1297 441 1360 posuit
459 1331 473 1358 ,
496 1296 569 1344 lb.
590 1298 648 1352 2,
674 1296 727 1358 6,
753 1299 833 1349 14.
873 1299 945 1346 lb.
968 1299 1019 1356 2,
1042 1297 1092 1358 9,
1121 1298 1206 1349 20.

200 1365 303 1416 Cn.
332 1361 566 1414 Mallius
602 1363 901 1416 Maximus.
950 1365 1210 1415 Praelatus

269 1451 318 1486 a.
344 1450 397 1483 ιι.
419 1449 463 1484 c.
486 1431 606 1486 649.
631 1436 680 1482 in
712 1436 957 1500 petino-ne
978 1434 1211 1485 consula-

270 1517 351 1553 tus
386 1503 443 1560 Q.
478 1502 684 1563 Catulo,
715 1521 807 1569 pro
830 1503 999 1552 Plane.
1023 1504 1086 1563 5,
1124 1504 1205 1553 12.

266 1588 360 1637 pro
382 1571 511 1624 Mur.
539 1571 620 1633 17,
645 1573 730 1624 36.

198 1638 491 1691 Mamerci.
525 1642 591 1692 V.
617 1643 665 1690 in
686 1640 962 1692 Aemiliis.

200 1711 269 1775 Q.
292 1709 612 1760 Mamercus
631 1748 644 1770 ,
671 1710 738 1774 Q.
760 1709 824 1760 F.
846 1749 860 1774 ,
887 1712 1091 1760 decurio
1113 1711 1209 1760 Ar-

271 1779 448 1843 pinaS‚
473 1793 627 1841 eques
650 1780 792 1830 Rom.
808 1819 821 1841 ‚
845 1781 1079 1830 tribunus
1094 1780 1206 1831 mil.

266 1850 365 1898 fuit
386 1847 645 1898 Ciceronis
676 1850 726 1897 in
758 1849 962 1908 Cilicia,
996 1849 1061 1898 ad
1082 1849 1204 1898 fam.

269 1917 351 1978 13,
374 1917 460 1977 11,
488 1919 535 1968 1.

195 1986 538 2039 Mamertina
556 1987 755 2048 civitas,
778 1989 828 2036 id
849 1997 942 2051 est,
956 1988 1205 2051 Messana,

264 2057 476 2108 Siciliae
494 2058 631 2116 urbs,
658 2072 689 2105 a
708 2056 1038 2117 Mamertinis,
1062 2057 1207 2107 Cam-

264 2127 453 2191 paniae
498 2126 622 2175 olim
668 2127 888 2191 populo,
940 2136 1203 2193 occupata,

264 2198 409 2244 Verr.
435 2201 656 2245 accusat.
678 2200 730 2259 2,
751 2200 800 2256 5,
824 2196 906 2247 13.
945 2197 1020 2245 ΙΙ).
1044 2200 1095 2258 2,
1117 2198 1205 2255 46,

210 2294 217 2301 ·
263 2264 383 2315 114.
424 2264 497 2312 lb.
524 2264 589 2325 3,
611 2263 672 2326 6,
696 2266 776 2317 13.
817 2267 890 2314 lb.
910 2266 974 2327 4,
1005 2266 1093 2324 10,
1116 2267 1202 2315 22.

264 2335 338 2386 lb.
358 2332 411 2391 5,
438 2333 520 2387 17.
543 2333 630 2383 41.

194 2398 551 2460 Mamertini,
582 2402 843 2451 Messanae
871 2401 1093 2463 incolae,
1113 2416 1205 2466 pro

268 2472 421 2521 Balbo
442 2469 531 2533 23,
552 2471 639 2520 52.

193 2537 456 2590 Mamilia
482 2541 677 2604 rogatio
709 2555 753 2588 s.
787 2539 869 2587 lex
892 2538 993 2588 lata
1013 2554 1061 2588 a.
1084 2555 1134 2591 u.
1157 2555 1203 2587 c.

208 2640 213 2647 -
263 2609 385 2659 644.
417 2624 447 2657 a
482 2608 535 2657 C.
562 2608 784 2657 Mamilio
806 2608 1067 2658 Limetano
1090 2609 1205 2657 trib.

264 2678 340 2742 pl.
368 2678 433 2727 de
453 2676 723 2742 Iugurthae
748 2676 1045 2737 fautoribus,
1067 2676 1203 2725 Brut.

266 2744 350 2807 33,
377 2747 494 2796 127.
535 2746 595 2795 cl.
621 2747 690 2794 ib.
714 2744 797 2800 34,
821 2744 939 2795 128.

194 2810 457 2866 Mamilia
476 2814 597 2879 lex,
620 2816 683 2865 de
702 2815 949 2864 limitibus
964 2851 979 2879 ,
1018 2814 1081 2864 de
1103 2815 1203 2881 leg.

267 2885 315 2940 1,
337 2882 424 2946 21,
448 2884 533 2936 55.

194 2952 259 3003 L.
280 2950 599 3015 Mamilius,
629 2952 782 3001 horno
810 2951 1206 3016 frugalissimum,

266 3024 433 3071 scriba
454 3021 711 3071 Ciceronis
737 3022 1035 3083 quaestoriS,
1057 3022 1203 3071 Verr.

267 3100 489 3142 accusat.
514 3088 671 3153 3‚78‚
698 3090 814 3141 182.

196 3157 263 3207 C.
284 3158 578 3209 Mamilius
607 3156 828 3209 vitulus
858 3167 1061 3224 praeter
1082 3174 1129 3209 a.
1155 3176 1203 3209 ιι.

267 3244 311 3275 c.
334 3228 456 3279 547.
480 3229 685 3279 colonos
707 3229 769 3276 de
788 3229 995 3292 oppidis
1014 3227 1211 3278 Siculo-

264 3310 375 3345 rum
415 3297 626 3347 deduxit
662 3298 1025 3361 Agrigentum,
1058 3299 1205 3347 Verr.

266 3374 492 3414 accusat.
515 3369 567 3427 2,
589 3365 673 3426 50,
699 3366 815 3417 123.

195 3429 471 3483 Octavius
504 3431 825 3497 Mamilius,
864 3433 1078 3483 dictator
1112 3434 1205 3483 Tu-

2165 167 2289 228 235

1359 331 1616 381 sculanus.
1657 331 1782 382 Cum
1802 350 1860 383 eo
1880 336 2017 399 apud
2035 335 2286 400 Regillum

1357 402 1420 453 A.
1447 401 1737 450 Postumius
1768 403 1980 452 dictator
1997 404 2192 468 proelio
2215 406 2289 454 di-

1358 471 1565 519 micavit
1589 485 1635 522 a.
1670 488 1722 520 u.
1748 487 1790 519 c.
1813 472 1934 524 259.
1953 511 1968 534 ,
1998 474 2060 521 de
2092 489 2143 522 n.
2166 474 2214 522 d.
2239 477 2290 533 2,

1357 543 1418 600 2,
1467 539 1520 588 6.
1561 565 1629 575 -—
1667 539 1902 589 Octavius
1936 542 2222 602 MamiliuS,
2260 559 2290 592 a

1357 607 1632 670 Tarquinio
1659 618 1830 658 contra
1857 610 2070 660 Romam
2099 615 2290 660 excita·

1355 685 1436 726 tus
1455 712 1470 738 ,
1499 679 1566 726 ad
1587 679 1690 726 Att.
1712 677 1761 737 9,
1785 677 1866 738 10,
1885 677 1934 728 3.

1285 743 1580 808 Mammei,
1621 762 1803 796 nomen
1839 755 2158 813 corruptum,
2197 765 2288 814 pro

1353 816 1502 864 Rosc.
1528 816 1640 865 Am.
1663 815 1748 876 32,
1767 815 1851 868 90.

1282 885 1590 935 Mamurra.
1647 885 1774 935 Eius
1816 887 2025 935 divitiae
2060 884 2290 935 Caesaris

1350 954 1640 1003 liberalitati
1683 955 1880 1005 debitae
1919 955 2148 1004 Ciceroni
2190 969 2289 1004 non

1351 1024 1580 1087 placent,
1614 1023 1679 1072 ad
1708 1025 1810 1076 Att.
1846 1025 1910 1087 7,
1945 1025 2004 1083 7,
2034 1023 2084 1073 6.
2125 1023 2186 1072 cl.
2219 1024 2287 1076 ib.

1353 1092 1434 1147 13,
1457 1094 1542 1152 52,
1568 1091 1614 1140 1.

1285 1159 1348 1212 C.
1399 1157 1709 1212 Mancinus.
1781 1162 1846 1210 V.
1901 1158 1963 1211 C.
2005 1158 2287 1211 Hostilius

1351 1227 1663 1280 Mancinus.

1282 1298 1478 1349 Manes
1513 1296 1606 1347 Di.
1659 1299 1880 1348 Deorum
1914 1297 2139 1348 Manium
2179 1301 2289 1347 iura

1355 1375 1528 1417 sancta
1548 1376 1696 1415 sumo
1713 1403 1726 1425 ,
1754 1366 1817 1415 de
1841 1365 1944 1430 leg.
1965 1368 2015 1425 2,
2035 1365 2087 1424 9,
2111 1370 2197 1416 22.

1282 1433 1518 1488 Manilia
1543 1436 1628 1484 lex
1649 1451 1678 1484 a
1699 1435 1756 1487 C.
1777 1433 1986 1482 Manilio
2004 1436 2121 1482 trib.
2145 1436 2284 1499 pleb.

1355 1507 1418 1556 de
1479 1505 1609 1554 bello
1657 1503 1997 1552 Mithridatico
2050 1519 2142 1570 per
2193 1503 2282 1557 Cn.

1347 1575 1646 1637 Pompeium
1701 1572 2103 1622 administrando
2166 1571 2284 1625 lata,

1349 1645 1405 1692 ln
1449 1658 1509 1692 ea
1555 1641 1650 1690 fuit
1693 1642 1948 1691 ornandus
1997 1642 2287 1706 PompeiUS,

1350 1720 1477 1761 orat.
1503 1710 1594 1774 29,
1620 1712 1738 1762 102.
1775 1711 1838 1762 cl.
1861 1727 1933 1762 or.
1958 1711 2020 1760 de
2045 1713 2171 1776 imp.
2195 1711 2287 1760 Cn.

1349 1783 1528 1844 Pomp.

1278 1847 1519 1901 Manilia
1539 1849 1621 1898 lex
1644 1849 1706 1899 de
1726 1849 2089 1914 suffragiorum
2112 1849 2289 1900 confu-

1350 1921 1518 1973 sione,
1541 1934 1632 1984 pro
1655 1919 1781 1968 Mur.
1803 1917 1888 1978 23,
1909 1920 2000 1971 47.

1277 1985 1621 2040 Manilianae
1635 1987 1890 2037 venalium
1909 1987 2289 2038 vendendorum

1346 2060 1506 2123 leges,
1531 2059 1568 2109 i.
1584 2072 1650 2116 e.,
1672 2058 1912 2118 actioneS‚
1935 2056 2201 2118 formulae,
2226 2054 2308 2106 ‹le'

1349 2135 1476 2177 orat.
1503 2127 1549 2191 1,
1570 2128 1658 2187 58,
1681 2125 1800 2176 246.
1823 2128 1885 2177 V.
1907 2123 2004 2175 Μ’.
2017 2094 2286 2176 Manilius

1344 2195 1551 2261 Nepos.

1280 2265 1341 2318 C.
1373 2262 1647 2315 Manilius
1675 2265 1791 2314 trib.
1823 2264 1895 2330 pl.
1933 2280 1982 2317 a.
2013 2281 2066 2315 u.
2101 2282 2144 2314 c.
2166 2264 2284 2314 687.

1346 2335 1422 2384 De
1443 2336 1552 2382 eius
1572 2334 1685 2399 lege
1707 2335 1770 2384 de
1790 2336 2004 2398 imperio
2027 2333 2114 2382 Cn.
2141 2333 2289 2380 Pom-

1346 2404 1478 2467 peii,
1517 2402 1583 2452 ci'.
1620 2418 1693 2452 or.
1724 2403 1786 2452 de
1820 2404 1946 2467 imp.
1985 2400 2074 2449 Cn.
2107 2401 2285 2463 Pomp.

1351 2472 1398 2531 1,
1425 2471 1450 2521 1
1476 2486 1591 2533 sqq.
1613 2498 1682 2507 -—
1703 2472 1756 2521 C.
1781 2470 2022 2519 Manilius
2047 2468 2288 2518 defensus

1348 2556 1375 2589 a
1414 2540 1652 2590 Cicerone
1689 2555 1738 2591 a.
1781 2555 1833 2587 u.
1877 2555 1923 2591 c.
1965 2535 2114 2601 689.,
2163 2546 2285 2586 orat.

1349 2609 1534 2673 fragm.
1593 2622 1647 2673 p.
1696 2607 1816 2659 218.
1886 2607 2083 2657 Cornel.
2135 2607 2284 2671 prim.

1349 2678 1536 2741 fragm.
1569 2693 1625 2742 p.
1647 2678 1750 2730 209
1771 2692 1882 2740 sqq.
1904 2704 1975 2713 -—
1997 2678 2116 2726 Eius
2136 2692 2289 2727 causa

1346 2754 1548 2811 recepta
1578 2762 1608 2795 a
1639 2746 1908 2808 Cicerone,
1948 2746 2006 2805 Q.
2043 2745 2147 2800 Cic.
2181 2756 2286 2811 pet.

1348 2829 1455 2865 cos‚
1481 2815 1564 2874 13,
1591 2817 1674 2866 51.

1280 2883 1342 2936 C.
1381 2882 1677 2941 Manilius,
1719 2886 1930 2936 Falcidii
1972 2901 2155 2953 gener,
2194 2900 2286 2950 pro

1349 2954 1530 3004 Flacco
1551 2953 1636 3018 37,
1661 2954 1747 3005 93.

1275 3021 1373 3074 Μ’.
1394 3020 1668 3073 Manilius
1683 3022 1872 3089 Nepos
1896 3024 2071 3075 consul
2095 3038 2206 3071 cum
2225 3024 2283 3073 L.

1347 3092 1534 3141 Marcio
1557 3091 1834 3141 Censorino
1855 3108 1907 3142 a.
1927 3109 1978 3141 u.
2007 3108 2054 3141 c.
2077 3090 2195 3141 605.
2221 3116 2289 3127 —-

1344 3160 1529 3211 Habuit
1557 3161 1693 3208 enim
1721 3160 1981 3210 aediculas
2011 3161 2064 3208 in
2094 3158 2288 3207 Carinis

1345 3237 1396 3278 et
1415 3229 1627 3278 fundum
1649 3230 1701 3276 in
1720 3227 1979 3279 Labicano
1993 3266 2006 3288 ,
2033 3229 2211 3293 parad.
2233 3226 2288 3288 6,

1346 3295 1408 3357 3,
1437 3295 1526 3346 50.
1571 3296 1706 3345 Brut.
1731 3296 1815 3361 15,
1835 3296 1922 3349 61.
1962 3298 2033 3346 lb.
2059 3298 2145 3355 27,
2167 3294 2283 3347 106.

1346 3390 1412 3401 ·-—
1445 3363 1600 3413 Multo
1632 3366 1798 3414 minus
1831 3366 2108 3430 prudenter
2134 3379 2286 3427 quam

1345 3434 1403 3484 P.
1433 3432 1682 3483 Scaevola
1712 3433 1851 3497 loqui
1877 3435 2178 3499 putabatur,
2212 3435 2286 3483 lb.
