2500 3850
326 145 447 210 110

391 313 466 361 tia
497 317 546 360 et
573 309 817 360 historiae
843 309 1054 369 studiis,
1085 307 1224 358 Brut.
1247 307 1335 369 64,

390 378 514 432 228.
555 378 686 441 dele
729 411 742 425 .
766 377 793 428 1
867 379 899 428 2
961 378 1011 427 7.
1033 375 1196 426 -De
1226 378 1337 426 eius

390 463 578 514 genere
598 445 882 506 scribendi,
918 414 1060 500 i3rut.
1087 447 1180 508 74,
1212 445 1335 499 259.

391 545 457 554 -
481 518 537 565 In
558 521 800 583 praetura
818 516 1064 564 bonorum
1097 514 1188 565 Cn.
1214 513 1337 564 Gor-

388 586 512 636 nelii
539 585 920 651 possessionem
948 583 1113 633 edicto
1141 583 1200 636 P.
1225 581 1336 632 Sci-

388 654 532 720 pioni
561 655 679 714 dat,
718 651 918 702 Co'rnel.
949 653 1103 717 prim.
1143 651 1333 716 fragm.

391 723 474 776 18.
497 738 552 788 p.
577 722 698 774 211.
722 747 792 758 -
812 721 878 772 Α.
898 737 954 773 u.
983 736 1030 771 c.
1063 719 1184 773 684.
1217 735 1337 770 cnm

387 793 657 844 Hortensio
688 788 913 840 defendit
943 788 998 843 C.
1029 789 1240 839 Verrem
1271 789 1336 838 de

387 862 620 928 pecuniis
652 859 946 923 repetundis
976 873 1146 920 reum,
1181 858 1330 910 Verr.

391 936 610 980 accusat.
634 930 667 978 2
683 966 697 989 ,
719 928 815 989 45,
838 925 958 978 110.
982 933 1032 976 et
1048 929 1110 987 4,
1130 926 1198 976 20
1212 961 1227 986 ,
1246 926 1333 979 43.

389 1027 456 1035 —-
477 1000 572 1049 Vir
589 997 860 1063 primarius
881 1005 930 1045 et
959 995 1103 1045 dives
1119 1032 1134 1057 ,
1173 995 1250 1046 Ib.
1281 996 1333 1058 4,

392 1069 486 1128 15,
509 1065 596 1117 33.
617 1091 687 1101 --
715 1064 964 1128 Caecilia,
996 1065 1054 1124 Q.
1092 1064 1230 1114 filiae
1249 1077 1336 1112 so-

387 1136 582 1186 mnium
601 1142 652 1184 et
670 1133 858 1182 similia
878 1134 1130 1195 narravit,
1161 1133 1225 1182 de
1254 1132 1334 1181 di-

389 1205 493 1254 vin.
517 1203 567 1264 1,
588 1199 672 1259 44,
696 1201 782 1255 99.
1097 1198 1103 1204 ’

318 1271 384 1327 Ῑῖ.
421 1268 718 1324 Cornelius
752 1268 814 1321 L.
855 1267 920 1319 F.
963 1270 1028 1321 P.
1065 1268 1132 1322 N.
1169 1267 1333 1320 Sulla

385 1338 567 1392 Felix.
605 1341 746 1391 Unus
765 1338 933 1389 adhue
958 1338 1056 1390 fuit
1081 1346 1199 1404 post
1229 1338 1333 1387 Ro-

387 1426 526 1462 mam
564 1411 850 1472 conditam,
887 1408 970 1457 cui
1006 1422 1088 1456 res
1126 1405 1334 1472 publica

387 1487 546 1532 totam
578 1495 635 1530 se
666 1477 888 1528 traderet
903 1513 918 1538 ‚
941 1475 1256 1541 temporibus
1284 1482 1335 1525 et

388 1550 538 1600 malis
561 1553 731 1597 coacta
752 1545 1064 1604 domesticis,
1082 1545 1141 1592 L.
1166 1541 1329 1592 Sulla.

389 1618 482 1668 Hic
509 1624 706 1665 tantum
735 1615 934 1680 potuit,
976 1623 1032 1662 ut
1061 1627 1210 1663 nemo
1241 1612 1333 1662 illo

391 1685 552 1734 invito
586 1699 680 1734 nec
709 1682 846 1732 bona
875 1697 970 1730 nec
997 1683 1215 1748 patriam
1238 1696 1336 1732 neo

388 1754 547 1802 vitam
576 1753 793 1802 retinere
815 1758 992 1814 posset
1025 1757 1152 1811 etc.,
1183 1751 1332 1801 Verr.

391 1828 615 1872 accusat.
638 1818 690 1881 3,
713 1819 799 1879 35,
819 1817 904 1868 81.
925 1816 1150 1868 -Sulla
1165 1820 1336 1882 potnit

393 1889 625 1949 efficere,
660 1890 724 1941 ab
755 1888 1008 1951 interrege
1037 1894 1092 1937 ut
1115 1888 1337 1939 dictator

391 1960 672 2023 diceretur,
697 1974 747 2011 a.
779 1972 830 2007 u.
865 1972 911 2007 c.
945 1955 1098 2017 672„
1130 1958 1197 2007 ad
1224 1958 1331 2008 Att.

389 2030 442 2089 9,
467 2029 550 2090 15,
582 2031 632 2079 2.
657 2054 724 2063 -
743 2024 884 2075 Sulla
903 2025 1117 2075 dictator
1138 2040 1333 2088 omnes,

391 2110 520 2159 quos
575 2097 782 2156 oderat,
823 2102 989 2144 morte
1040 2095 1333 2157 mulctabat,

386 2180 482 2230 pro
503 2163 675 2231 Ligar.
695 2166 747 2227 4,
772 2163 856 2213 12.
875 2190 942 2201 —-·
959 2164 1014 2215 C.
1039 2162 1187 2214 Marii
1207 2162 1333 2214 sitas

387 2232 630 2296 reliquias
659 2232 795 2297 apud
816 2233 1064 2283 Anienem
1088 2232 1335 2297 dissipari

386 2302 536 2353 iussit
555 2301 699 2353 Sulla
717 2303 876 2351 victor
901 2307 950 2351 et
975 2303 1172 2367 primus
1193 2317 1221 2352 e
1239 2317 1333 2367 pa-

385 2371 548 2422 triciis
587 2370 836 2422 Corneliis
880 2372 990 2437 igni
1024 2371 1185 2422 voluit
1223 2386 1333 2421 cre-

387 2441 546 2501 mari,
568 2441 632 2491 de
663 2441 762 2507 leg.
785 2442 846 2504 2,
881 2440 978 2500 22,
1007 2441 1094 2494 57.
1119 2465 1185 2475 -
1206 2440 1329 2490 Eius

389 2510 524 2560 dicta
543 2519 592 2560 et
611 2510 745 2560 facta
765 2509 1036 2569 insolentia
1050 2545 1065 2570 ,
1089 2510 1151 2559 de
1167 2508 1250 2558 off.
1276 2508 1328 2569 2,

390 2579 422 2627 7
438 2616 452 2638 ,
489 2579 576 2630 26.
617 2578 760 2629 Sulla
785 2579 937 2626 trium
968 2577 1331 2643 pestiferorum

387 2648 656 2709 vitiorum,
729 2645 990 2708 luxuriae,
1067 2648 1329 2705 avaritiae,

389 2715 705 2766 crudelitatis
743 2716 1018 2781 magister,
1061 2716 1125 2765 de
1153 2714 1242 2764 fin.
1274 2713 1326 2777 3,

388 2784 456 2833 22
473 2818 488 2843 ,
521 2784 608 2834 75.
629 2810 696 2819 ——-
717 2781 864 2833 Sulla
891 2784 1108 2835 tribunis
1137 2783 1211 2848 pl.
1233 2797 1329 2833 sua

386 2852 502 2916 lege
541 2852 758 2902 iniuriae
795 2851 1060 2902 faciendae
1104 2859 1328 2918 potesta-

385 2926 490 2970 tem
521 2921 740 2983 ademit,
773 2920 952 2971 auxilii
981 2922 1179 2972 ferendi
1208 2922 1329 2971 reli-

385 2990 522 3054 quit,
558 2990 623 3040 de
648 2989 749 3057 leg.
784 2990 843 3052 3,
871 2990 935 3052 9,
969 2990 1055 3043 22.
1086 3016 1157 3028 ·-
1186 2989 1329 3041 Sulla

391 3057 480 3108 Cn.
538 3060 770 3125 Pompeii
826 3060 1010 3124 opibus
1075 3063 1327 3125 regnavit,

383 3126 608 3193 Philipp.
630 3129 682 3193 5,
704 3128 788 3189 16,
804 3128 1044 3183 44.—-L.
1066 3127 1211 3180 Sulla
1229 3128 1323 3184 Cn.

383 3195 615 3263 Pompeii
654 3199 840 3249 virtute
875 3206 925 3249 et
961 3199 1192 3249 subsidio
1226 3200 1327 3249 Ita-

384 3264 508 3316 liam
533 3267 805 3320 confessus
835 3275 914 3318 est
936 3268 1228 3328 liberatam,
1262 3269 1327 3319 de

384 3334 514 3399 imp.
556 3335 648 3390 Gn.
691 3339 870 3403 Pomp.
912 3336 1006 3401 11,
1045 3336 1132 3389 30.
1165 3362 1235 3373 -
1261 3336 1321 3388 L.

387 3402 530 3455 Sulla
546 3403 604 3458 P.
628 3405 918 3472 Sulpicium
943 3405 1224 3471 oppressit,
1260 3421 1326 3456 ex

659 155 724 202 L.
753 150 1140 202 CORNELIUS
1177 154 1241 201 L.
1273 153 1337 201 F.
1370 155 1433 201 P.
1466 154 1535 200 N.
1572 151 1792 200 SULLA
1824 150 2058 198 FELIX.

1478 307 1604 356 urbe
1642 306 1789 356 eiecit
1820 305 1875 355 G.
1910 304 2128 354 Marium
2142 338 2159 364 ,
2206 304 2420 354 multos-

1479 392 1579 438 que
1607 375 1763 424 fortes
1790 374 1928 423 viros
1960 375 2147 437 partim
2176 373 2335 422 eiecit
2368 389 2419 422 ex

1476 445 1700 507 civitate,
1716 442 1902 507 partim
1918 443 2186 506 interemit,
2201 443 2260 490 in
2276 439 2416 491 Catil.

1476 511 1539 573 3,
1561 511 1658 572 10,
1689 513 1775 561 24.
1794 509 2027 568 —Sulla
2046 525 2160 560 cum
2186 508 2417 574 Sulpicio

1478 582 1541 631 de
1572 582 1683 630 inre
1715 579 1917 646 legum,
1949 585 2078 642 qua's
2107 594 2203 645 per
2221 581 2337 628 vim
2355 579 2417 628 la-

1473 658 1554 700 tas
1576 650 1774 700 dicebat
1788 685 1805 711 ,
1838 647 2031 700 bellum
2060 647 2213 698 civile
2244 650 2417 713 gessit,

1473 733 1677 768 rursum
1696 732 1811 766 cnm
1828 717 1989 768 Mario
2009 724 2061 767 et
2076 715 2309 767 Carbone
2324 753 2341 776 ,
2363 733 2415 766 ne

1475 788 1858 840 dominarentur
1873 785 2073 852 indigni
2090 792 2141 834 et
2157 793 2215 835 ut
2242 786 2416 836 claris-

1474 858 1719 907 simorum
1730 855 1995 905 hominum
2008 848 2416 905 crudelissimam

1473 926 1740 990 puniretur
1756 939 1947 983 necem,
1964 923 2195 989 Philipp.
2218 923 2273 985 8,
2293 925 2343 982 2,
2367 927 2413 974 7.

1474 995 1545 1054 Μ.
1568 993 1966 1059 Vergiliustrib.
1987 990 2061 1056 pl.
2085 1007 2136 1046 a.
2157 1008 2209 1042 n.
2227 995 2277 1041 c.
2296 992 2412 1042 667.

1473 1063 1533 1114 L.
1561 1060 1736 1112 Sullae
1768 1061 2059 1126 imperatori
2094 1062 2233 1111 diem
2268 1062 2413 1121 dixit,

1472 1133 1618 1186 Brut.
1641 1131 1730 1192 48,
1754 1130 1872 1183 179.
1893 1157 1960 1168 -
1979 1131 2116 1180 Inter
2140 1129 2412 1195 profectio-

1474 1215 1592 1252 nem
1621 1201 1942 1263 reditumque
1970 1199 2028 1250 L.
2064 1197 2235 1248 Sullae
2256 1198 2333 1266 (a.
2361 1215 2394 1247 u

1474 1287 1522 1320 c.
1537 1267 1855 1334 667—671.)
1874 1269 1985 1317 sine
2000 1269 2109 1319 iure
2126 1267 2223 1318 fuit
2245 1276 2296 1317 et
2308 1268 2410 1317 sine

1472 1339 1581 1389 ulla
1600 1339 1847 1404 dignitate
1864 1351 1947 1386 res
1964 1337 2109 1402 publ.
2123 1372 2140 1398 ,
2160 1337 2308 1388 Brut.
2327 1335 2407 1395 63,

1474 1408 1595 1459 227.
1616 1433 1683 1442 -—
1696 1405 2033 1456 Mithridatem
2055 1421 2169 1456 cum
2181 1404 2321 1455 bello
2340 1407 2409 1452 in-

1471 1482 1675 1526 vectum
1693 1482 1850 1525 totam
1870 1476 1923 1525 in
1941 1475 2119 1524 Asiam
2140 1489 2258 1523 cum
2290 1488 2406 1538 pace

1473 1545 1694 1605 dimisit,
1726 1559 1819 1610 pro
1849 1545 1977 1592 Mur.
2012 1542 2107 1604 15,
2138 1542 2225 1594 32.
2251 1543 2405 1590 —De

1475 1615 1585 1663 eius
1615 1612 1748 1664 bello
1779 1627 1893 1662 cum
1923 1611 2213 1662 Mithridate
2250 1619 2407 1678 gesto,

1474 1684 1537 1732 de
1556 1683 1683 1746 imp.
1711 1681 1800 1733 Cn.
1820 1681 1998 1746 Pomp.
2021 1678 2083 1745 3,
2103 1680 2155 1730 8.
2178 1707 2253 1719 --
2270 1678 2406 1729 Sulla

1473 1765 1649 1802 omnes
1689 1751 1844 1800 Asiae
1891 1751 2121 1799 civitates
2157 1765 2253 1816 pro
2297 1763 2401 1814 por-

1470 1821 1610 1869 tione
1639 1819 1691 1868 in
1709 1819 1971 1884 provincia
1991 1819 2289 1883 descripsit,
2320 1833 2406 1882 pro

1472 1889 1655 1940 Flacco
1685 1888 1778 1949 14,
1814 1887 1899 1940 32.
1932 1917 2002 1927 —
2024 1885 2171 1939 Sulla
2206 1886 2401 1939 Graecis

1474 1958 1684 2008 Asianis
1730 1956 1950 2023 vectigal
1998 1957 2278 2019 aequaliter
2324 1956 2400 2006 de-

1474 2028 1715 2092 scripsit,
1741 2026 1807 2076 ad
1827 2024 1885 2085 Q.
1909 2025 1974 2079 fr.
1999 2025 2047 2089 1,
2071 2026 2121 2086 1,
2142 2025 2223 2078 11.
2250 2028 2302 2089 S.
2325 2023 2397 2075 33.

1474 2124 1540 2133 —-
1553 2095 2066 2145 Turbnlentissimum
2084 2096 2162 2144 rei
2179 2095 2400 2159 publicae

1472 2172 1707 2231 tempus,
1739 2178 1894 2229 quum
1914 2164 2138 2215 adventu
2154 2163 2217 2213 L.
2239 2162 2401 2213 Sullae

1471 2235 1526 2283 in
1560 2234 1760 2284 Italiam
1794 2230 2008 2285 maximi
2043 2234 2301 2285 exercitus
2336 2232 2398 2282 ci-

1472 2303 1611 2353 vium
1630 2303 1937 2354 dissiderent
1956 2304 2021 2354 de
2039 2304 2243 2355 iudiciis
2263 2320 2322 2354 ac
2340 2304 2400 2351 lo-

1430 2365 1434 2376 “
1471 2373 1653 2439 gibus,
1691 2386 1797 2436 pro·
1818 2372 1961 2423 Font.
1992 2371 2056 2435 3,
2088 2372 2143 2425 0.
2176 2398 2245 2411 -
2270 2371 2399 2422 Sulla

1471 2456 1587 2491 cum
1608 2440 1849 2506 Scipione
1874 2441 2007 2491 inter
2023 2440 2171 2491 Cales
2202 2447 2253 2491 et
2284 2444 2399 2491 Tea·

1468 2524 1621 2575 num,
1662 2524 1819 2572 quum
1857 2508 1985 2561 alter
2017 2510 2299 2560 nobilitatis
2320 2510 2399 2559 flo-

1466 2593 1603 2642 rem,
1634 2578 1764 2629 alter
1791 2577 1911 2629 belli
1944 2578 2114 2629 socios
2144 2578 2398 2631 adhibuis-

1470 2654 1547 2698 set
1560 2682 1575 2705 ,
1618 2648 1683 2697 de
1727 2647 2024 2713 auctoritate
2068 2654 2275 2698 senatus
2289 2684 2305 2709 ,
2343 2647 2396 2695 de

1468 2716 1730 2782 suffragiis
1749 2716 1954 2783 populi,
1976 2716 2041 2766 de
2058 2717 2171 2767 iure
2192 2716 2397 2766 civitatis

1466 2786 1610 2851 leges
1626 2787 1756 2835 inter
1772 2801 1828 2835 se
1848 2784 2273 2848 condicionesque
2291 2798 2397 2835 con-

1465 2854 1712 2916 tulerunt,
1734 2853 1960 2918 Philipp.
1988 2854 2070 2916 12,
2097 2855 2184 2915 11,
2206 2855 2291 2904 27.
2331 2853 2394 2901 lb.

1470 2923 1535 2975 13
1551 2960 1565 2983 ,
1590 2924 1617 2975 1
1636 2959 1650 2982 ,
1670 2924 1722 2976 2.
1744 2950 1813 2960 -
1832 2922 2005 2973 Sullae
2027 2923 2083 2973 C.
2106 2924 2298 2973 Verres
2318 2920 2392 2970 Gn.

1469 2992 1750 3043 Carbonem
1790 2991 2015 3057 prodidit
2032 3024 2046 3052 ,
2079 2993 2233 3043 Verr.
2262 3004 2395 3041 accu-

1466 3068 1561 3112 sat.
1587 3062 1636 3121 1,
1662 3060 1727 3112 15
1742 3096 1757 3121 ,
1784 3060 1872 3115 38.
1894 3087 1961 3097 —-
1981 3060 2167 3110 Rostra
2187 3067 2306 3126 post
2321 3058 2395 3107 ad-

1466 3136 1672 3180 ventum
1702 3130 1764 3183 L.
1788 3130 1958 3180 Sullae
1986 3130 2255 3180 tribunicia
2287 3141 2393 3178 voce

1467 3200 1669 3250 deserta
1685 3235 1699 3262 ,
1728 3214 1821 3265 pro
1850 3198 2048 3251 cluent.
2068 3198 2139 3251 40
2158 3236 2173 3262 ,
2198 3198 2318 3249 110.
2339 3220 2392 3231 -—

1466 3267 1729 3319 Sullanum
1752 3282 1963 3334 regnum
1979 3302 1999 3329 2
2024 3267 2094 3318 ad
2122 3269 2228 3321 Att.
2250 3267 2301 3327 8,
2323 3262 2395 3323 11,

1464 3338 1517 3391 2.
1546 3363 1608 3373 -
1630 3338 1755 3389 Eius
1784 3337 1959 3403 gravis
1992 3338 2207 3387 victoria
2235 3332 2392 3384 turbu-

1466 3405 1733 3470 lentaque,
1770 3420 1864 3472 pro
1900 3403 2041 3456 Sulla
2078 3406 2177 3466 26,
2221 3404 2306 3453 72.
2336 3424 2397 3439 -·
