2500 3850
677 229 742 288 Q.
772 227 1053 278 ominus
1082 231 1149 290 Q.
1173 231 1236 280 Ε.
1265 231 1330 291 q.
1355 232 1424 279 N.
1449 252 1519 265 ·—-
1541 230 1689 280 OPS.

198 391 373 442 Pison.
421 389 518 448 39,
558 387 643 438 95.
681 415 748 424 --
784 387 934 438 Cuius
970 403 1146 439 monu-

199 467 428 510 mentum
480 457 865 508 celeberrimum
930 459 982 507 iu
1033 458 1147 508 foro

204 529 391 590 (aedes
429 525 808 592 Concordiae),
860 527 1146 592 sepulcrum

203 596 609 648 desertissimum
641 597 693 644 in
725 595 892 646 littore
924 597 1143 660 Dyrrha-

201 668 351 718 chino
374 674 500 729 etc.‚
534 681 627 730 pro
647 663 777 714 Sest.
803 665 889 726 67,
919 665 1039 716 140.
1074 665 1141 714 cf.

200 738 263 786 de
285 738 390 786 inv.
412 737 475 794 2,
505 735 573 788 34
590 772 605 796 ‚
642 733 756 785 105.
782 762 847 770 —
866 735 1053 784 Vinum
1084 749 1143 784 eo

202 805 414 856 consule
433 811 635 866 natum,
658 802 797 853 Brut.
823 801 908 865 83,
931 803 1051 856 287.

133 877 200 942 Q.
227 870 489 940 Opimius
523 872 592 937 Q.
613 870 677 923 F.
704 871 770 936 Q.
792 871 858 922 N.
883 888 988 926 cos.
1016 888 1062 921 a.
1092 889 1141 922 u.

202 961 241 994 c.
266 943 389 994 600.
422 958 536 990 cum
558 942 615 991 L.
639 943 897 990 Postumio
935 940 1139 992 Albino.

200 1013 357 1078 Egilii
377 1011 595 1060 facetum
621 1011 671 1060 in
690 1026 805 1060 euni
836 1012 1053 1074 dictum,
1080 1012 1143 1066 de

201 1089 326 1132 orat.
351 1081 403 1138 2,
426 1079 511 1143 68,
533 1081 654 1130 277.

133 1152 201 1217 Q.
227 1146 488 1216 Opimius
510 1147 573 1198 L.
594 1146 659 1196 F.
681 1147 749 1213 Q.
769 1146 835 1198 N.
870 1147 948 1197 Ab
970 1163 1029 1196 eo
1050 1165 1143 1213 pe-

202 1223 294 1269 tita
330 1218 513 1267 mulcta
550 1225 629 1278 est.
663 1219 800 1281 apud
838 1215 893 1266 C.
931 1219 1143 1267 Verrem

198 1297 484 1353 praetorem
508 1289 758 1336 urbanum
788 1301 833 1338 a.
855 1302 905 1335 u.
929 1302 973 1339 c.
996 1285 1140 1350 680„

199 1359 346 1406 Verr.
377 1362 595 1410 accusat.
630 1356 675 1420 1,
702 1353 787 1415 60,
814 1355 931 1406 155.

60 1497 67 1502 ·
134 1423 424 1492 Opimius,
461 1425 617 1474 iudex
649 1439 693 1473 a.
724 1418 851 1473 u.'c.
876 1423 997 1477 700.
1020 1461 1034 1484 ,
1076 1425 1141 1474 ad

203 1499 305 1544 Ait.
328 1495 378 1555 4,
405 1493 484 1557 16,
509 1494 559 1544 6.

132 1561 348 1630 Oppia,
368 1577 498 1610 uxor
515 1562 572 1611 L.
596 1563 800 1622 Mindii,
822 1561 889 1611 ad
908 1561 1029 1612 fam.
1058 1561 1139 1623 13,

132 1697 477 1767 Oppianicus
502 1707 657 1764 pater.
680 1700 745 1749 V.
769 1697 914 1751 Stat.
938 1696 1139 1750 Albius

203 1765 563 1836 Oppianicus.

132 1839 194 1889 C.
221 1834 561 1904 Oppianicus
578 1873 591 1900 ,
618 1834 766 1887 Statii
788 1838 929 1888 Albii
950 1837 1140 1903 Oppia-

199 1909 300 1958 nici
331 1906 486 1957 frater
506 1945 521 1969 ,
556 1907 735 1957 abhoc
768 1923 961 1958 veneno
988 1909 1139 1958 inter-

198 1979 391 2037 fectuS,
420 1992 511 2043 pro
535 1975 727 2025 cluent.
755 1978 837 2037 11,
860 1977 943 2029 31.

132 2042 476 2114 Oppianicus
496 2045 645 2105 filim,
665 2061 755 2110 pro
778 2046 973 2097 Cluent.
988 2049 1039 2107 4,
1054 2043 1136 2098 10.

133 2114 431 2183 Oppii..Tu
462 2114 655 2180 Oppios
676 2116 944 2167 Terentiae
971 2116 1137 2176 dabis,

196 2188 263 2237 ad
296 2186 402 2235 Att.
440 2184 534 2242 10,
568 2186 630 2244 4,
669 2183 751 2233 12.
778 2184 1020 2250 —Oppii
1038 2188 1141 2236 Ve-

195 2258 413 2318 lienses‚
447 2254 521 2302 Ib.
552 2252 651 2321 10,
678 2252 739 2313 6,
772 2253 821 2304 3.
856 2280 921 2289 -—
956 2254 1024 2303 De
1057 2269 1140 2303 ae-

194 2327 423 2391 nigmate
454 2320 733 2385 Oppiorum
764 2336 829 2369 ex
855 2322 1026 2385 Velia,
1062 2323 1135 2375 Ib.

198 2394 258 2455 7,
282 2393 366 2445 13.
390 2393 439 2441 b.
469 2391 519 2441 5.
547 2416 609 2426 -
634 2388 815 2455 Oppii,
838 2392 993 2441 Attici
1023 2406 1140 2439 con-

194 2460 517 2519 tubex-itales,
540 2460 615 2510 lb.
636 2457 686 2519 8,
710 2462 759 2519 7,
783 2458 832 2510 3.

132 2530 188 2581 C.
217 2528 458 2598 Oppius,
480 2527 711 2579 Caesaris
733 2528 1141 2579 familiai-iscon-

196 2603 428 2665 iungitur
448 2598 555 2649 fere
575 2614 687 2647 curn
710 2596 866 2647 Balbo
886 2605 934 2646 et
958 2598 1136 2653 Hirtio,

194 2698 263 2706 --
286 2668 515 2733 OppiuS,
550 2666 779 2719 Caesaris
813 2670 1037 2728 amicus,
1075 2669 1139 2717 ad

194 2744 301 2789 Aa.
326 2742 387 2797 4,
416 2737 507 2797 16,
528 2737 612 2789 14.
654 2739 726 2788 lb.
748 2736 797 2797 5,
826 2737 873 2796 1,
894 2739 944 2790 2.
988 2737 1063 2791 rb.
1085 2736 1149 2799 5,

196 2806 334 2867 4,3.
370 2806 436 2855 ad
460 2806 518 2865 Q.
542 2804 686 2870 fr.3,
720 2807 779 2864 1,
810 2805 859 2856 3.
891 2807 940 2867 §.
974 2806 1026 2859 8.
1064 2808 1134 2855 lb.

196 2876 246 2937 3,
261 2877 311 2933 5,
332 2874 663 2940 17.—0ppii
687 2882 734 2925 et
752 2874 899 2925 Balbi
923 2874 1137 2940 epistola

197 2946 265 2993 ad
284 2942 572 2994 Ciceronem
594 2960 639 2997 a.
658 2960 706 2993 u.
726 2960 767 2993 c.
788 2932 927 3005 705„
949 2946 1013 2994 ad
1034 2946 1134 2994 Att.

195 3016 229 3064 9
245 3051 257 3072 ‚
294 3013 341 3062 7.
377 3016 440 3063 Α.
464 3041 530 3049 -—
551 3012 779 3063 Caesaris
800 3014 865 3065 ad
886 3030 1001 3063 eum
1031 3015 1138 3078 epi-

199 3082 330 3132 stola
347 3116 361 3143 ,
383 3083 457 3135 lb.
480 3082 536 3132 C.
572 3080 761 3141 Altera,
788 3085 859 3133 Ib.
881 3082 943 3145 9,
970 3083 1051 3134 13.
1074 3083 1135 3131 A.

198 3179 263 3186 --
283 3150 343 3199 Ei
366 3152 527 3199 honos
552 3152 903 3213 quaerebatur,
926 3154 991 3201 ad
1012 3151 1133 3204 fam.

197 3220 248 3281 2,
276 3218 359 3277 16,
383 3221 429 3272 7.
472 3220 531 3267 cl.
558 3220 623 3268 ad
642 3220 747 3272 Att.
778 3221 857 3276 11,
880 3220 962 3280 17,
983 3222 1035 3274 2.
1062 3222 1133 3270 lb.

194 3286 293 3351 11,
317 3288 407 3353 18,
428 3292 478 3339 2.
519 3289 588 3337 lb.
619 3290 712 3348 12,
740 3289 821 3343 19,
840 3292 890 3342 2.
912 3318 977 3326 -—
1000 3290 1137 3349 Quae

194 3356 388 3406 Balbus
407 3364 456 3405 et
475 3354 669 3422 Oppius
689 3359 895 3407 absente
922 3358 1137 3409 Caesare

195 3432 435 3489 egerunt,
458 3442 515 3481 ea
534 3427 762 3476 solebant
785 3427 861 3476 illi
880 3436 989 3477 rata
1010 3443 1137 3491 esse,

195 3494 264 3544 ad
283 3493 486 3555 fam.6,
508 3496 566 3557 8,
598 3496 643 3545 1.
684 3498 755 3545 ΙΙ).
782 3496 835 3558 6,
859 3496 952 3560 12,
973 3498 1022 3549 2.
1064 3498 1137 3545 Ib.

2041 313 2046 317 ,
2099 222 2217 284 271

1285 387 1336 454 6,
1371 387 1464 450 19,
1495 393 1547 443 2.
1582 417 1646 426 -
1671 389 1865 456 Oppius
1897 405 2068 440 amans
2096 393 2224 440 Var-

1284 460 1420 508 ronis
1439 495 1454 519 ‚
1480 460 1552 509 Ib.
1583 458 1642 519 9,
1675 460 1734 524 6,
1765 459 1811 513 1.
1833 461 1903 496 --’
1925 459 2119 526 Oppius
2149 462 2225 510 ni·

1285 527 1390 577 hilo
1425 528 1592 577 minus
1629 544 1782 590 quam
1817 528 2000 578 Matius
2041 527 2223 580 Caesa-

1284 612 1391 644 rem
1433 598 1749 648 interfectum
1799 599 2082 660 desiderat,
2133 599 2226 648 sed
2265 605 2270 610 ’

1283 665 1508 728 loquitur
1548 666 1704 733 nihil,
1747 669 1884 731 quod
1921 682 2225 731 quemquam

1214 797 1220 802 Δ
1281 735 1472 784 bonum
1494 735 1742 796 offendat,
1766 737 1830 786 ad
1850 736 1955 786 Att.
1980 737 2075 797 14,
2101 735 2147 798 1,
2173 737 2222 788 1.

1285 831 1350 840 —-
1370 802 1566 870 Oppius
1587 805 1930 857 amicissimus
1942 805 2128 865 Attiou,
2147 805 2222 855 Ib.

1288 873 1380 934 16,
1421 875 1480 934 2,
1521 874 1571 926 5.
1607 902 1681 914 —-
1713 873 1969 925 Ciceronis
2010 874 2076 923 ad
2109 889 2225 924 eum

1286 943 1528 1007 epistola,
1560 945 1628 993 ad
1646 944 1770 996 fam.
1795 945 1858 995 11
1875 980 1891 1008 ,
1927 942 2012 995 29.
2033 969 2098 978 -
2121 941 2224 1008 Op-

1282 1013 1360 1076 pii
1413 1013 1687 1077 epistolae‚
1745 1015 1865 1076 quia
1907 1011 2224 1078 perhumana

1285 1089 1420 1142 erat,
1461 1083 1630 1131 Attico
1676 1080 1846 1132 Cicero
1884 1083 2024 1132 misit
2052 1097 2222 1132 exem-

1284 1150 1451 1216 plum,
1487 1153 1553 1201 ad
1578 1151 1683 1201 Att.
1715 1151 1804 1212 16,
1830 1152 1922 1215 12,
1956 1153 2005 1205 l.
2025 1179 2098 1191 —-
2121 1151 2229 1217 Op·-

1281 1221 1399 1284 pius
1423 1221 1715 1271 Ciceronem
1751 1221 1980 1272 hortatus
2017 1230 2121 1285 est,
2165 1229 2222 1269 ut.

1285 1287 1616 1338 Octavianum
1687 1297 1946 1354 totamque
2015 1304 2225 1344 causam

1280 1373 1589 1420 manumque
1634 1365 1986 1408 veteranorum
2027 1358 2220 1422 ample-

1283 1433 1526 1484 cteretur,
1547 1428 1618 1477 lb.
1646 1426 1729 1489 16,
1753 1427 1834 1481 15,
1855 1425 1903 1476 3.

1215 1494 1314 1545 Cn.
1368 1492 1582 1560 Oppius
1641 1491 1972 1556 Cornicinus
2029 1497 2258 1548 abiecta‘

1281 1573 1404 1629 toga
1429 1578 1486 1612 se
1516 1564 1578 1612 ad
1607 1565 1783 1628 generi
1803 1563 1922 1613 Sex.
1945 1563 2090 1612 Atilii
2109 1563 2222 1612 Ser-

1281 1634 1392 1681 rani
1423 1633 1538 1683 trib.
1572 1633 1645 1697 pl.
1679 1647 1726 1684 a.
1762 1649 1812 1685 u.
1847 1649 1890 1685 c.
1915 1631 2035 1686 697.
2063 1634 2222 1700 pedes

1283 1702 1496 1761 abiecit,
1529 1717 1644 1751 eum
1678 1701 2002 1767 depr-enaim,
2043 1717 2104 1751 ne
2142 1704 2220 1752 in-

1280 1771 1559 1821 tercederet
1591 1768 1718 1820 SCto
1749 1773 1811 1821 de
1844 1772 2055 1822 aedibus
2083 1771 2228 1821 Cice·

1282 1841 1396 1889 roni
1415 1840 1772 1900 restituendiS,
1796 1839 1864 1890 ad
1879 1840 1982 1890 Att.
2015 1841 2066 1902 4,
2091 1843 2140 1903 2,
2165 1843 2220 1892 4.

1210 1909 1273 1963 L.
1299 1905 1511 1975 Oppius
1529 1907 1608 1959 Μ.
1628 1905 1692 1957 F.
1715 1923 1868 1973 eques
1887 1911 2055 1973 Rom.,
2078 1911 2229 1959 testis
2261 1948 2264 1955 .

1280 1980 1333 2029 iu
1375 1993 1530 2027 causa
1558 1977 1756 2037 Flacci,
1786 1994 1878 2043 pro
1914 1978 2091 2027 Flacco
2132 1978 2215 2040 13,

1281 2049 1364 2101 31.
1387 2075 1452 2083 -
1476 2046 1534 2096 L.
1556 2044 1750 2112 Oppius
1768 2082 1782 2107 ,
1816 2048 1906 2110 qui
1933 2046 2224 2097 Philomelii

1277 2117 1651 2182 negotiabatur,
1669 2116 2050 2166 commendatur
2065 2117 2224 2177 Quin-
2261 2152 2266 2177 2

1281 2187 1379 2236 ctio
1401 2184 1593 2247 Gallio,
1622 2185 1690 2235 ad
1712 2185 1832 2235 fam.
1859 2185 1952 2250 13,
1979 2187 2075 2247 43,
2104 2186 2150 2237 1.
2173 2185 2258 2235 ets

1265 2251 1363 2305 '44.
1386 2283 1451 2291 --
1473 2252 1864 2305 commendatur
1897 2255 1953 2313 Q.
1979 2255 2222 2320 Philippo

1279 2338 1474 2389 procos,
1500 2325 1680 2389 Asiae,
1710 2326 1781 2373 lb.
1808 2323 1901 2385 13,
1936 2324 2032 2382 73,
2055 2324 2101 2375 1.
2143 2326 2216 2373 lb.

1208 2459 1286 2511 Μ.
1313 2460 1524 2527 Oppius
1542 2499 1556 2525 ,
1579 2464 1645 2511 ad
1664 2462 1786 2512 fam.
1807 2462 1857 2526 8,
1877 2461 1928 2515 8,
1948 2460 1980 2509 5
2011 2469 2058 2509 et
2077 2460 2126 2510 6.

1204 2528 1273 2579 P.
1299 2526 1531 2597 Oppius.
1566 2532 1635 2580 M.
1659 2528 1897 2598 Aurelius
1919 2529 2079 2593 Cotta,
2102 2543 2231 2593 pro--

1281 2600 1456 2649 consul
1527 2596 1820 2665 Bithyniae,
1898 2606 2217 2661 quaestorem

1280 2683 1428 2719 suum
1447 2670 1502 2717 P.
1526 2669 1745 2735 Oppium
1779 2669 2040 2718 dimiserat
2064 2674 2112 2717 et
2129 2682 2217 2733 pe-

1277 2737 1472 2787 culatus
1495 2747 1542 2787 et
1561 2740 1862 2788 insidiarum
1886 2739 1984 2788 sibi
2007 2746 2220 2787 structa-

1279 2822 1390 2856 rum
1413 2804 1725 2873 suspectum,
1748 2821 1854 2871 quo
1868 2807 2075 2858 crimine
2096 2823 2215 2856 mox

1279 2892 1342 2925 ex
1377 2876 1548 2926 Cottae
1575 2877 1793 2943 epistola
1828 2886 1904 2927 est
1937 2885 2218 2937 accusatae„

1279 2961 1309 2994 a
1329 2944 1566 2995 Cicerone
1588 2942 1756 2997 autern
1777 2944 2014 2997 defensus
2036 2962 2080 2997 a.
2095 2960 2145 2994 u.
2171 2962 2214 2993 c.
2254 2968 2260 2974 ·
2326 3008 2330 3015 ι

1279 3014 1393 3065 687.
1435 3016 1556 3065 Eius
1584 3016 1826 3065 orationis
1846 3015 2128 3079 fragmenta
2147 3013 2219 3061 le-

1279 3094 1495 3149 guntur,
1520 3084 1706 3149 fragm,
1727 3100 1778 3149 p.
1807 3084 1905 3133 221
1931 3098 2008 3143 sq.

1208 3152 1278 3215 P.
1323 3150 1567 3219 Oppius,
1605 3160 1808 3215 praetor
1843 3166 1888 3200 a.
1921 3167 1972 3199 u.
2007 3166 2048 3199 c.
2077 3148 2226 3211 710,

1278 3220 1501 3285 Philipp.
1526 3221 1578 3281 3,
1602 3222 1684 3279 10,
1707 3220 1791 3271 25.

1211 3289 1328 3355 Ops
1349 3291 1528 3339 eadem
1549 3303 1677 3351 quae
1695 3288 1872 3349 Terra,
1892 3286 2020 3338 Tim.
2048 3287 2128 3339 11.
2153 3312 2218 3360 -3-

1280 3359 1384 3423 Ops
1406 3358 1528 3417 dea,
1552 3357 1615 3407 de
1634 3356 1734 3421 leg.
1759 3360 1818 3417 2,
1847 3354 1905 3407 11
1923 3394 1937 3421 ,
1958 3357 2043 3408 28.
2083 3358 2146 3405 de
2167 3370 2216 3407 n.

1281 3427 1332 3476 d.
1371 3428 1430 3488 2,
1469 3424 1566 3489 23,
1604 3425 1692 3476 61.
1721 3455 1789 3465 —-
1819 3424 1966 3489 Spei,
2005 3424 2228 3484 Salutis,

1281 3495 1432 3558 Opis,
1455 3495 1714 3559 Victoriae
1736 3494 1951 3545 facultas
1975 3510 2006 3543 a
2030 3494 2106 3544 dis
2131 3507 2212 3540 εις-.-
