2500 3850
256 108 375 168 176

321 275 455 332 suiS,
497 275 728 324 omnibus
764 273 911 322 bonis
939 272 1250 334 carissimuS,

323 345 392 392 lb.
419 344 473 404 1,
500 341 561 391 15
580 377 595 404 ,
618 340 703 392 37.
722 367 789 379 —-
810 339 958 390 Hirtii
989 349 1039 390 et
1061 340 1254 389 Pansae

320 428 401 460 res
453 419 626 474 gestae
678 416 728 458 et
774 410 1149 460 vicissitudines
1200 411 1251 456 in

320 480 517 546 proelio
551 479 823 531 Mutinensi
858 494 904 532 a.
940 494 991 530 u.
1026 495 1071 529 c.
1109 478 1252 536 711„

840 117 1259 165 HIRTULEIUS
1287 138 1370 152 —-·
1389 117 1744 164 HOMERUS.

1395 255 1601 336 P'bmpei
1622 272 1844 336 legatos,
1878 287 1925 323 a.
1944 287 1994 320 u.
2019 288 2062 322 c.
2087 271 2210 324 705.
2231 309 2244 331 ,
2269 273 2360 322 ad·

1393 339 1518 392 farn.
1559 343 1617 399 2,
1669 340 1761 402 16,
1797 341 1847 390 6.
1882 368 1948 376 -
1981 341 2340 404 Hispaniensis

1391 409 1740 473 pugiunculus
1763 445 1776 469 ,
1824 423 1900 458 or.
1941 409 1991 456 in
2029 419 2150 473 toga
2187 411 2336 459 eand.

1393 493 1446 541 p.
1481 478 1604 527 242.

318 550 386 598 ad
410 549 531 600 fam.
558 548 640 607 10,
667 547 750 598 30.
790 549 863 596 lb.
888 545 967 606 10,
990 545 1085 610 33,
1111 548 1161 595 4.
1185 571 1257 582 —
1325 543 1508 611 Hispo
1525 581 1541 609 ,
1594 547 1849 612 centurie,
1891 555 1946 596 ut
1987 547 2218 607 videtur,
2271 549 2340 595 ad

320 619 467 668 Hirtii
490 630 656 677 αισι-8,
689 617 757 665 lb.
783 616 865 674 11,
891 613 973 675 13,
1005 616 1051 665 1.
1092 615 1154 664 cl.
1183 615 1252 663 ib.

1395 614 1519 667 fam.
1550 615 1632 677 14,
1655 613 1704 674 1,
1725 613 1775 666 3.

322 687 405 744 12,
425 687 491 736 25
512 701 583 744 a.‚
605 684 655 735 6.
694 699 773 748 ep.
796 685 861 734 ad
878 685 1016 732 Brut.
1043 684 1089 743 1,
1114 684 1165 734 3.
1189 711 1254 718 —
1325 679 1540 746 Hocdi,
1562 683 1704 732 sidus
1721 718 1735 742 ‚
1767 684 1830 732 de
1850 697 1899 734 n.
1922 685 1974 734 d.
1996 684 2048 743 2,
2069 681 2154 740 43,
2177 683 2296 738 110.

319 755 517 804 Bellum
566 755 631 803 ad
679 753 922 802 Mutinam
942 751 1251 816 'gerebatur,
1325 751 1624 803 Homerus.
1655 751 1768 800 Non
1799 751 2020 800 dubitari
2040 753 2190 802 debet
2209 757 2337 814 quin

320 824 449 874 nihil
468 831 521 872 ut
540 825 589 871 in
610 823 823 871 Caesare
840 819 1256 886 reprehenderes,

322 909 420 944 non
456 892 595 941 nulla
626 893 677 939 in
701 890 889 952 Hirtio,
923 903 1003 954 ep.
1028 891 1094 939 ad
1114 889 1256 938 Brut.

325 964 351 1012 1
371 999 383 1016 ,
421 961 503 1010 10.
533 989 600 997 -
631 961 880 1024 Fragmm.
925 958 1259 1023 epistolarum

324 1031 389 1079 ad
410 1031 469 1076 A.
491 1029 727 1087 Hirtium,
750 1027 933 1092 fragm.
954 1042 1007 1092 p.
1028 1027 1146 1076 254.
1190 1025 1256 1078 cf.

322 1099 388 1147 ad
408 1097 527 1148 fam.
554 1099 646 1162 12,
670 1097 763 1154 14,
784 1096 834 1144 5.
878 1097 948 1144 lb.
977 1095 1065 1154 16,
1088 1097 1179 1152 24,
1202 1097 1256 1145 2.

318 1167 538 1231 Philipp.
561 1165 611 1224 3,
640 1165 720 1223 15,
743 1163 827 1214 37.

251 1232 586 1286 Hirtuleius.
627 1233 705 1282 Ab
728 1247 787 1282 eo
820 1232 1017 1282 tabulae
1038 1232 1257 1282 dodran·

321 1306 478 1353 tar-iae
496 1311 546 1352 et
564 1303 951 1365 quadrantariae
980 1303 1256 1362 institutae,

326 1389 415 1438 pro
439 1373 579 1424 Font.
603 1372 650 1431 1,
670 1373 723 1422 2.
754 1370 901 1420 Nieb.

251 1439 510 1508 Hispalis
540 1441 815 1506 Hispaniae
851 1439 1085 1514 Ba5tieae
1111 1438 1258 1503 oppi-

323 1511 441 1559 dum
481 1510 633 1558 hodie
668 1509 881 1568 Sem'lla,
911 1510 982 1557 'ad
1014 1508 1137 1556 fam.
1170 1505 1256 1568 10,

252 1615 493 1711 1118Ρέιηί
508 1653 555 1694 et
564 1643 858 1711 Hispania.
882 1646 1113 1710 Hispani,
1128 1645 1257 1708 Afri,

322 1713 456 1763 Galli
482 1715 729 1762 immanes
750 1729 809 1762 ac
832 1716 1073 1763 barbarae
1093 1715 1258 1763 natio-

320 1797 442 1839 nes,
472 1782 538 1831 ad
562 1781 621 1840 Q.
653 1781 713 1830 fr.
753 1782 811 1840 1,
844 1783 901 1839 1,
934 1783 984 1834 9.
1006 1783 1054 1843 S.
1080 1784 1258 1834 27.—

322 1852 577 1915 Hispanus
608 1851 775 1899 Poeno
805 1849 902 1899 fuit
934 1850 1157 1910 auxilio,
1189 1850 1257 1900 ad

322 1921 441 1973 Her.
476 1922 539 1979 4,
569 1917 664 1984 33,
696 1919 783 1971 45.
809 1948 876 1956 —
894 1919 1256 1984 Hispaniarum

320 1989 535 2056 vectigal
588 1990 901 2053 temporibus
950 1988 1258 2039 Sertorianis

322 2059 514 2108 nullum
549 2058 674 2121 tuit,
707 2058 770 2107 de
805 2058 916 2123 lege
948 2073 1055 2123 agr.
1080 2061 1139 2115 2,
1170 2056 1256 2118 30,

322 2126 408 2179 83.
432 2154 499 2163 --
516 2128 757 2191 Hispanis
782 2135 831 2177 et
856 2126 1113 2191 plerisque
1130 2128 1258 2177 Poe-

322 2211 503 2245 norum
520 2197 811 2260 impositum
825 2196 1041 2262 vectigal
1056 2204 1132 2245 est
1150 2210 1257 2245 cer-

322 2272 453 2330 tum,
487 2266 622 2329 quod
644 2265 1030 2330 stipendiarium
1052 2265 1253 2323 dicitur,

323 2335 469 2397 quasi
487 2335 729 2385 victoriae
747 2335 1029 2399 praemium
1048 2350 1107 2383 ac
1132 2349 1256 2398 poe·

322 2419 388 2453 na
405 2404 549 2468 belli,
571 2404 723 2457 Verr.
756 2412 973 2454 accusat.
994 2401 1053 2467 3,
1074 2402 1134 2467 6,
1167 2402 1251 2455 12.

322 2474 469 2522 Ratio
514 2472 882 2522 aestimationis
917 2472 1156 2522 frumenti
1204 2472 1256 2519 in

322 2541 593 2604 Hispania,
612 2541 683 2592 lb.
718 2540 751 2590 3
768 2576 780 2596 ‚
808 2540 903 2599 83,
938 2540 1053 2592 192.
1075 2570 1142 2579 -
1165 2541 1256 2589 Hi-

322 2610 497 2671 spanis
544 2609 680 2671 agris
727 2609 1081 2672 stipendioque
1126 2608 1250 2659 inul-

324 2678 469 2724 ctatis
500 2676 686 2724 virtute
724 2678 944 2740 adipisci
983 2678 1098 2727 licet
1130 2678 1257 2727 civi-

322 2752 505 2804 tatem,
536 2756 629 2805 pro
660 2742 818 2793 Balbo
848 2744 943 2805 18,
968 2746 1054 2797 41.
1085 2772 1150 2782 -—
1171 2746 1256 2794 Hi-

322 2812 504 2876 spania
555 2813 879 2862 aversissima
928 2815 1149 2863 Antonio
1206 2821 1256 2863 et

321 2880 515 2943 Lepido
536 2892 583 2931 a.
607 2894 657 2927 u.
678 2894 724 2930 c.
748 2881 866 2930 711.
884 2916 898 2943 ,
930 2882 995 2929 ad
1018 2882 1143 2936 sam.
1167 2882 1252 2944 10,

321 2951 407 3007 24,
427 2949 478 2998 6.
498 2972 568 2985 -—
583 2947 811 3013 Hispani,
834 2949 898 2997 de
918 2950 1075 2999 divin.
1096 2952 1147 3012 2,
1166 2950 1251 3010 64,

324 3016 442 3067 131.
462 3044 527 3052 —-
550 3017 797 3082 Hispania
813 3016 1017 3068 ulterior
1045 3019 1256 3069 defensa

320 3104 351 3135 a
374 3086 442 3139 M.
464 3085 687 3140 Fonteio,
706 3101 798 3151 pro
816 3086 959 3137 Font.
983 3086 1064 3147 16,
1085 3086 1172 3141 35.
1186 3114 1254 3124 —

320 3170 413 3219 pro
432 3155 623 3205 Scauro
644 3154 691 3216 2,
711 3155 797 3205 45.
812 3156 1253 3221 —Hispanienses

321 3233 493 3273 aestus
520 3225 791 3288 maritimi,
824 3224 887 3274 de
915 3241 965 3276 n.
998 3226 1045 3273 d.
1071 3224 1131 3285 3,
1167 3225 1249 3288 10,

320 3293 405 3343 24.
420 3319 481 3328 --
498 3292 851 3357 Hispaniensis
868 3309 1015 3346 casus
1035 3294 1099 3344 de
1115 3296 1252 3344 exitu

322 3359 439 3409 belli
474 3361 827 3425 Hispaniensis
868 3364 1114 3413 adversus
1158 3363 1247 3414 Cn.

1399 820 1584 868 fuerint
1639 827 1754 869 ante
1808 820 2079 870 Homerum
2134 824 2336 885 poetae,

1399 889 1535 951 quod
1572 903 1636 938 ex
1671 890 1747 938 eis
1775 889 2081 939 carminibus
2113 890 2336 954 intelligi

1395 965 1592 1022 potest,
1641 973 1772 1020 quae
1817 959 1956 1022 apud
1999 957 2143 1007 illum
2194 968 2244 1007 et
2283 960 2340 1007 iu

1396 1026 1680 1076 Phaeacum
1715 1034 1764 1075 et
1791 1028 1838 1075 in
1867 1041 2138 1091 procorum
2171 1027 2340 1092 epulis

1397 1101 1668 1159 canuntur,
1691 1095 1828 1144 Brut.
1855 1095 1938 1156 18,
1961 1096 2045 1148 71.
2067 1123 2134 1131 —-
2153 1095 2340 1146 Home-

1397 1179 1511 1225 rus,
1558 1165 1645 1226 qui
1691 1165 1867 1214 multis
1909 1172 2024 1214 ante
2057 1165 2340 1215 Hesiodum

1397 1231 1616 1282 saeculis
1649 1232 1774 1294 fuit,
1806 1233 2041 1282 Laiirtem
2066 1233 2339 1283 lenientem

1398 1301 1704 1352 desiderium
1719 1339 1730 1359 ‚
1753 1302 1889 1364 quod
1908 1302 2142 1367 capiebat
2163 1318 2190 1351 e
2211 1303 2338 1365 filio,

1397 1370 1642 1420 colentem
1682 1385 1861 1436 agrum
1899 1379 1948 1420 et
1996 1386 2110 1420 eum
2146 1379 2340 1421 sterco-

1397 1447 1590 1488 rantem
1621 1437 1767 1500 facit,
1809 1440 1872 1490 de
1891 1454 2000 1489 sen.
2033 1439 2125 1501 15,
2161 1442 2247 1492 54.
2267 1467 2340 1479 -··

1396 1509 1673 1566 Homerus,
1711 1510 1799 1572 qui
1833 1523 2006 1559 recens
2034 1522 2065 1557 a
2089 1507 2316 1573 Tyndari

1397 1577 1576 1627 darum
1619 1584 1783 1627 aetate
1824 1577 1943 1643 fuit,
1981 1592 2070 1628 eos
2107 1577 2338 1641 sepultos

1397 1661 1512 1696 esse
1539 1645 1660 1695 dicit
1681 1645 2089 1706 Lacedaemone,
2121 1645 2188 1696 de
2207 1661 2260 1696 n.
2281 1647 2337 1696 (1.

1397 1713 1448 1772 3,
1467 1717 1518 1776 5,
1545 1713 1626 1764 11.
1651 1741 1719 1750 -
1737 1715 1986 1766 Homerus
2007 1722 2057 1764 et
2080 1715 2338 1766 Hesiodus

1397 1782 1602 1832 fuerunt
1650 1791 1766 1833 ante
1800 1783 2013 1833 Romam
2060 1784 2338 1844 conditam,

1397 1851 1602 1901 Tuscul.
1627 1853 1672 1908 1,
1703 1853 1750 1915 1,
1770 1851 1820 1903 3.
1843 1879 1910 1890 «-
1931 1853 2224 1913 Homerum,
2249 1855 2341 1916 qui

1396 1921 1661 1971 minimum
1691 1921 1862 1971 dicunt
1875 1927 1909 1983 ,‘
1927 1922 2145 1987 Lycurgi
2180 1925 2340 1973 aetati

1397 1991 1606 2055 triginta
1625 1992 1772 2040 annis
1791 1998 2102 2056 anteponunt
2121 1992 2248 2053 fere,
2273 2009 2338 2041 ex

1397 2074 1497 2121 quo
1517 2059 1732 2125 intelligi
1749 2066 1918 2125 potest
1948 2060 2218 2125 permultis
2249 2077 2339 2110 an-

1398 2128 1478 2176 nis
1513 2137 1630 2177 ante
1659 2128 1937 2180 Homerum
1975 2129 2135 2179 fuisse
2181 2144 2340 2191 qnam

1395 2194 1693 2261 Romulum,
1727 2198 1792 2246 de
1819 2214 1858 2247 r.
1881 2213 1932 2263 p.
1955 2201 2014 2261 2,
2041 2199 2136 2262 10,
2161 2198 2244 2248 18.
2267 2226 2341 2239 —

1388 2264 1660 2317 Homerum
1692 2264 1993 2332 Colophonii
2027 2268 2190 2317 civem
2221 2282 2340 2317 esse

1396 2335 1570 2384 dicunt
1621 2348 1802 2395 suum,
1853 2335 1994 2394 Chii,
2048 2334 2339 2392 Salaminii,

1395 2402 1692 2469 Smyrnaei,
1721 2405 1960 2469 permulti
1985 2404 2076 2455 alii
2103 2413 2338 2471 praeter-

1395 2487 1482 2529 ea,
1517 2487 1612 2537 pro
1645 2472 1798 2522 Arch.
1829 2474 1893 2533 8,
1927 2472 2007 2524 19.
2047 2501 2114 2511 —-
2145 2474 2339 2523 Praeeo

1395 2542 1594 2591 virtutis
1623 2540 1870 2606 Achillis,
1907 2542 1979 2592 Ib.
2016 2542 2110 2601 10,
2145 2544 2233 2593 24.
2271 2570 2342 2579 -

1396 2609 1662 2660 Traditum
1695 2619 1774 2660 est
1806 2610 2082 2661 Homerum
2122 2626 2340 2661 caecum

1395 2677 1574 2731 fuisse.
1630 2678 1698 2727 At
1749 2681 1858 2729 eius
1905 2683 2184 2744 picturam,
2233 2694 2341 2729 non

1396 2748 1594 2811 poesim
1614 2747 1875 2803 videmus,
1910 2749 2118 2799 Tuscul.
2143 2750 2207 2812 5,
2245 2748 2337 2813 39,

1400 2816 1514 2865 114.
1539 2842 1606 2853 -
1637 2816 1744 2875 Quo
1774 2817 1925 2867 modo
1963 2817 2340 2883 Polyphemum

1395 2884 1628 2947 finxerit,
1662 2886 1732 2938 lb.
1755 2885 1816 2944 5,
1852 2885 1946 2945 39,
1979 2887 2094 2937 115.
2113 2886 2340 2936 ——Eum

1395 2953 1448 3001 in
1468 2954 1574 3003 suis
1590 2955 1776 3004 >studiis
1795 2969 1894 3004 non
1918 2956 2086 3021 coegit
2104 2957 2339 3005 obmute-

1396 3037 1538 3071 scere
1556 3030 1788 3071 senectus
1805 3059 1819 3080 ,
1852 3024 1914 3073 de
1933 3038 2042 3073 sen.
2066 3026 2097 3074 7
2110 3061 2124 3087 ‚
2156 3024 2246 3075 23.
2263 3051 2339 3061 -

1397 3090 1521 3140 Cum
1545 3091 1870 3155 Euphorione
1894 3092 2133 3155 collatus,
2163 3094 2226 3141 de
2256 3092 2339 3142 di-

1379 3159 1498 3207 vin.
1520 3162 1578 3222 2,
1599 3159 1694 3223 64,
1721 3160 1838 3211 132.
1857 3189 1928 3199 -
1945 3162 2148 3211 Homeri
2173 3162 2338 3211 libros

1393 3228 1632 3277 confusos
1653 3236 1802 3279 antea
1821 3230 2112 3281 Pisistratus
2135 3232 2211 3280 sic
2230 3231 2338 3280 dis-

1393 3298 1628 3360 posuisse
1664 3297 1877 3361 dicitur‚
1917 3308 1974 3348 ut
1992 3314 2141 3349 mune
2173 3299 2338 3349 habe-

1392 3380 1505 3413 mus
1520 3402 1536 3431 ,
1560 3366 1624 3415 de
1643 3373 1767 3419 orat.
1793 3367 1845 3434 3,
1867 3367 1952 3429 34,
1975 3367 2093 3421 137.
2117 3395 2188 3406 --
2207 3369 2336 3419 Eius
