2500 3850
754 222 1060 270 CHRYSAS
1091 245 1164 254 —
1192 223 1639 272 CHRYSIPPUs.
2176 213 2254 271 77

157 381 422 449 Chrysas
441 379 626 428 fluvius
647 374 863 426 Siciliae.
900 377 1052 441 Eius,
1089 379 1178 440 qui

209 449 375 514 -apud
405 447 681 498 Assorinos
717 446 842 495 deus
875 446 1174 504 habebatur,

233 519 411 568 fanum
443 521 491 566 et
524 512 877 575 simulacrum,
907 515 1055 564 Verr.
1091 529 1178 564 ac·

235 593 400 636 cusat.
419 586 474 647 4,
494 585 580 640 44,
599 583 686 637 96.

163 653 452 720 Chrysa,
480 652 744 718 tragoedia
771 652 1010 713 Pacuvii,
1044 658 1172 705 orat.

232 723 322 780 46,
345 721 462 774 155.
498 721 560 771 (18
583 721 739 770 divin.
762 720 812 782 1,
833 719 919 780 57,
946 717 1064 770 131.

160 785 594 858 Χρυσιππεία
613 787 812 852 κρίσις,
833 789 898 839 ad
919 787 1038 838 fam.
1059 788 1109 849 9,
1125 789 1176 838 4.

161 855 548 926 Chrysippus,
571 856 826 907 Cleanthis
844 859 898 906 in
923 857 1045 906 Stoa
1065 872 1178 906 suc-

235 941 430 978 cessor.
462 953 530 964 ——
564 925 698 986 Quid
728 933 805 976 est
833 941 863 974 a
893 924 1176 992 Chrysippo

234 995 657 1062 praetermissum
686 995 740 1043 in
758 993 939 1046 Stoicis
953 995 976 1042 ¹?
1005 994 1068 1043 de
1088 994 1175 1042 fin.

236 1067 290 1128 1,
312 1067 364 1123 2,
385 1063 436 1115 6.
456 1063 848 1129 -Chrysippus
868 1078 898 1112 a
921 1062 1175 1122 Cleanthe,

233 1136 444 1184 doctore
463 1147 574 1194 suo,
593 1131 764 1181 multis
780 1132 927 1181 rebus
943 1132 1174 1191 dissidet,

236 1201 403 1250 Acad.
421 1216 501 1265 pr.
521 1203 572 1262 2,
590 1203 676 1260 47,
691 1199 808 1251 143.
829 1201 894 1248 81.
919 1200 984 1249 (18
1003 1200 1106 1249 fato
1121 1202 1172 1259 7,

237 1272 325 1321 14.
339 1296 408 1306 -
419 1269 542 1320 Eius
559 1275 829 1334 praecepta
843 1268 906 1318 de
919 1269 1172 1328 sensibus,

236 1339 398 1388 Acad.
421 1352 502 1401 pr.
521 1339 574 1397 2,
594 1339 677 1397 24,
697 1337 781 1388 75.
797 1365 867 1376 -
881 1335 1041 1386 Homo
1066 1338 1175 1388 sine

238 1406 398 1458 dubio
415 1414 652 1456 versutus
674 1413 722 1454 et
747 1405 990 1470 calliduS,
1025 1405 1089 1454 de
1119 1420 1171 1454 n.

238 1477 292 1526 d.
312 1473 363 1539 3,
388 1473 471 1534 10,
492 1473 578 1529 25.
599 1501 665 1510 -—
686 1474 1001 1540 Chrysippus
1020 1480 1176 1523 totam

237 1546 302 1594 de
333 1543 645 1594 divinatione
680 1543 878 1594 duobus
915 1542 1056 1591 libris
1087 1557 1176 1592 ex-

233 1613 448 1678 plicavit
466 1612 782 1674 sententiam,
795 1626 897 1661 uno
915 1618 1176 1676 praeterea

235 1684 302 1732 de
334 1681 578 1745 oraculiS‚
610 1695 711 1730 uno
743 1680 807 1730 de
837 1679 1078 1740 somniis,
1109 1679 1175 1728 de

233 1750 398 1803 divin.
425 1750 472 1811 1,
495 1750 545 1810 3,
565 1749 616 1800 6.
637 1775 705 1786 -
725 1747 1043 1812 Chrysippus
1065 1762 1176 1798 ora-

233 1818 371 1869 culis
427 1825 586 1868 totum
651 1818 889 1868 volumen
945 1817 1178 1880 implevit

233 1889 426 1953 partim
457 1886 627 1947 falsiS,
656 1887 843 1953 partim
873 1900 996 1936 casu
1017 1886 1172 1946 veris,

236 1957 425 2021 partim
479 1955 770 2018 flexiloquis
827 1962 876 2005 et
930 1955 1172 2015 obscuris,

230 2026 422 2090 partim
443 2025 698 2090 ambiguis
713 2062 726 2084 ‚
749 2024 811 2074 (18
831 2024 992 2075 divin.
1015 2024 1065 2084 2,
1087 2022 1173 2084 56,

237 2094 356 2146 115.
391 2092 457 2149 cl.
481 2094 551 2142 ib.
575 2093 601 2143 1
619 2130 634 2154 ,
665 2094 760 2154 19,
783 2093 866 2143 37.
889 2120 955 2129 -
973 2092 1096 2141 Eius
1117 2092 1175 2141 li-

232 2163 328 2212 ber
352 2162 416 2211 de
447 2162 690 2223 somniis,
728 2162 792 2211 de
818 2162 976 2212 divin.
1001 2161 1058 2225 1,
1090 2161 1174 2221 20,

229 2230 320 2283 39.
349 2232 424 2280 Ib.
447 2234 498 2290 2,
517 2230 606 2291 65,
627 2230 742 2283 134.
775 2231 849 2282 lb.
874 2231 925 2292 2,
947 2228 1030 2289 70,
1055 2230 1170 2279 144.

230 2326 305 2337 —-
337 2299 651 2369 Chrysippus
684 2300 739 2349 in
781 2300 919 2348 omni
957 2298 1176 2348 historIa

233 2368 494 2432 curiosus,
517 2368 721 2421 Tuscul.
753 2368 810 2431 1,
839 2367 938 2429 45,
964 2365 1080 2417 108.
1107 2393 1174 2403 -

234 2436 554 2503 Chrysippus
600 2438 650 2485 in
690 2437 920 2486 doctrina
964 2435 1027 2485 (18
1067 2434 1172 2485 fato

229 2513 494 2568 tamquam
523 2505 714 2555 arbiter
740 2504 1038 2553 honorarius
1071 2519 1175 2552 me-

233 2574 378 2625 dium
397 2573 550 2625 ferire
566 2574 751 2631 voluit,
773 2574 836 2623 de
855 2572 960 2622 fato
982 2572 1064 2633 17,
1085 2570 1169 2623 39.

230 2643 309 2692 Ib.
351 2642 442 2707 18,
481 2643 586 2697 41„
617 2643 684 2695 cf.
723 2642 908 2707 fragm.
951 2640 1068 2689 libri
1111 2640 1173 2690 de

232 2712 342 2763 fato
359 2750 372 2772 ,
398 2726 454 2777 p.
477 2710 595 2761 239.
620 2738 687 2747 -—
705 2710 826 2761 Eius
859 2710 1088 2760 doctrina
1111 2708 1174 2758 de

230 2780 368 2841 fato,
399 2780 466 2829 de
499 2780 605 2829 fato
632 2780 694 2842 4,
727 2781 780 2829 7.
814 2778 866 2841 6,
899 2779 984 2840 12,
1013 2779 1064 2837 7,
1087 2775 1170 2831 13.

229 2850 285 2907 7,
310 2848 394 2901 14.
439 2848 531 2906 10,
551 2848 636 2900 20.
656 2873 728 2885 —
756 2838 837 2897 Τὸ
861 2837 1004 2896 κατὰ
1021 2838 1175 2910 Χρύ-

231 2930 453 2967 σιππον
483 2909 760 2978 δυνατόν,
791 2915 859 2966 ad
882 2915 1003 2969 fam.
1035 2915 1098 2974 9,
1119 2916 1171 2965 4.

229 3013 296 3022 —
321 2983 638 3051 Chrysippus
665 2986 1000 3036 Academicos
1025 2982 1174 3032 refel-

229 3054 344 3103 lens
363 3055 629 3119 permulto‘
643 3054 862 3105 clariora
883 3061 932 3105 et
960 3053 1174 3103 certiora

230 3138 349 3172 esse
387 3123 509 3172 dicit
557 3138 689 3187 quae
726 3124 1058 3189 vigilantibus
1098 3122 1175 3171 vi-

227 3191 450 3241 deantur
465 3206 614 3255 quam
635 3208 765 3255 quae
784 3192 1171 3250 somniantibus,

233 3260 302 3309 de
332 3258 493 3312 divin.
530 3263 591 3323 2,
625 3262 719 3324 61,
754 3260 874 3312 126.
901 3287 968 3297 —-
998 3259 1178 3309 Statua

229 3330 346 3380 eius
364 3330 590 3380 sedentis
602 3338 833 3395 porrecta
851 3344 1004 3379 manu
1021 3328 1176 3377 Athe-

232 3397 318 3449 nis
345 3396 399 3447 in
440 3396 696 3450 Ceramico
731 3400 856 3463 quid
885 3394 1176 3463 significet?
1215 3450 1219 3456 ,

225 3466 300 3515 de
320 3466 407 3515 fin.
432 3466 457 3516 1
472 3502 491 3528 ,
515 3466 576 3517 11
594 3504 608 3527 ‚
627 3466 712 3519 39.
742 3494 802 3504 --
827 3466 1033 3527 Qualem
1054 3465 1177 3515 scri-

1316 381 1482 442 pserit
1516 385 1671 426 artem
1709 378 2034 439 rhetoricam,
2074 379 2139 428 de
2166 377 2253 434 flu,

1318 449 1370 507 4,
1388 445 1441 506 3,
1463 447 1513 497 7.
1534 471 1601 482 -
1622 445 1934 512 Chrysippus
1963 449 2145 509 quibus
2176 463 2255 496 ar-

1317 515 1575 580 gumentis
1601 514 1955 566 demonstrarit
1976 530 2088 566 esse
2113 517 2254 576 (1885,

1317 586 1382 634 (18
1411 598 1462 632 ιι.
1496 584 1548 634 (1.
1586 584 1649 644 2,
1680 582 1743 646 6,
1784 584 1869 639 16.
1900 611 1969 622 ——
1990 583 2258 650 Chrysippi

1318 653 1597 702 sententiae
1618 653 1681 702 de
1699 659 1880 702 natura
1910 653 2116 704 deorum
2132 690 2145 711 ‚
2179 655 2255 702 in-

1318 721 1707 786 terpretationes
1758 721 2063 786 allegoricae
2098 719 2258 772 fabel-

1320 790 1481 839 larum
1520 787 1738 854 Orphei,
1780 790 2001 851 Musaei,
2048 790 2255 840 Hesiodi

1318 858 1639 921 Homerique,
1661 858 1725 908 de
1745 873 1796 908 n.
1819 860 1871 911 (1.
1896 860 1945 923 1,
1970 857 2051 920 15,
2065 857 2131 910 38
2145 873 2257 922 sqq.

1318 954 1387 964 -—
1406 926 1723 992 Chrysippus
1754 929 1946 978 studuit
1966 930 2259 976 commenti-

1320 997 1513 1045 ciarum
1547 995 1832 1052 fabularum
1869 996 2078 1046 reddere
2106 998 2257 1045 ratio-

1318 1079 1434 1114 nem
1450 1100 1464 1124 ,
1486 1065 1548 1114 de
1574 1079 1626 1117 n.
1648 1065 1703 1114 (1.
1730 1063 1779 1128 3,
1812 1067 1909 1126 24,
1938 1063 2024 1116 63.
2047 1093 2113 1101 -
2134 1065 2255 1114 Eius

1318 1134 1636 1184 ratiocinatio
1688 1135 1752 1183 de
1802 1135 2141 1195 divinatione,
2193 1135 2255 1183 de

1316 1201 1474 1251 divin.
1498 1202 1555 1263 1,
1579 1201 1673 1262 39,
1696 1201 1781 1252 84.
1815 1204 1891 1257 lb.
1920 1203 1977 1261 2,
2002 1203 2100 1264 49,
2134 1201 2251 1252 101.

1315 1271 1437 1320 Eius
1462 1270 1687 1320 definitio
1706 1270 2062 1335 divinationis,
2096 1271 2159 1320 de
2181 1271 2258 1320 di-

1314 1341 1417 1389 vin.
1436 1339 1494 1398 2,
1516 1337 1584 1388 63
1600 1374 1615 1399 ,
1646 1337 1765 1394 130.
1789 1366 1855 1375 -
1876 1337 2057 1389 Omnia
2078 1339 2256 1388 verbo·

1316 1423 1428 1457 rum
1448 1409 1734 1468 momentis,
1758 1422 1858 1457 non
1877 1422 2043 1456 rerum
2062 1408 2255 1470 ponde-

1314 1476 1455 1526 ribus
1479 1475 1757 1534 examinat,
1783 1475 1845 1526 de
1868 1491 1911 1522 r.
1939 1491 1990 1540 p.
2018 1474 2078 1535 3,
2098 1473 2147 1534 8,
2170 1475 2255 1524 12.

1318 1543 1637 1610 Chrysippus
1659 1550 1708 1594 et
1728 1541 1998 1594 Cleanthes
2021 1559 2133 1593 cum
2153 1542 2255 1593 De-

1316 1613 1529 1662 mocrito
1587 1611 1761 1662 collati
1818 1613 2021 1676 quintae
2077 1613 2254 1664 classis

1318 1683 1579 1745 videntur,
1619 1681 1778 1732 Acad.
1816 1696 1899 1746 pr.
1940 1682 1999 1744 2,
2036 1681 2132 1743 23,
2168 1681 2251 1732 73.

1316 1778 1383 1787 -
1410 1750 1534 1800 Eius
1565 1750 1628 1800 de
1655 1749 1984 1817 philosophia
2004 1751 2175 1800 ieiuna
2206 1759 2254 1799 et

1316 1819 1465 1870 exilis
1494 1820 1801 1885 disputatio,
1827 1821 1891 1870 de
1920 1827 2041 1870 orat.
2076 1821 2102 1871 1
2128 1857 2143 1880 ,
2169 1819 2251 1878 11,
2330 1835 2337 1842 ·

1313 1888 1401 1942 50.
1426 1915 1492 1923 -
1512 1887 1786 1954 Chrysippi
1816 1888 2088 1953 disciplina
2113 1888 2254 1955 (dia-

1313 1958 1513 2021 lectica)
1534 1958 1792 2008 institutus
1822 1974 1933 2009 esse
1958 1958 2132 2017 debet,
2168 1958 2254 2021 qui

1318 2025 1635 2088 eloquentiae
1665 2027 1817 2076 laude
1854 2027 2091 2087 ducatur,
2124 2034 2251 2076 orat.

1315 2093 1401 2156 32,
1425 2094 1543 2147 115.
1563 2121 1629 2130 -
1650 2096 1726 2144 De
1745 2097 1855 2146 eius
1874 2095 2169 2155 dialecticiS,
2191 2095 2253 2144 (18

1314 2162 1400 2212 fin.
1424 2164 1477 2222 4,
1499 2164 1550 2223 4,
1572 2162 1623 2214 9.
1658 2163 1817 2215 Acad.
1840 2178 1919 2229 pr.
1940 2166 1973 2215 2
1991 2201 2007 2226 ,
2038 2164 2133 2225 29,
2164 2162 2252 2223 93,

1316 2236 1381 2282 (18
1425 2231 1528 2281 fato
1576 2231 1643 2282 10
1662 2271 1677 2297 ,
1730 2232 1815 2285 38.
1856 2259 1923 2269 —-
1978 2231 2255 2297 Chrysippi

1314 2293 1670 2363 ψευδόμενος
1691 2337 1705 2360 ,
1744 2302 1903 2351 Acad.
1943 2317 2020 2366 pr.
2058 2302 2117 2364 2,
2163 2300 2249 2362 30,

1314 2365 1637 2420 96.-Stoici
1654 2368 1717 2417 de
1738 2385 1797 2418 eo
1820 2368 1944 2430 quid
1961 2375 2251 2430 querantur,

1316 2437 1476 2488 Acad.
1496 2450 1576 2499 pr.
1598 2436 1632 2483 2
1646 2472 1661 2495 ,
1681 2436 1749 2486 27
1764 2471 1779 2495 ,
1808 2436 1895 2487 87.
1917 2462 1989 2474 -
2004 2435 2169 2485 Locus
2189 2436 2253 2485 de

1313 2505 1527 2571 physica
1538 2503 1729 2553 ratione
1742 2503 2025 2553 fabularum
2038 2519 2069 2554 a
2081 2503 2253 2553 Clean-

1314 2574 1397 2623 the
1418 2572 1698 2636 explicatus
1712 2608 1725 2633 ,
1748 2572 1813 2622 de
1832 2587 1883 2625 n.
1912 2572 1962 2627 d.
1984 2574 2035 2637 2,
2058 2574 2143 2634 24,
2164 2570 2249 2623 63.

1314 2670 1381 2678 -
1422 2640 1735 2705 Chrysippus
1772 2648 1973 2707 praeter
2010 2640 2253 2691 mundum

1316 2717 1514 2761 caetera
1536 2711 1705 2759 omnia
1723 2712 1938 2761 aliorum
1958 2726 2115 2762 causa
2140 2726 2251 2761 esse

1313 2786 1554 2845 generata
1572 2780 1695 2829 scite
1728 2780 1930 2845 docuit,
1962 2781 2025 2831 de
2043 2796 2094 2834 n.
2122 2780 2173 2830 d.
2196 2780 2247 2844 2,

1316 2850 1400 2913 14,
1420 2847 1645 2902 37-39,
1682 2850 1759 2904 Ib.
1790 2848 1841 2914 3,
1870 2850 1921 2912 7,
1956 2850 2039 2904 18.
2082 2850 2248 2899 defin.

1314 2916 1374 2978 3,
1393 2916 1489 2980 20,
1512 2916 1598 2969 67.
1622 2944 1690 2954 -
1706 2918 1833 2969 Eius
1852 2919 1919 2967 de
1952 2919 2250 2969 differentiis

1314 2987 1642 3037 animantium
1676 2988 1951 3051 sententia,
1986 2987 2048 3036 de
2078 2985 2165 3033 fln.
2197 2987 2248 3044 4,

1317 3055 1379 3105 11
1398 3093 1412 3116 ,
1430 3054 1519 3109 28.
1542 3081 1608 3092 —
1629 3055 1750 3106 Eius
1770 3056 2015 3105 sententia
2050 3054 2115 3103 de
2140 3052 2250 3101 fini-

1316 3126 1411 3175 bus
1444 3125 1711 3184 bonorum,
1754 3123 1916 3173 Acad.
1953 3138 2032 3188 pr.
2064 3122 2126 3181 2,
2162 3121 2247 3185 45,

1315 3192 1431 3244 138.
1473 3194 1542 3244 lb.
1566 3194 1626 3253 2,
1657 3192 1752 3252 46,
1774 3192 1893 3245 140.
1919 3218 1983 3228 -
2007 3190 2247 3253 Chrysip-

1312 3275 1410 3327 pus
1446 3270 1494 3311 et
1522 3260 1778 3325 Diogenes
1811 3260 2121 3327 Babylonius
2156 3260 2248 3308 de-

1316 3335 1475 3378 tracta
1520 3326 1737 3377 utilitate
1783 3328 1909 3377 nihil
1959 3327 2248 3377 faciendum

1317 3398 1550 3447 dicebant
1576 3396 1741 3447 bonae
1774 3395 1940 3445 famae
1968 3410 2150 3457 causa,
2184 3396 2246 3444 de

1315 3465 1401 3518 fin.
1423 3466 1487 3526 3,
1509 3466 1570 3514 17
1587 3500 1601 3525 ,
1624 3466 1707 3517 57.
1731 3492 1795 3499 -
1815 3463 2009 3513 Bonum
2038 3464 2176 3512 aliud
2194 3464 2241 3513 in
