<?xml version="1.0" encoding="UTF-8"?>
<!DOCTYPE html PUBLIC "-//W3C//DTD XHTML 1.0 Transitional//EN"
    "http://www.w3.org/TR/xhtml1/DTD/xhtml1-transitional.dtd">
<html xmlns="http://www.w3.org/1999/xhtml" xml:lang="en" lang="en">
 <head>
  <title>
</title>
<meta http-equiv="Content-Type" content="text/html;charset=utf-8" />
  <meta name='ocr-system' content='tesseract 3.04.00' />
  <meta name='ocr-capabilities' content='ocr_page ocr_carea ocr_par ocr_line ocrx_word'/>
</head>
<body>
  <div class='ocr_page' id='page_1' title='image "./scriptaquaemans04mlgoog_0256.png"; bbox 0 0 2500 3850; ppageno 0'>
   <div class='ocr_carea' id='block_1_1' title="bbox 204 203 325 264">
    <p class='ocr_par' dir='ltr' id='par_1_1' title="bbox 204 203 325 264">
     <span class='ocr_line' id='line_1_1' title="bbox 204 203 325 264; baseline -0.008 0"><span class='ocrx_word' id='word_1_1' title='bbox 204 203 325 264; x_wconf 83' lang='lat'><strong>250</strong></span> 
     </span>
    </p>
   </div>
   <div class='ocr_carea' id='block_1_2' title="bbox 196 367 1208 3522">
    <p class='ocr_par' dir='ltr' id='par_1_2' title="bbox 202 367 1207 570">
     <span class='ocr_line' id='line_1_2' title="bbox 202 367 1207 435; baseline -0.009 -11"><span class='ocrx_word' id='word_1_2' title='bbox 202 371 568 435; x_wconf 85' lang='lat' dir='ltr'><strong>Metella,filia</strong></span> <span class='ocrx_word' id='word_1_3' title='bbox 589 371 648 422; x_wconf 92' lang='lat' dir='ltr'>L</span> <span class='ocrx_word' id='word_1_4' title='bbox 666 369 868 418; x_wconf 79' lang='lat' dir='ltr'>Caecilii</span> <span class='ocrx_word' id='word_1_5' title='bbox 884 367 1071 417; x_wconf 90' lang='lat' dir='ltr'><strong>Metelli</strong></span> <span class='ocrx_word' id='word_1_6' title='bbox 1088 367 1207 416; x_wconf 89' lang='lat' dir='ltr'><strong>Del-</strong></span> 
     </span>
     <span class='ocr_line' id='line_1_3' title="bbox 272 436 1205 506; baseline -0.009 -15"><span class='ocrx_word' id='word_1_7' title='bbox 272 442 473 506; x_wconf 87' lang='lat' dir='ltr'><strong>matici,</strong></span> <span class='ocrx_word' id='word_1_8' title='bbox 508 438 753 489; x_wconf 89' lang='lat' dir='ltr'><strong>materM.</strong></span> <span class='ocrx_word' id='word_1_9' title='bbox 779 437 981 487; x_wconf 77' lang='lat' dir='ltr'><strong>Aemilii</strong></span> <span class='ocrx_word' id='word_1_10' title='bbox 1010 436 1205 495; x_wconf 83' lang='lat' dir='ltr'><strong>Scauri,</strong></span> 
     </span>
     <span class='ocr_line' id='line_1_4' title="bbox 272 505 1204 570; baseline -0.004 -12"><span class='ocrx_word' id='word_1_11' title='bbox 272 527 300 558; x_wconf 88' lang='lat' dir='ltr'><strong>a</strong></span> <span class='ocrx_word' id='word_1_12' title='bbox 320 509 560 560; x_wconf 82' lang='lat' dir='ltr'><strong>Cicerone</strong></span> <span class='ocrx_word' id='word_1_13' title='bbox 584 507 799 569; x_wconf 78' lang='lat' dir='ltr'><strong>defensi,</strong></span> <span class='ocrx_word' id='word_1_14' title='bbox 822 521 910 570; x_wconf 90' lang='lat' dir='ltr'><strong>pro</strong></span> <span class='ocrx_word' id='word_1_15' title='bbox 936 505 1103 555; x_wconf 82' lang='lat' dir='ltr'><strong>Sestio</strong></span> <span class='ocrx_word' id='word_1_16' title='bbox 1118 508 1204 565; x_wconf 87' lang='grc'><strong>47,</strong></span> 
     </span>
    </p>

    <p class='ocr_par' dir='ltr' id='par_1_3' title="bbox 198 641 1206 845">
     <span class='ocr_line' id='line_1_5' title="bbox 198 641 1206 710; baseline -0.007 -13"><span class='ocrx_word' id='word_1_17' title='bbox 198 646 475 710; x_wconf 83' lang='lat' dir='ltr'><strong>Metella,</strong></span> <span class='ocrx_word' id='word_1_18' title='bbox 530 660 661 696; x_wconf 83' lang='lat' dir='ltr'><strong>uxor</strong></span> <span class='ocrx_word' id='word_1_19' title='bbox 708 645 765 697; x_wconf 91' lang='lat' dir='ltr'><strong>P.</strong></span> <span class='ocrx_word' id='word_1_20' title='bbox 810 643 1011 693; x_wconf 86' lang='lat' dir='ltr'><strong>Lentuli</strong></span> <span class='ocrx_word' id='word_1_21' title='bbox 1052 641 1206 706; x_wconf 90' lang='lat' dir='ltr'><strong>Spin-</strong></span> 
     </span>
     <span class='ocr_line' id='line_1_6' title="bbox 268 710 1203 778; baseline -0.002 -14"><span class='ocrx_word' id='word_1_22' title='bbox 268 717 455 778; x_wconf 76' lang='lat' dir='ltr'><strong>theriS,</strong></span> <span class='ocrx_word' id='word_1_23' title='bbox 496 716 562 764; x_wconf 87' lang='lat' dir='ltr'><strong>ad</strong></span> <span class='ocrx_word' id='word_1_24' title='bbox 584 717 686 763; x_wconf 87' lang='lat' dir='ltr'><strong>Att.</strong></span> <span class='ocrx_word' id='word_1_25' title='bbox 718 713 799 773; x_wconf 92' lang='grc'><strong>11,</strong></span> <span class='ocrx_word' id='word_1_26' title='bbox 819 712 905 774; x_wconf 87' lang='grc'><strong>23,</strong></span> <span class='ocrx_word' id='word_1_27' title='bbox 930 711 977 760; x_wconf 87' lang='grc'><strong>3.</strong></span> <span class='ocrx_word' id='word_1_28' title='bbox 1018 711 1093 763; x_wconf 91' lang='lat' dir='ltr'><strong>Ib.</strong></span> <span class='ocrx_word' id='word_1_29' title='bbox 1122 710 1203 771; x_wconf 87' lang='lat'><strong>13,</strong></span> 
     </span>
     <span class='ocr_line' id='line_1_7' title="bbox 271 784 392 845; baseline 0.008 -11"><span class='ocrx_word' id='word_1_30' title='bbox 271 785 320 845; x_wconf 90' lang='lat'><strong>7,</strong></span> <span class='ocrx_word' id='word_1_31' title='bbox 343 784 392 836; x_wconf 92' lang='lat'><strong>1.</strong></span> 
     </span>
    </p>

    <p class='ocr_par' dir='ltr' id='par_1_4' title="bbox 199 845 1065 906">
     <span class='ocr_line' id='line_1_8' title="bbox 199 845 1065 906; baseline -0.012 0"><span class='ocrx_word' id='word_1_32' title='bbox 199 850 437 906; x_wconf 82' lang='lat' dir='ltr'><strong>Metelli.</strong></span> <span class='ocrx_word' id='word_1_33' title='bbox 474 851 543 901; x_wconf 90' lang='lat' dir='ltr'><strong>V.</strong></span> <span class='ocrx_word' id='word_1_34' title='bbox 568 846 807 900; x_wconf 86' lang='lat' dir='ltr'><strong>Caecilii</strong></span> <span class='ocrx_word' id='word_1_35' title='bbox 825 845 1065 898; x_wconf 86' lang='lat' dir='ltr'><strong>Metelli.</strong></span> 
     </span>
    </p>

    <p class='ocr_par' dir='ltr' id='par_1_5' title="bbox 198 916 1205 988">
     <span class='ocr_line' id='line_1_9' title="bbox 198 916 1205 988; baseline -0.007 -15"><span class='ocrx_word' id='word_1_36' title='bbox 198 921 630 988; x_wconf 72' lang='lat' dir='ltr'><strong>Methymnaeus</strong></span> <span class='ocrx_word' id='word_1_37' title='bbox 670 920 857 977; x_wconf 86' lang='lat' dir='ltr'><strong>Arion,</strong></span> <span class='ocrx_word' id='word_1_38' title='bbox 905 916 1113 967; x_wconf 89' lang='lat' dir='ltr'><strong>Tuscul.</strong></span> <span class='ocrx_word' id='word_1_39' title='bbox 1152 919 1205 978; x_wconf 83' lang='lat'><strong>2,</strong></span> 
     </span>
    </p>

    <p class='ocr_par' dir='ltr' id='par_1_6' title="bbox 198 1028 1205 1314">
     <span class='ocr_line' id='line_1_10' title="bbox 198 1028 1205 1121; baseline -0.007 -12"><span class='ocrx_word' id='word_1_40' title='bbox 198 1028 355 1110; x_wconf 69' lang='lat' dir='ltr'><strong>Metti</strong></span> <span class='ocrx_word' id='word_1_41' title='bbox 374 1095 388 1121; x_wconf 91' lang='lat'><strong>,</strong></span> <span class='ocrx_word' id='word_1_42' title='bbox 410 1058 605 1108; x_wconf 88' lang='lat' dir='ltr'><strong>debitor</strong></span> <span class='ocrx_word' id='word_1_43' title='bbox 629 1055 901 1116; x_wconf 78' lang='lat' dir='ltr'><strong>CiceroniS,</strong></span> <span class='ocrx_word' id='word_1_44' title='bbox 918 1055 983 1104; x_wconf 88' lang='lat' dir='ltr'><strong>ad</strong></span> <span class='ocrx_word' id='word_1_45' title='bbox 1002 1057 1103 1103; x_wconf 87' lang='lat' dir='ltr'><strong>Att.</strong></span> <span class='ocrx_word' id='word_1_46' title='bbox 1125 1054 1205 1113; x_wconf 86' lang='lat'><strong>12,</strong></span> 
     </span>
     <span class='ocr_line' id='line_1_11' title="bbox 270 1125 1205 1191; baseline -0.01 -13"><span class='ocrx_word' id='word_1_47' title='bbox 270 1128 330 1191; x_wconf 86' lang='lat'><strong>3,</strong></span> <span class='ocrx_word' id='word_1_48' title='bbox 356 1131 408 1177; x_wconf 82' lang='lat'><strong>2.</strong></span> <span class='ocrx_word' id='word_1_49' title='bbox 428 1163 443 1188; x_wconf 92' lang='lat'><strong>,</strong></span> <span class='ocrx_word' id='word_1_50' title='bbox 484 1127 570 1174; x_wconf 86' lang='lat' dir='ltr'><strong>nbi</strong></span> <span class='ocrx_word' id='word_1_51' title='bbox 592 1125 905 1189; x_wconf 86' lang='lat' dir='ltr'><strong>significatur</strong></span> <span class='ocrx_word' id='word_1_52' title='bbox 922 1137 1026 1174; x_wconf 86' lang='lat' dir='ltr'><strong>una</strong></span> <span class='ocrx_word' id='word_1_53' title='bbox 1046 1130 1205 1171; x_wconf 89' lang='lat' dir='ltr'><strong>astro·</strong></span> 
     </span>
     <span class='ocr_line' id='line_1_12' title="bbox 269 1192 1202 1244; baseline -0.002 0"><span class='ocrx_word' id='word_1_54' title='bbox 269 1209 449 1244; x_wconf 86' lang='lat' dir='ltr'><strong>nomus</strong></span> <span class='ocrx_word' id='word_1_55' title='bbox 495 1193 716 1244; x_wconf 72' lang='lat' dir='ltr'><strong>Graecus</strong></span> <span class='ocrx_word' id='word_1_56' title='bbox 762 1193 937 1242; x_wconf 89' lang='lat' dir='ltr'><strong>eodem</strong></span> <span class='ocrx_word' id='word_1_57' title='bbox 980 1192 1202 1242; x_wconf 90' lang='lat' dir='ltr'><strong>nomine.</strong></span> 
     </span>
     <span class='ocr_line' id='line_1_13' title="bbox 270 1261 642 1326; baseline -0.006 -12"><span class='ocrx_word' id='word_1_58' title='bbox 270 1266 343 1318; x_wconf 91' lang='lat' dir='ltr'><strong>lb.</strong></span> <span class='ocrx_word' id='word_1_59' title='bbox 371 1264 450 1323; x_wconf 83' lang='lat'><strong>12,</strong></span> <span class='ocrx_word' id='word_1_60' title='bbox 472 1263 567 1326; x_wconf 87' lang='lat'><strong>51,</strong></span> <span class='ocrx_word' id='word_1_61' title='bbox 590 1261 642 1312; x_wconf 88' lang='grc'><strong>3.</strong></span> 
     </span>
    </p>

    <p class='ocr_par' dir='ltr' id='par_1_7' title="bbox 202 1329 1205 1736">
     <span class='ocr_line' id='line_1_14' title="bbox 202 1329 1204 1389; baseline -0.008 -3"><span class='ocrx_word' id='word_1_62' title='bbox 202 1333 436 1386; x_wconf 87' lang='lat' dir='ltr'><strong>Mctras.</strong></span> <span class='ocrx_word' id='word_1_63' title='bbox 512 1333 723 1381; x_wconf 81' lang='lat' dir='ltr'><strong>Metram</strong></span> <span class='ocrx_word' id='word_1_64' title='bbox 774 1339 822 1381; x_wconf 90' lang='lat' dir='ltr'><strong>et</strong></span> <span class='ocrx_word' id='word_1_65' title='bbox 870 1329 1204 1389; x_wconf 80' lang='lat' dir='ltr'><strong>Athenaeum,</strong></span> 
     </span>
     <span class='ocr_line' id='line_1_15' title="bbox 270 1398 1205 1467; baseline -0.001 -17"><span class='ocrx_word' id='word_1_66' title='bbox 270 1402 648 1467; x_wconf 82' lang='lat' dir='ltr'><strong>importunitate</strong></span> <span class='ocrx_word' id='word_1_67' title='bbox 680 1399 986 1450; x_wconf 81' lang='lat' dir='ltr'><strong>Athenaidis</strong></span> <span class='ocrx_word' id='word_1_68' title='bbox 1025 1398 1205 1449; x_wconf 85' lang='lat' dir='ltr'><strong>exsilio</strong></span> 
     </span>
     <span class='ocr_line' id='line_1_16' title="bbox 268 1466 1208 1533; baseline -0.007 -12"><span class='ocrx_word' id='word_1_69' title='bbox 268 1472 521 1532; x_wconf 76' lang='lat' dir='ltr'><strong>multatOS‚</strong></span> <span class='ocrx_word' id='word_1_70' title='bbox 556 1471 781 1520; x_wconf 88' lang='lat' dir='ltr'><strong>maxima</strong></span> <span class='ocrx_word' id='word_1_71' title='bbox 802 1468 940 1533; x_wconf 90' lang='lat' dir='ltr'><strong>apud</strong></span> <span class='ocrx_word' id='word_1_72' title='bbox 969 1466 1208 1516; x_wconf 78' lang='lat' dir='ltr'><strong>Ariobar-</strong></span> 
     </span>
     <span class='ocr_line' id='line_1_17' title="bbox 264 1539 1207 1604; baseline -0.007 -14"><span class='ocrx_word' id='word_1_73' title='bbox 264 1556 471 1599; x_wconf 84' lang='lat' dir='ltr'><strong>zanem,</strong></span> <span class='ocrx_word' id='word_1_74' title='bbox 511 1539 864 1604; x_wconf 78' lang='lat' dir='ltr'><strong>Cappadociae</strong></span> <span class='ocrx_word' id='word_1_75' title='bbox 885 1551 1078 1602; x_wconf 80' lang='lat' dir='ltr'><strong>regem,</strong></span> <span class='ocrx_word' id='word_1_76' title='bbox 1117 1552 1207 1585; x_wconf 89' lang='lat' dir='ltr'><strong>au-</strong></span> 
     </span>
     <span class='ocr_line' id='line_1_18' title="bbox 271 1606 1207 1672; baseline -0.007 -14"><span class='ocrx_word' id='word_1_77' title='bbox 271 1609 501 1658; x_wconf 87' lang='lat' dir='ltr'><strong>ctoritate</strong></span> <span class='ocrx_word' id='word_1_78' title='bbox 539 1609 802 1672; x_wconf 76' lang='lat' dir='ltr'><strong>gratiaque</strong></span> <span class='ocrx_word' id='word_1_79' title='bbox 825 1607 999 1657; x_wconf 89' lang='lat' dir='ltr'><strong>Cicero</strong></span> <span class='ocrx_word' id='word_1_80' title='bbox 1022 1606 1207 1654; x_wconf 89' lang='lat' dir='ltr'><strong>consti-</strong></span> 
     </span>
     <span class='ocr_line' id='line_1_19' title="bbox 270 1673 910 1736; baseline -0.002 -11"><span class='ocrx_word' id='word_1_81' title='bbox 270 1678 398 1736; x_wconf 80' lang='lat' dir='ltr'><strong>tuit,</strong></span> <span class='ocrx_word' id='word_1_82' title='bbox 441 1677 507 1725; x_wconf 84' lang='lat' dir='ltr'><strong>ad</strong></span> <span class='ocrx_word' id='word_1_83' title='bbox 538 1676 660 1727; x_wconf 81' lang='lat' dir='ltr'><strong>fam.</strong></span> <span class='ocrx_word' id='word_1_84' title='bbox 687 1675 769 1733; x_wconf 85' lang='lat'><strong>15,</strong></span> <span class='ocrx_word' id='word_1_85' title='bbox 786 1677 838 1735; x_wconf 85' lang='lat'><strong>4,</strong></span> <span class='ocrx_word' id='word_1_86' title='bbox 858 1673 910 1728; x_wconf 83' lang='lat'><strong>6.</strong></span> 
     </span>
    </p>

    <p class='ocr_par' dir='ltr' id='par_1_8' title="bbox 197 1741 1208 1947">
     <span class='ocr_line' id='line_1_20' title="bbox 197 1741 1206 1808; baseline -0.004 -14"><span class='ocrx_word' id='word_1_87' title='bbox 197 1742 484 1808; x_wconf 81' lang='lat' dir='ltr'><strong>Metrilius</strong></span> <span class='ocrx_word' id='word_1_88' title='bbox 518 1741 808 1806; x_wconf 87' lang='lat' dir='ltr'><strong>Philemo,</strong></span> <span class='ocrx_word' id='word_1_89' title='bbox 866 1757 1051 1792; x_wconf 86' lang='lat' dir='ltr'><strong>nomeu</strong></span> <span class='ocrx_word' id='word_1_90' title='bbox 1086 1743 1206 1792; x_wconf 92' lang='lat' dir='ltr'><strong>olim</strong></span> 
     </span>
     <span class='ocr_line' id='line_1_21' title="bbox 269 1811 1208 1878; baseline 0 -16"><span class='ocrx_word' id='word_1_91' title='bbox 269 1820 563 1878; x_wconf 88' lang='lat' dir='ltr'><strong>corruptum</strong></span> <span class='ocrx_word' id='word_1_92' title='bbox 595 1827 688 1877; x_wconf 88' lang='lat' dir='ltr'><strong>pro</strong></span> <span class='ocrx_word' id='word_1_93' title='bbox 717 1811 799 1863; x_wconf 88' lang='lat' dir='ltr'><strong>M.</strong></span> <span class='ocrx_word' id='word_1_94' title='bbox 825 1811 1065 1860; x_wconf 73' lang='lat' dir='ltr'><strong>Aemilius</strong></span> <span class='ocrx_word' id='word_1_95' title='bbox 1084 1811 1208 1862; x_wconf 73' lang='lat' dir='ltr'><strong>Pla·—</strong></span> 
     </span>
     <span class='ocr_line' id='line_1_22' title="bbox 266 1878 899 1947; baseline -0.005 -14"><span class='ocrx_word' id='word_1_96' title='bbox 266 1885 405 1947; x_wconf 84' lang='lat' dir='ltr'><strong>lem0,</strong></span> <span class='ocrx_word' id='word_1_97' title='bbox 426 1882 493 1932; x_wconf 89' lang='lat' dir='ltr'><strong>ad</strong></span> <span class='ocrx_word' id='word_1_98' title='bbox 510 1880 631 1932; x_wconf 82' lang='lat' dir='ltr'><strong>fam.</strong></span> <span class='ocrx_word' id='word_1_99' title='bbox 665 1881 715 1941; x_wconf 89' lang='grc'><strong>7,</strong></span> <span class='ocrx_word' id='word_1_100' title='bbox 738 1879 822 1946; x_wconf 88' lang='grc'><strong>18,</strong></span> <span class='ocrx_word' id='word_1_101' title='bbox 848 1878 899 1931; x_wconf 96' lang='grc'><strong>3.</strong></span> 
     </span>
    </p>

    <p class='ocr_par' dir='ltr' id='par_1_9' title="bbox 197 1950 1206 2224">
     <span class='ocr_line' id='line_1_23' title="bbox 197 1950 1206 2013; baseline -0.005 -10"><span class='ocrx_word' id='word_1_102' title='bbox 197 1951 555 2003; x_wconf 71' lang='lat' dir='ltr'><strong>Metrodorus</strong></span> <span class='ocrx_word' id='word_1_103' title='bbox 596 1950 783 2011; x_wconf 79' lang='lat' dir='ltr'><strong>Chius,</strong></span> <span class='ocrx_word' id='word_1_104' title='bbox 821 1950 910 2013; x_wconf 89' lang='lat' dir='ltr'><strong>qui</strong></span> <span class='ocrx_word' id='word_1_105' title='bbox 945 1950 1206 2001; x_wconf 89' lang='lat' dir='ltr'><strong>Democri-</strong></span> 
     </span>
     <span class='ocr_line' id='line_1_24' title="bbox 264 2019 1206 2078; baseline -0.001 -8"><span class='ocrx_word' id='word_1_106' title='bbox 264 2031 371 2071; x_wconf 86' lang='lat' dir='ltr'><strong>tum</strong></span> <span class='ocrx_word' id='word_1_107' title='bbox 404 2022 623 2073; x_wconf 87' lang='lat' dir='ltr'><strong>maxime</strong></span> <span class='ocrx_word' id='word_1_108' title='bbox 659 2027 734 2069; x_wconf 86' lang='lat' dir='ltr'><strong>est</strong></span> <span class='ocrx_word' id='word_1_109' title='bbox 760 2020 1067 2078; x_wconf 86' lang='lat' dir='ltr'><strong>admiratus,</strong></span> <span class='ocrx_word' id='word_1_110' title='bbox 1109 2019 1206 2069; x_wconf 89' lang='lat' dir='ltr'><strong>ini-</strong></span> 
     </span>
     <span class='ocr_line' id='line_1_25' title="bbox 266 2089 1204 2153; baseline -0.004 -14"><span class='ocrx_word' id='word_1_111' title='bbox 266 2092 337 2139; x_wconf 89' lang='lat' dir='ltr'><strong>tio</strong></span> <span class='ocrx_word' id='word_1_112' title='bbox 378 2090 497 2141; x_wconf 91' lang='lat' dir='ltr'><strong>libri</strong></span> <span class='ocrx_word' id='word_1_113' title='bbox 531 2090 595 2140; x_wconf 89' lang='lat' dir='ltr'><strong>de</strong></span> <span class='ocrx_word' id='word_1_114' title='bbox 631 2097 809 2139; x_wconf 86' lang='lat' dir='ltr'><strong>natura</strong></span> <span class='ocrx_word' id='word_1_115' title='bbox 840 2089 965 2153; x_wconf 89' lang='lat' dir='ltr'><strong>quid</strong></span> <span class='ocrx_word' id='word_1_116' title='bbox 998 2090 1204 2152; x_wconf 82' lang='lat' dir='ltr'><strong>dixerit,</strong></span> 
     </span>
     <span class='ocr_line' id='line_1_26' title="bbox 264 2156 830 2224; baseline 0 -17"><span class='ocrx_word' id='word_1_117' title='bbox 264 2159 426 2210; x_wconf 84' lang='lat' dir='ltr'><strong>Acad.</strong></span> <span class='ocrx_word' id='word_1_118' title='bbox 450 2174 529 2224; x_wconf 88' lang='lat' dir='ltr'><strong>pr.</strong></span> <span class='ocrx_word' id='word_1_119' title='bbox 550 2159 602 2220; x_wconf 93' lang='grc'><strong>2,</strong></span> <span class='ocrx_word' id='word_1_120' title='bbox 629 2158 715 2216; x_wconf 87' lang='grc'><strong>23,</strong></span> <span class='ocrx_word' id='word_1_121' title='bbox 745 2156 830 2207; x_wconf 92' lang='grc'><strong>73.</strong></span> 
     </span>
    </p>

    <p class='ocr_par' dir='ltr' id='par_1_10' title="bbox 196 2224 1206 3522">
     <span class='ocr_line' id='line_1_27' title="bbox 196 2224 1205 2291; baseline -0.002 -14"><span class='ocrx_word' id='word_1_122' title='bbox 196 2224 575 2289; x_wconf 70' lang='lat' dir='ltr'><strong>Metrodorus,</strong></span> <span class='ocrx_word' id='word_1_123' title='bbox 608 2227 896 2291; x_wconf 77' lang='lat' dir='ltr'><strong>EpicuriuS,</strong></span> <span class='ocrx_word' id='word_1_124' title='bbox 930 2224 1205 2275; x_wconf 85' lang='lat' dir='ltr'><strong>Athenien-</strong></span> 
     </span>
     <span class='ocr_line' id='line_1_28' title="bbox 267 2294 1203 2359; baseline -0.002 -14"><span class='ocrx_word' id='word_1_125' title='bbox 267 2297 339 2346; x_wconf 88' lang='lat' dir='ltr'><strong>sis</strong></span> <span class='ocrx_word' id='word_1_126' title='bbox 375 2302 567 2359; x_wconf 85' lang='lat' dir='ltr'><strong>septem</strong></span> <span class='ocrx_word' id='word_1_127' title='bbox 594 2296 742 2345; x_wconf 84' lang='lat' dir='ltr'><strong>annis</strong></span> <span class='ocrx_word' id='word_1_128' title='bbox 778 2302 896 2345; x_wconf 89' lang='lat' dir='ltr'><strong>ante</strong></span> <span class='ocrx_word' id='word_1_129' title='bbox 931 2294 1203 2359; x_wconf 87' lang='lat' dir='ltr'><strong>Epicurum</strong></span> 
     </span>
     <span class='ocr_line' id='line_1_29' title="bbox 265 2362 1204 2416; baseline -0.003 -2"><span class='ocrx_word' id='word_1_130' title='bbox 265 2371 490 2414; x_wconf 87' lang='lat' dir='ltr'><strong>mortuus</strong></span> <span class='ocrx_word' id='word_1_131' title='bbox 520 2380 569 2414; x_wconf 90' lang='lat' dir='ltr'><strong>a.</strong></span> <span class='ocrx_word' id='word_1_132' title='bbox 602 2371 720 2413; x_wconf 88' lang='lat' dir='ltr'><strong>ante</strong></span> <span class='ocrx_word' id='word_1_133' title='bbox 756 2362 873 2413; x_wconf 88' lang='lat' dir='ltr'><strong>Chr.</strong></span> <span class='ocrx_word' id='word_1_134' title='bbox 898 2378 948 2416; x_wconf 88' lang='lat' dir='ltr'><strong>n.</strong></span> <span class='ocrx_word' id='word_1_135' title='bbox 979 2363 1100 2414; x_wconf 88' lang='grc'><strong>277.</strong></span> <span class='ocrx_word' id='word_1_136' title='bbox 1138 2390 1204 2399; x_wconf 89' lang='lat'><strong>--</strong></span> 
     </span>
     <span class='ocr_line' id='line_1_30' title="bbox 265 2432 1204 2498; baseline -0.001 -15"><span class='ocrx_word' id='word_1_137' title='bbox 265 2434 601 2495; x_wconf 84' lang='lat' dir='ltr'><strong>Metrodorus,</strong></span> <span class='ocrx_word' id='word_1_138' title='bbox 615 2447 778 2498; x_wconf 88' lang='lat' dir='ltr'><strong>paene</strong></span> <span class='ocrx_word' id='word_1_139' title='bbox 798 2432 925 2481; x_wconf 88' lang='lat' dir='ltr'><strong>alter</strong></span> <span class='ocrx_word' id='word_1_140' title='bbox 937 2432 1204 2497; x_wconf 86' lang='lat' dir='ltr'><strong>Epicurus,</strong></span> 
     </span>
     <span class='ocr_line' id='line_1_31' title="bbox 267 2501 1207 2565; baseline -0.002 -14"><span class='ocrx_word' id='word_1_141' title='bbox 267 2504 450 2565; x_wconf 87' lang='lat' dir='ltr'><strong>quibus</strong></span> <span class='ocrx_word' id='word_1_142' title='bbox 471 2503 638 2552; x_wconf 86' lang='lat' dir='ltr'><strong>verbis</strong></span> <span class='ocrx_word' id='word_1_143' title='bbox 657 2505 859 2552; x_wconf 88' lang='lat' dir='ltr'><strong>beatum</strong></span> <span class='ocrx_word' id='word_1_144' title='bbox 880 2515 991 2550; x_wconf 87' lang='lat' dir='ltr'><strong>esse</strong></span> <span class='ocrx_word' id='word_1_145' title='bbox 1015 2501 1207 2551; x_wconf 89' lang='lat' dir='ltr'><strong>descri-</strong></span> 
     </span>
     <span class='ocr_line' id='line_1_32' title="bbox 267 2568 1203 2635; baseline 0 -14"><span class='ocrx_word' id='word_1_146' title='bbox 267 2574 376 2632; x_wconf 84' lang='lat' dir='ltr'><strong>bat,</strong></span> <span class='ocrx_word' id='word_1_147' title='bbox 414 2572 580 2621; x_wconf 87' lang='lat' dir='ltr'><strong>defin.</strong></span> <span class='ocrx_word' id='word_1_148' title='bbox 604 2573 654 2635; x_wconf 91' lang='grc'><strong>2,</strong></span> <span class='ocrx_word' id='word_1_149' title='bbox 694 2570 782 2628; x_wconf 87' lang='grc'><strong>28,</strong></span> <span class='ocrx_word' id='word_1_150' title='bbox 816 2569 902 2624; x_wconf 87' lang='grc'><strong>92.</strong></span> <span class='ocrx_word' id='word_1_151' title='bbox 942 2571 1012 2623; x_wconf 88' lang='lat' dir='ltr'><strong>lb.</strong></span> <span class='ocrx_word' id='word_1_152' title='bbox 1034 2570 1084 2630; x_wconf 90' lang='grc'><strong>2,</strong></span> <span class='ocrx_word' id='word_1_153' title='bbox 1116 2568 1203 2629; x_wconf 92' lang='grc'><strong>30,</strong></span> 
     </span>
     <span class='ocr_line' id='line_1_33' title="bbox 262 2637 1205 2701; baseline -0.005 -8"><span class='ocrx_word' id='word_1_154' title='bbox 262 2638 351 2693; x_wconf 79' lang='grc'><strong>99.</strong></span> <span class='ocrx_word' id='word_1_155' title='bbox 390 2641 463 2689; x_wconf 90' lang='lat' dir='ltr'><strong>Ib.</strong></span> <span class='ocrx_word' id='word_1_156' title='bbox 485 2640 536 2699; x_wconf 92' lang='grc'><strong>2,</strong></span> <span class='ocrx_word' id='word_1_157' title='bbox 558 2638 643 2701; x_wconf 88' lang='grc'><strong>31,</strong></span> <span class='ocrx_word' id='word_1_158' title='bbox 668 2637 783 2688; x_wconf 93' lang='grc'><strong>101.</strong></span> <span class='ocrx_word' id='word_1_159' title='bbox 800 2638 1205 2689; x_wconf 86' lang='lat' dir='ltr'><strong>—Metrodorus</strong></span> 
     </span>
     <span class='ocr_line' id='line_1_34' title="bbox 266 2706 1205 2773; baseline 0.001 -17"><span class='ocrx_word' id='word_1_160' title='bbox 266 2708 495 2773; x_wconf 80' lang='lat' dir='ltr'><strong>perfecte</strong></span> <span class='ocrx_word' id='word_1_161' title='bbox 519 2723 633 2757; x_wconf 89' lang='lat' dir='ltr'><strong>eum</strong></span> <span class='ocrx_word' id='word_1_162' title='bbox 667 2713 811 2771; x_wconf 90' lang='lat' dir='ltr'><strong>putat</strong></span> <span class='ocrx_word' id='word_1_163' title='bbox 846 2706 1050 2758; x_wconf 89' lang='lat' dir='ltr'><strong>beatum</strong></span> <span class='ocrx_word' id='word_1_164' title='bbox 1070 2745 1083 2766; x_wconf 89' lang='lat'><strong>,</strong></span> <span class='ocrx_word' id='word_1_165' title='bbox 1120 2710 1205 2757; x_wconf 88' lang='lat' dir='ltr'><strong>cui</strong></span> 
     </span>
     <span class='ocr_line' id='line_1_35' title="bbox 266 2776 1206 2842; baseline 0.002 -17"><span class='ocrx_word' id='word_1_166' title='bbox 266 2790 451 2839; x_wconf 84' lang='lat' dir='ltr'><strong>corpus</strong></span> <span class='ocrx_word' id='word_1_167' title='bbox 466 2776 592 2825; x_wconf 85' lang='lat' dir='ltr'><strong>bene</strong></span> <span class='ocrx_word' id='word_1_168' title='bbox 616 2776 941 2825; x_wconf 86' lang='lat' dir='ltr'><strong>constitutum</strong></span> <span class='ocrx_word' id='word_1_169' title='bbox 961 2784 1009 2826; x_wconf 85' lang='lat' dir='ltr'><strong>et</strong></span> <span class='ocrx_word' id='word_1_170' title='bbox 1030 2777 1206 2842; x_wconf 89' lang='lat' dir='ltr'><strong>explo-</strong></span> 
     </span>
     <span class='ocr_line' id='line_1_36' title="bbox 268 2844 1200 2909; baseline 0.005 -16"><span class='ocrx_word' id='word_1_171' title='bbox 268 2853 434 2893; x_wconf 85' lang='lat' dir='ltr'><strong>ratum</strong></span> <span class='ocrx_word' id='word_1_172' title='bbox 456 2846 522 2893; x_wconf 89' lang='lat' dir='ltr'><strong>sit</strong></span> <span class='ocrx_word' id='word_1_173' title='bbox 541 2844 613 2893; x_wconf 86' lang='lat' dir='ltr'><strong>ita</strong></span> <span class='ocrx_word' id='word_1_174' title='bbox 632 2859 836 2909; x_wconf 90' lang='lat' dir='ltr'><strong>semper</strong></span> <span class='ocrx_word' id='word_1_175' title='bbox 850 2844 973 2906; x_wconf 75' lang='lat' dir='ltr'><strong>sore,</strong></span> <span class='ocrx_word' id='word_1_176' title='bbox 994 2846 1200 2898; x_wconf 86' lang='lat' dir='ltr'><strong>Tuscul.</strong></span> 
     </span>
     <span class='ocr_line' id='line_1_37' title="bbox 270 2911 1204 2979; baseline 0 -16"><span class='ocrx_word' id='word_1_177' title='bbox 270 2917 321 2973; x_wconf 90' lang='grc'><strong>2,</strong></span> <span class='ocrx_word' id='word_1_178' title='bbox 346 2912 399 2976; x_wconf 87' lang='grc'><strong>6,</strong></span> <span class='ocrx_word' id='word_1_179' title='bbox 425 2911 508 2963; x_wconf 90' lang='grc'><strong>17.</strong></span> <span class='ocrx_word' id='word_1_180' title='bbox 526 2938 596 2951; x_wconf 86' lang='lat'><strong>—-</strong></span> <span class='ocrx_word' id='word_1_181' title='bbox 618 2912 961 2964; x_wconf 85' lang='lat' dir='ltr'><strong>Metrodorum</strong></span> <span class='ocrx_word' id='word_1_182' title='bbox 988 2929 1087 2964; x_wconf 87' lang='lat' dir='ltr'><strong>non</strong></span> <span class='ocrx_word' id='word_1_183' title='bbox 1111 2929 1204 2979; x_wconf 88' lang='lat' dir='ltr'><strong>pu-</strong></span> 
     </span>
     <span class='ocr_line' id='line_1_38' title="bbox 269 2982 1204 3050; baseline 0 -19"><span class='ocrx_word' id='word_1_184' title='bbox 269 2990 341 3031; x_wconf 90' lang='lat' dir='ltr'><strong>tat</strong></span> <span class='ocrx_word' id='word_1_185' title='bbox 385 2982 557 3032; x_wconf 87' lang='lat' dir='ltr'><strong>Cicero</strong></span> <span class='ocrx_word' id='word_1_186' title='bbox 605 2982 771 3047; x_wconf 88' lang='lat' dir='ltr'><strong>ipsum</strong></span> <span class='ocrx_word' id='word_1_187' title='bbox 819 2984 1110 3050; x_wconf 81' lang='lat' dir='ltr'><strong>professum</strong></span> <span class='ocrx_word' id='word_1_188' title='bbox 1146 2998 1204 3032; x_wconf 87' lang='lat' dir='ltr'><strong>se</strong></span> 
     </span>
     <span class='ocr_line' id='line_1_39' title="bbox 268 3052 1203 3116; baseline 0 -15"><span class='ocrx_word' id='word_1_189' title='bbox 268 3066 380 3101; x_wconf 83' lang='lat' dir='ltr'><strong>esse</strong></span> <span class='ocrx_word' id='word_1_190' title='bbox 405 3052 717 3116; x_wconf 84' lang='lat' dir='ltr'><strong>sapientem,</strong></span> <span class='ocrx_word' id='word_1_191' title='bbox 756 3053 874 3113; x_wconf 89' lang='lat' dir='ltr'><strong>sed,</strong></span> <span class='ocrx_word' id='word_1_192' title='bbox 915 3066 1069 3114; x_wconf 88' lang='lat' dir='ltr'><strong>quum</strong></span> <span class='ocrx_word' id='word_1_193' title='bbox 1110 3066 1203 3115; x_wconf 91' lang='lat' dir='ltr'><strong>ap-</strong></span> 
     </span>
     <span class='ocr_line' id='line_1_40' title="bbox 266 3120 1202 3186; baseline -0.003 -17"><span class='ocrx_word' id='word_1_194' title='bbox 266 3120 539 3184; x_wconf 88' lang='lat' dir='ltr'><strong>pellaretur</strong></span> <span class='ocrx_word' id='word_1_195' title='bbox 560 3120 623 3170; x_wconf 90' lang='lat' dir='ltr'><strong>ab</strong></span> <span class='ocrx_word' id='word_1_196' title='bbox 642 3120 864 3186; x_wconf 88' lang='lat' dir='ltr'><strong>Epicuro</strong></span> <span class='ocrx_word' id='word_1_197' title='bbox 882 3156 898 3185; x_wconf 92' lang='lat'><strong>,</strong></span> <span class='ocrx_word' id='word_1_198' title='bbox 929 3120 1202 3184; x_wconf 80' lang='lat' dir='ltr'><strong>repudiare</strong></span> 
     </span>
     <span class='ocr_line' id='line_1_41' title="bbox 264 3187 1203 3247; baseline 0.002 -12"><span class='ocrx_word' id='word_1_199' title='bbox 264 3195 457 3237; x_wconf 82' lang='lat' dir='ltr'><strong>tanturn</strong></span> <span class='ocrx_word' id='word_1_200' title='bbox 508 3188 807 3239; x_wconf 79' lang='lat' dir='ltr'><strong>beneficium</strong></span> <span class='ocrx_word' id='word_1_201' title='bbox 846 3187 1103 3247; x_wconf 88' lang='lat' dir='ltr'><strong>noluisse,</strong></span> <span class='ocrx_word' id='word_1_202' title='bbox 1139 3189 1203 3237; x_wconf 93' lang='lat' dir='ltr'><strong>de</strong></span> 
     </span>
     <span class='ocr_line' id='line_1_42' title="bbox 268 3256 1203 3318; baseline 0.002 -14"><span class='ocrx_word' id='word_1_203' title='bbox 268 3256 356 3309; x_wconf 82' lang='lat' dir='ltr'><strong>fin.</strong></span> <span class='ocrx_word' id='word_1_204' title='bbox 379 3258 431 3318; x_wconf 90' lang='grc'><strong>2,</strong></span> <span class='ocrx_word' id='word_1_205' title='bbox 454 3256 503 3317; x_wconf 87' lang='grc'><strong>3,</strong></span> <span class='ocrx_word' id='word_1_206' title='bbox 528 3258 576 3305; x_wconf 90' lang='grc'><strong>7.</strong></span> <span class='ocrx_word' id='word_1_207' title='bbox 608 3283 676 3293; x_wconf 91' lang='lat'><strong>-·</strong></span> <span class='ocrx_word' id='word_1_208' title='bbox 705 3257 927 3306; x_wconf 83' lang='lat' dir='ltr'><strong>Accusat</strong></span> <span class='ocrx_word' id='word_1_209' title='bbox 946 3256 1203 3307; x_wconf 86' lang='lat' dir='ltr'><strong>Timocra-</strong></span> 
     </span>
     <span class='ocr_line' id='line_1_43' title="bbox 263 3324 1202 3387; baseline 0.001 -14"><span class='ocrx_word' id='word_1_210' title='bbox 263 3336 399 3385; x_wconf 82' lang='lat' dir='ltr'><strong>tem,</strong></span> <span class='ocrx_word' id='word_1_211' title='bbox 436 3324 641 3373; x_wconf 83' lang='lat' dir='ltr'><strong>fratrem</strong></span> <span class='ocrx_word' id='word_1_212' title='bbox 670 3339 847 3385; x_wconf 89' lang='lat' dir='ltr'><strong>suum,</strong></span> <span class='ocrx_word' id='word_1_213' title='bbox 881 3325 1019 3387; x_wconf 90' lang='lat' dir='ltr'><strong>quod</strong></span> <span class='ocrx_word' id='word_1_214' title='bbox 1054 3325 1202 3374; x_wconf 91' lang='lat' dir='ltr'><strong>dubi-</strong></span> 
     </span>
     <span class='ocr_line' id='line_1_44' title="bbox 260 3392 1197 3455; baseline 0 -14"><span class='ocrx_word' id='word_1_215' title='bbox 260 3402 337 3441; x_wconf 77' lang='lat' dir='ltr'><strong>tet</strong></span> <span class='ocrx_word' id='word_1_216' title='bbox 358 3393 555 3455; x_wconf 87' lang='lat' dir='ltr'><strong>omnia,</strong></span> <span class='ocrx_word' id='word_1_217' title='bbox 594 3406 724 3454; x_wconf 82' lang='lat' dir='ltr'><strong>quae</strong></span> <span class='ocrx_word' id='word_1_218' title='bbox 742 3393 807 3442; x_wconf 89' lang='lat' dir='ltr'><strong>ad</strong></span> <span class='ocrx_word' id='word_1_219' title='bbox 824 3392 1024 3442; x_wconf 87' lang='lat' dir='ltr'><strong>beatam</strong></span> <span class='ocrx_word' id='word_1_220' title='bbox 1042 3394 1197 3443; x_wconf 83' lang='lat' dir='ltr'><strong>vitam</strong></span> 
     </span>
     <span class='ocr_line' id='line_1_45' title="bbox 266 3459 1195 3522; baseline 0.005 -16"><span class='ocrx_word' id='word_1_221' title='bbox 266 3459 578 3522; x_wconf 83' lang='lat' dir='ltr'><strong>pertineant,</strong></span> <span class='ocrx_word' id='word_1_222' title='bbox 610 3467 785 3511; x_wconf 81' lang='lat' dir='ltr'><strong>ventre</strong></span> <span class='ocrx_word' id='word_1_223' title='bbox 822 3461 1016 3520; x_wconf 87' lang='lat' dir='ltr'><strong>metiri,</strong></span> <span class='ocrx_word' id='word_1_224' title='bbox 1056 3461 1119 3510; x_wconf 89' lang='lat' dir='ltr'><strong>de</strong></span> <span class='ocrx_word' id='word_1_225' title='bbox 1146 3476 1195 3511; x_wconf 88' lang='lat' dir='ltr'><strong>n.</strong></span> 
     </span>
    </p>
   </div>
   <div class='ocr_carea' id='block_1_3' title="bbox 899 213 1577 262">
    <p class='ocr_par' dir='ltr' id='par_1_11' title="bbox 899 213 1577 262">
     <span class='ocr_line' id='line_1_46' title="bbox 899 213 1577 262; baseline 0.001 -2"><span class='ocrx_word' id='word_1_226' title='bbox 899 213 1229 260; x_wconf 78' lang='lat' dir='ltr'><strong>METELLA</strong></span> <span class='ocrx_word' id='word_1_227' title='bbox 1254 235 1337 247; x_wconf 72' lang='lat'><strong>--·</strong></span> <span class='ocrx_word' id='word_1_228' title='bbox 1358 213 1577 262; x_wconf 79' lang='lat' dir='ltr'><strong>mom.</strong></span> 
     </span>
    </p>
   </div>
   <div class='ocr_carea' id='block_1_4' title="bbox 1345 368 2294 1257">
    <p class='ocr_par' dir='ltr' id='par_1_12' title="bbox 1345 368 2294 1257">
     <span class='ocr_line' id='line_1_47' title="bbox 1349 368 2290 434; baseline 0 -14"><span class='ocrx_word' id='word_1_229' title='bbox 1349 371 1398 424; x_wconf 84' lang='lat' dir='ltr'><strong>d.</strong></span> <span class='ocrx_word' id='word_1_230' title='bbox 1425 370 1473 431; x_wconf 92' lang='grc'><strong>1,</strong></span> <span class='ocrx_word' id='word_1_231' title='bbox 1493 371 1580 434; x_wconf 85' lang='grc'><strong>40,</strong></span> <span class='ocrx_word' id='word_1_232' title='bbox 1609 368 1720 420; x_wconf 87' lang='grc'><strong>113.</strong></span> <span class='ocrx_word' id='word_1_233' title='bbox 1741 395 1811 406; x_wconf 89' lang='lat'><em>—-—-</em></span> <span class='ocrx_word' id='word_1_234' title='bbox 1828 370 2146 420; x_wconf 84' lang='lat' dir='ltr'><strong>Metrodorus</strong></span> <span class='ocrx_word' id='word_1_235' title='bbox 2181 385 2290 420; x_wconf 90' lang='lat' dir='ltr'><strong>me·-</strong></span> 
     </span>
     <span class='ocr_line' id='line_1_48' title="bbox 1347 439 2293 504; baseline 0.001 -17"><span class='ocrx_word' id='word_1_236' title='bbox 1347 439 1562 489; x_wconf 86' lang='lat' dir='ltr'><strong>lioribus</strong></span> <span class='ocrx_word' id='word_1_237' title='bbox 1603 440 1752 488; x_wconf 88' lang='lat' dir='ltr'><strong>etiam</strong></span> <span class='ocrx_word' id='word_1_238' title='bbox 1786 439 1955 488; x_wconf 84' lang='lat' dir='ltr'><strong>verbis</strong></span> <span class='ocrx_word' id='word_1_239' title='bbox 1988 453 2140 500; x_wconf 89' lang='lat' dir='ltr'><strong>quam</strong></span> <span class='ocrx_word' id='word_1_240' title='bbox 2161 439 2293 504; x_wconf 87' lang='lat' dir='ltr'><strong>Epi-</strong></span> 
     </span>
     <span class='ocr_line' id='line_1_49' title="bbox 1347 506 2294 572; baseline 0.001 -16"><span class='ocrx_word' id='word_1_241' title='bbox 1347 523 1498 557; x_wconf 90' lang='lat' dir='ltr'><strong>curus</strong></span> <span class='ocrx_word' id='word_1_242' title='bbox 1517 513 1536 540; x_wconf 48' lang='grc' dir='ltr'>ἲ</span> <span class='ocrx_word' id='word_1_243' title='bbox 1555 506 1812 572; x_wconf 87' lang='lat' dir='ltr'><strong>Occupavi</strong></span> <span class='ocrx_word' id='word_1_244' title='bbox 1838 515 1915 568; x_wconf 88' lang='lat' dir='ltr'><strong>te,</strong></span> <span class='ocrx_word' id='word_1_245' title='bbox 1957 509 2145 569; x_wconf 86' lang='lat' dir='ltr'><strong>inquit,</strong></span> <span class='ocrx_word' id='word_1_246' title='bbox 2181 507 2294 558; x_wconf 84' lang='lat' dir='ltr'><strong>for-</strong></span> 
     </span>
     <span class='ocr_line' id='line_1_50' title="bbox 1345 577 2293 641; baseline 0.002 -17"><span class='ocrx_word' id='word_1_247' title='bbox 1345 584 1486 633; x_wconf 85' lang='lat' dir='ltr'><strong>tuna,</strong></span> <span class='ocrx_word' id='word_1_248' title='bbox 1509 583 1659 639; x_wconf 89' lang='lat' dir='ltr'><strong>atque</strong></span> <span class='ocrx_word' id='word_1_249' title='bbox 1682 577 1795 641; x_wconf 89' lang='lat' dir='ltr'><strong>cepi</strong></span> <span class='ocrx_word' id='word_1_250' title='bbox 1823 591 2096 638; x_wconf 89' lang='lat' dir='ltr'><strong>omnesque</strong></span> <span class='ocrx_word' id='word_1_251' title='bbox 2115 577 2293 627; x_wconf 87' lang='lat' dir='ltr'><strong>aditus</strong></span> 
     </span>
     <span class='ocr_line' id='line_1_51' title="bbox 1345 645 2292 708; baseline 0.003 -15"><span class='ocrx_word' id='word_1_252' title='bbox 1345 654 1462 694; x_wconf 89' lang='lat' dir='ltr'><strong>tuos</strong></span> <span class='ocrx_word' id='word_1_253' title='bbox 1482 645 1758 706; x_wconf 86' lang='lat' dir='ltr'><strong>interclusi,</strong></span> <span class='ocrx_word' id='word_1_254' title='bbox 1779 656 1836 694; x_wconf 91' lang='lat' dir='ltr'><strong>ut</strong></span> <span class='ocrx_word' id='word_1_255' title='bbox 1865 645 1931 694; x_wconf 89' lang='lat' dir='ltr'><strong>ad</strong></span> <span class='ocrx_word' id='word_1_256' title='bbox 1949 660 2031 694; x_wconf 89' lang='lat' dir='ltr'><strong>me</strong></span> <span class='ocrx_word' id='word_1_257' title='bbox 2052 646 2292 708; x_wconf 85' lang='lat' dir='ltr'><strong>aspirare</strong></span> 
     </span>
     <span class='ocr_line' id='line_1_52' title="bbox 1348 713 2290 778; baseline 0.005 -17"><span class='ocrx_word' id='word_1_258' title='bbox 1348 727 1449 762; x_wconf 90' lang='lat' dir='ltr'><strong>non</strong></span> <span class='ocrx_word' id='word_1_259' title='bbox 1470 718 1694 778; x_wconf 88' lang='lat' dir='ltr'><strong>posses’,</strong></span> <span class='ocrx_word' id='word_1_260' title='bbox 1735 714 1940 763; x_wconf 88' lang='lat' dir='ltr'><strong>Tuscul.</strong></span> <span class='ocrx_word' id='word_1_261' title='bbox 1960 715 2011 772; x_wconf 86' lang='lat'><strong>5,</strong></span> <span class='ocrx_word' id='word_1_262' title='bbox 2029 713 2082 775; x_wconf 85' lang='lat'><strong>9,</strong></span> <span class='ocrx_word' id='word_1_263' title='bbox 2102 715 2194 766; x_wconf 89' lang='grc'><strong>27.</strong></span> <span class='ocrx_word' id='word_1_264' title='bbox 2220 742 2290 751; x_wconf 93' lang='lat'><strong>—-</strong></span> 
     </span>
     <span class='ocr_line' id='line_1_53' title="bbox 1346 781 2291 847; baseline 0.003 -18"><span class='ocrx_word' id='word_1_265' title='bbox 1346 781 1688 832; x_wconf 87' lang='lat' dir='ltr'><strong>Metrodorum</strong></span> <span class='ocrx_word' id='word_1_266' title='bbox 1703 790 1753 831; x_wconf 92' lang='lat' dir='ltr'><strong>et</strong></span> <span class='ocrx_word' id='word_1_267' title='bbox 1765 782 2042 847; x_wconf 90' lang='lat' dir='ltr'><strong>Epicurum</strong></span> <span class='ocrx_word' id='word_1_268' title='bbox 2064 797 2167 831; x_wconf 88' lang='lat' dir='ltr'><strong>non</strong></span> <span class='ocrx_word' id='word_1_269' title='bbox 2178 782 2291 832; x_wconf 82' lang='lat' dir='ltr'><strong>fere</strong></span> 
     </span>
     <span class='ocr_line' id='line_1_54' title="bbox 1345 853 2290 914; baseline 0.003 -16"><span class='ocrx_word' id='word_1_270' title='bbox 1345 859 1549 914; x_wconf 84' lang='lat' dir='ltr'><strong>praeter</strong></span> <span class='ocrx_word' id='word_1_271' title='bbox 1583 865 1705 902; x_wconf 86' lang='lat' dir='ltr'><strong>suos</strong></span> <span class='ocrx_word' id='word_1_272' title='bbox 1733 853 2004 914; x_wconf 85' lang='lat' dir='ltr'><strong>quisquam</strong></span> <span class='ocrx_word' id='word_1_273' title='bbox 2031 853 2083 899; x_wconf 86' lang='lat' dir='ltr'><strong>in</strong></span> <span class='ocrx_word' id='word_1_274' title='bbox 2103 865 2290 901; x_wconf 87' lang='lat' dir='ltr'><strong>manus</strong></span> 
     </span>
     <span class='ocr_line' id='line_1_55' title="bbox 1345 918 2287 981; baseline 0.001 -13"><span class='ocrx_word' id='word_1_275' title='bbox 1345 920 1529 981; x_wconf 89' lang='lat' dir='ltr'><strong>sumit,</strong></span> <span class='ocrx_word' id='word_1_276' title='bbox 1565 919 1773 970; x_wconf 89' lang='lat' dir='ltr'><strong>Tuscul.</strong></span> <span class='ocrx_word' id='word_1_277' title='bbox 1798 921 1851 979; x_wconf 91' lang='grc'><strong>2,</strong></span> <span class='ocrx_word' id='word_1_278' title='bbox 1871 918 1922 980; x_wconf 88' lang='grc'><strong>3,</strong></span> <span class='ocrx_word' id='word_1_279' title='bbox 1941 920 1993 971; x_wconf 91' lang='grc'><strong>8.</strong></span> <span class='ocrx_word' id='word_1_280' title='bbox 2051 919 2117 973; x_wconf 90' lang='lat' dir='ltr'><strong>cl.</strong></span> <span class='ocrx_word' id='word_1_281' title='bbox 2145 921 2210 970; x_wconf 87' lang='lat' dir='ltr'><strong>de</strong></span> <span class='ocrx_word' id='word_1_282' title='bbox 2235 936 2287 970; x_wconf 89' lang='lat' dir='ltr'><strong>n.</strong></span> 
     </span>
     <span class='ocr_line' id='line_1_56' title="bbox 1345 987 2292 1056; baseline 0.003 -20"><span class='ocrx_word' id='word_1_283' title='bbox 1345 989 1398 1040; x_wconf 91' lang='lat' dir='ltr'><strong>d.</strong></span> <span class='ocrx_word' id='word_1_284' title='bbox 1425 989 1473 1048; x_wconf 94' lang='lat'><strong>1,</strong></span> <span class='ocrx_word' id='word_1_285' title='bbox 1495 989 1578 1049; x_wconf 85' lang='lat'><strong>31,</strong></span> <span class='ocrx_word' id='word_1_286' title='bbox 1611 988 1696 1039; x_wconf 88' lang='grc'><strong>86.</strong></span> <span class='ocrx_word' id='word_1_287' title='bbox 1725 1014 1793 1025; x_wconf 91' lang='grc'><strong>-</strong></span> <span class='ocrx_word' id='word_1_288' title='bbox 1828 987 2010 1038; x_wconf 87' lang='lat' dir='ltr'><strong>Contra</strong></span> <span class='ocrx_word' id='word_1_289' title='bbox 2029 989 2292 1056; x_wconf 69' lang='lat' dir='ltr'><strong>Pythago-</strong></span> 
     </span>
     <span class='ocr_line' id='line_1_57' title="bbox 1345 1057 2292 1124; baseline 0.003 -19"><span class='ocrx_word' id='word_1_290' title='bbox 1345 1072 1453 1106; x_wconf 88' lang='lat' dir='ltr'><strong>ram</strong></span> <span class='ocrx_word' id='word_1_291' title='bbox 1473 1096 1486 1118; x_wconf 94' lang='lat'><strong>,</strong></span> <span class='ocrx_word' id='word_1_292' title='bbox 1522 1057 1784 1108; x_wconf 89' lang='lat' dir='ltr'><strong>Platonem</strong></span> <span class='ocrx_word' id='word_1_293' title='bbox 1824 1057 2292 1124; x_wconf 87' lang='lat' dir='ltr'><strong>Empedoclemque</strong></span> 
     </span>
     <span class='ocr_line' id='line_1_58' title="bbox 1348 1125 2290 1190; baseline 0.002 -16"><span class='ocrx_word' id='word_1_294' title='bbox 1348 1126 1504 1184; x_wconf 79' lang='lat' dir='ltr'><strong>dixit,</strong></span> <span class='ocrx_word' id='word_1_295' title='bbox 1541 1127 1615 1179; x_wconf 89' lang='lat' dir='ltr'><strong>lb.</strong></span> <span class='ocrx_word' id='word_1_296' title='bbox 1639 1126 1666 1176; x_wconf 93' lang='grc'><strong>1</strong></span> <span class='ocrx_word' id='word_1_297' title='bbox 1682 1161 1696 1190; x_wconf 93' lang='grc'><strong>,</strong></span> <span class='ocrx_word' id='word_1_298' title='bbox 1719 1125 1816 1186; x_wconf 75' lang='lat'><strong>33:</strong></span> <span class='ocrx_word' id='word_1_299' title='bbox 1829 1125 1916 1178; x_wconf 85' lang='grc'><strong>93.</strong></span> <span class='ocrx_word' id='word_1_300' title='bbox 1937 1153 2010 1164; x_wconf 92' lang='lat'><strong>--</strong></span> <span class='ocrx_word' id='word_1_301' title='bbox 2035 1127 2290 1176; x_wconf 86' lang='lat' dir='ltr'><strong>Memora-</strong></span> 
     </span>
     <span class='ocr_line' id='line_1_59' title="bbox 1345 1193 2140 1257; baseline 0.006 -15"><span class='ocrx_word' id='word_1_302' title='bbox 1345 1202 1428 1243; x_wconf 90' lang='lat' dir='ltr'><strong>tur</strong></span> <span class='ocrx_word' id='word_1_303' title='bbox 1448 1194 1600 1244; x_wconf 84' lang='lat' dir='ltr'><strong>etiam</strong></span> <span class='ocrx_word' id='word_1_304' title='bbox 1619 1193 1821 1246; x_wconf 86' lang='lat' dir='ltr'><strong>Tuscul.</strong></span> <span class='ocrx_word' id='word_1_305' title='bbox 1841 1195 1893 1256; x_wconf 84' lang='lat'><strong>5,</strong></span> <span class='ocrx_word' id='word_1_306' title='bbox 1914 1193 2000 1257; x_wconf 82' lang='lat'><strong>37,</strong></span> <span class='ocrx_word' id='word_1_307' title='bbox 2024 1193 2140 1248; x_wconf 89' lang='grc'><strong>108.</strong></span> 
     </span>
    </p>
   </div>
   <div class='ocr_carea' id='block_1_5' title="bbox 1277 1277 2294 1966">
    <p class='ocr_par' dir='ltr' id='par_1_13' title="bbox 1277 1277 2294 1966">
     <span class='ocr_line' id='line_1_60' title="bbox 1277 1277 2294 1348; baseline 0.002 -18"><span class='ocrx_word' id='word_1_308' title='bbox 1277 1277 1636 1332; x_wconf 79' lang='lat' dir='ltr'><strong>Metrodorus</strong></span> <span class='ocrx_word' id='word_1_309' title='bbox 1686 1280 1963 1348; x_wconf 87' lang='lat' dir='ltr'><strong>Scepsius,</strong></span> <span class='ocrx_word' id='word_1_310' title='bbox 2019 1282 2194 1331; x_wconf 82' lang='lat' dir='ltr'><strong>rhetor</strong></span> <span class='ocrx_word' id='word_1_311' title='bbox 2239 1291 2294 1332; x_wconf 78' lang='lat' dir='ltr'><strong>et</strong></span> 
     </span>
     <span class='ocr_line' id='line_1_61' title="bbox 1347 1349 2292 1414; baseline 0.003 -16"><span class='ocrx_word' id='word_1_312' title='bbox 1347 1349 1684 1414; x_wconf 87' lang='lat' dir='ltr'><strong>philosophus</strong></span> <span class='ocrx_word' id='word_1_313' title='bbox 1719 1351 2090 1414; x_wconf 86' lang='lat' dir='ltr'><strong>Academicus,</strong></span> <span class='ocrx_word' id='word_1_314' title='bbox 2133 1359 2292 1401; x_wconf 82' lang='lat' dir='ltr'><strong>natus</strong></span> 
     </span>
     <span class='ocr_line' id='line_1_62' title="bbox 1347 1418 2292 1474; baseline 0.003 -7"><span class='ocrx_word' id='word_1_315' title='bbox 1347 1421 1483 1468; x_wconf 87' lang='lat' dir='ltr'><strong>circa</strong></span> <span class='ocrx_word' id='word_1_316' title='bbox 1500 1433 1547 1468; x_wconf 90' lang='lat' dir='ltr'><strong>a.</strong></span> <span class='ocrx_word' id='word_1_317' title='bbox 1571 1425 1686 1469; x_wconf 89' lang='lat' dir='ltr'><strong>ante</strong></span> <span class='ocrx_word' id='word_1_318' title='bbox 1702 1418 1819 1472; x_wconf 88' lang='lat' dir='ltr'><strong>Chr.</strong></span> <span class='ocrx_word' id='word_1_319' title='bbox 1839 1435 1891 1469; x_wconf 91' lang='lat' dir='ltr'><strong>n.</strong></span> <span class='ocrx_word' id='word_1_320' title='bbox 1913 1419 2032 1474; x_wconf 90' lang='grc'><strong>160.</strong></span> <span class='ocrx_word' id='word_1_321' title='bbox 2053 1445 2124 1457; x_wconf 93' lang='lat'><strong>-—</strong></span> <span class='ocrx_word' id='word_1_322' title='bbox 2139 1419 2292 1470; x_wconf 88' lang='lat' dir='ltr'><strong>Sum-</strong></span> 
     </span>
     <span class='ocr_line' id='line_1_63' title="bbox 1348 1487 2292 1554; baseline 0.003 -18"><span class='ocrx_word' id='word_1_323' title='bbox 1348 1504 1461 1536; x_wconf 89' lang='lat' dir='ltr'><strong>mus</strong></span> <span class='ocrx_word' id='word_1_324' title='bbox 1496 1487 1650 1537; x_wconf 89' lang='lat' dir='ltr'><strong>homo</strong></span> <span class='ocrx_word' id='word_1_325' title='bbox 1688 1494 1738 1537; x_wconf 91' lang='lat' dir='ltr'><strong>et</strong></span> <span class='ocrx_word' id='word_1_326' title='bbox 1770 1489 1945 1538; x_wconf 86' lang='lat' dir='ltr'><strong>divina</strong></span> <span class='ocrx_word' id='word_1_327' title='bbox 1980 1504 2143 1554; x_wconf 85' lang='lat' dir='ltr'><strong>prope</strong></span> <span class='ocrx_word' id='word_1_328' title='bbox 2178 1504 2292 1538; x_wconf 89' lang='lat' dir='ltr'><strong>me-</strong></span> 
     </span>
     <span class='ocr_line' id='line_1_64' title="bbox 1346 1555 2288 1618; baseline 0.004 -14"><span class='ocrx_word' id='word_1_329' title='bbox 1346 1559 1524 1616; x_wconf 87' lang='lat' dir='ltr'><strong>moria,</strong></span> <span class='ocrx_word' id='word_1_330' title='bbox 1560 1557 1623 1606; x_wconf 94' lang='lat' dir='ltr'><strong>de</strong></span> <span class='ocrx_word' id='word_1_331' title='bbox 1645 1564 1768 1606; x_wconf 90' lang='lat' dir='ltr'><strong>orat.</strong></span> <span class='ocrx_word' id='word_1_332' title='bbox 1792 1557 1844 1618; x_wconf 88' lang='lat'><strong>2,</strong></span> <span class='ocrx_word' id='word_1_333' title='bbox 1866 1555 1950 1617; x_wconf 89' lang='lat'><strong>88,</strong></span> <span class='ocrx_word' id='word_1_334' title='bbox 1971 1556 2093 1610; x_wconf 91' lang='grc'><strong>360.</strong></span> <span class='ocrx_word' id='word_1_335' title='bbox 2134 1559 2210 1608; x_wconf 76' lang='lat' dir='ltr'><strong>lb.</strong></span> <span class='ocrx_word' id='word_1_336' title='bbox 2231 1561 2288 1618; x_wconf 88' lang='grc'><strong>2,</strong></span> 
     </span>
     <span class='ocr_line' id='line_1_65' title="bbox 1345 1624 2287 1687; baseline 0.001 -13"><span class='ocrx_word' id='word_1_337' title='bbox 1345 1624 1430 1687; x_wconf 83' lang='grc'><strong>90,</strong></span> <span class='ocrx_word' id='word_1_338' title='bbox 1455 1626 1572 1678; x_wconf 80' lang='grc'><strong>365.</strong></span> <span class='ocrx_word' id='word_1_339' title='bbox 1637 1626 1700 1674; x_wconf 88' lang='lat' dir='ltr'><strong>cl.</strong></span> <span class='ocrx_word' id='word_1_340' title='bbox 1731 1625 1939 1678; x_wconf 86' lang='lat' dir='ltr'><strong>Tuscul.</strong></span> <span class='ocrx_word' id='word_1_341' title='bbox 1974 1626 1998 1674; x_wconf 88' lang='lat'>1</span> <span class='ocrx_word' id='word_1_342' title='bbox 2019 1663 2032 1686; x_wconf 93' lang='lat'><strong>,</strong></span> <span class='ocrx_word' id='word_1_343' title='bbox 2060 1629 2157 1687; x_wconf 84' lang='lat'><strong>24,</strong></span> <span class='ocrx_word' id='word_1_344' title='bbox 2196 1626 2287 1676; x_wconf 82' lang='lat'><strong>59.</strong></span> 
     </span>
     <span class='ocr_line' id='line_1_66' title="bbox 1348 1692 2290 1760; baseline 0.002 -18"><span class='ocrx_word' id='word_1_345' title='bbox 1348 1695 1532 1760; x_wconf 84' lang='lat' dir='ltr'><strong>fragm.</strong></span> <span class='ocrx_word' id='word_1_346' title='bbox 1558 1709 1612 1758; x_wconf 88' lang='lat' dir='ltr'><strong>p.</strong></span> <span class='ocrx_word' id='word_1_347' title='bbox 1635 1692 1738 1744; x_wconf 83' lang='lat'><strong>344</strong></span> <span class='ocrx_word' id='word_1_348' title='bbox 1761 1709 1838 1757; x_wconf 90' lang='lat' dir='ltr'><strong>sq.</strong></span> <span class='ocrx_word' id='word_1_349' title='bbox 1860 1721 1931 1732; x_wconf 92' lang='grc'><strong>-</strong></span> <span class='ocrx_word' id='word_1_350' title='bbox 1950 1695 2290 1759; x_wconf 78' lang='lat' dir='ltr'><strong>MetrodoruS,</strong></span> 
     </span>
     <span class='ocr_line' id='line_1_67' title="bbox 1348 1761 2292 1825; baseline 0.001 -13"><span class='ocrx_word' id='word_1_351' title='bbox 1348 1761 1576 1825; x_wconf 88' lang='lat' dir='ltr'><strong>aequalis</strong></span> <span class='ocrx_word' id='word_1_352' title='bbox 1599 1762 1705 1812; x_wconf 84' lang='lat' dir='ltr'><strong>fere</strong></span> <span class='ocrx_word' id='word_1_353' title='bbox 1729 1763 1786 1816; x_wconf 85' lang='lat' dir='ltr'><strong>L.</strong></span> <span class='ocrx_word' id='word_1_354' title='bbox 1815 1762 2012 1822; x_wconf 87' lang='lat' dir='ltr'><strong>Crassi,</strong></span> <span class='ocrx_word' id='word_1_355' title='bbox 2057 1780 2120 1813; x_wconf 87' lang='lat' dir='ltr'><strong>ex</strong></span> <span class='ocrx_word' id='word_1_356' title='bbox 2150 1766 2292 1814; x_wconf 87' lang='lat' dir='ltr'><strong>Aca-</strong></span> 
     </span>
     <span class='ocr_line' id='line_1_68' title="bbox 1347 1831 2292 1893; baseline 0.001 -12"><span class='ocrx_word' id='word_1_357' title='bbox 1347 1833 1515 1881; x_wconf 86' lang='lat' dir='ltr'><strong>demia</strong></span> <span class='ocrx_word' id='word_1_358' title='bbox 1549 1831 1747 1893; x_wconf 86' lang='lat' dir='ltr'><strong>rhetor,</strong></span> <span class='ocrx_word' id='word_1_359' title='bbox 1792 1848 1821 1882; x_wconf 87' lang='lat' dir='ltr'><strong>a</strong></span> <span class='ocrx_word' id='word_1_360' title='bbox 1855 1832 2036 1882; x_wconf 85' lang='lat' dir='ltr'><strong>Crasso</strong></span> <span class='ocrx_word' id='word_1_361' title='bbox 2065 1835 2118 1882; x_wconf 88' lang='lat' dir='ltr'><strong>in</strong></span> <span class='ocrx_word' id='word_1_362' title='bbox 2159 1834 2292 1882; x_wconf 84' lang='lat' dir='ltr'><strong>Asia</strong></span> 
     </span>
     <span class='ocr_line' id='line_1_69' title="bbox 1346 1900 2140 1966; baseline 0.001 -16"><span class='ocrx_word' id='word_1_363' title='bbox 1346 1907 1581 1966; x_wconf 85' lang='lat' dir='ltr'><strong>gustatus</strong></span> <span class='ocrx_word' id='word_1_364' title='bbox 1595 1937 1608 1961; x_wconf 95' lang='lat'><strong>,</strong></span> <span class='ocrx_word' id='word_1_365' title='bbox 1640 1901 1702 1951; x_wconf 92' lang='lat' dir='ltr'><strong>de</strong></span> <span class='ocrx_word' id='word_1_366' title='bbox 1724 1909 1848 1951; x_wconf 88' lang='lat' dir='ltr'><strong>orat.</strong></span> <span class='ocrx_word' id='word_1_367' title='bbox 1868 1901 1918 1963; x_wconf 88' lang='lat'><strong>3,</strong></span> <span class='ocrx_word' id='word_1_368' title='bbox 1939 1900 2032 1965; x_wconf 89' lang='grc'><strong>20,</strong></span> <span class='ocrx_word' id='word_1_369' title='bbox 2053 1901 2140 1953; x_wconf 88' lang='grc'><strong>75.</strong></span> 
     </span>
    </p>
   </div>
   <div class='ocr_carea' id='block_1_6' title="bbox 1273 1985 2291 3288">
    <p class='ocr_par' dir='ltr' id='par_1_14' title="bbox 1277 1985 2291 2601">
     <span class='ocr_line' id='line_1_70' title="bbox 1277 1985 2289 2050; baseline 0.002 -13"><span class='ocrx_word' id='word_1_370' title='bbox 1277 1985 1634 2037; x_wconf 85' lang='lat' dir='ltr'><strong>Metrodorus</strong></span> <span class='ocrx_word' id='word_1_371' title='bbox 1661 1985 2032 2050; x_wconf 75' lang='lat' dir='ltr'><strong>StratoniceuS,</strong></span> <span class='ocrx_word' id='word_1_372' title='bbox 2069 1988 2289 2039; x_wconf 88' lang='lat' dir='ltr'><strong>Carnea-</strong></span> 
     </span>
     <span class='ocr_line' id='line_1_71' title="bbox 1347 2056 2291 2116; baseline 0 -10"><span class='ocrx_word' id='word_1_373' title='bbox 1347 2056 1428 2106; x_wconf 90' lang='lat' dir='ltr'><strong>dis</strong></span> <span class='ocrx_word' id='word_1_374' title='bbox 1455 2056 1673 2116; x_wconf 87' lang='lat' dir='ltr'><strong>auditor,</strong></span> <span class='ocrx_word' id='word_1_375' title='bbox 1704 2056 1965 2106; x_wconf 89' lang='lat' dir='ltr'><strong>hominum</strong></span> <span class='ocrx_word' id='word_1_376' title='bbox 1987 2058 2212 2107; x_wconf 88' lang='lat' dir='ltr'><strong>omnium</strong></span> <span class='ocrx_word' id='word_1_377' title='bbox 2234 2060 2291 2106; x_wconf 90' lang='lat' dir='ltr'><strong>iu</strong></span> 
     </span>
     <span class='ocr_line' id='line_1_72' title="bbox 1347 2125 2290 2193; baseline 0.001 -19"><span class='ocrx_word' id='word_1_378' title='bbox 1347 2125 1560 2175; x_wconf 85' lang='lat' dir='ltr'><strong>dicendo</strong></span> <span class='ocrx_word' id='word_1_379' title='bbox 1596 2126 1872 2175; x_wconf 87' lang='lat' dir='ltr'><strong>acerrimus</strong></span> <span class='ocrx_word' id='word_1_380' title='bbox 1908 2133 1956 2176; x_wconf 90' lang='lat' dir='ltr'><strong>et</strong></span> <span class='ocrx_word' id='word_1_381' title='bbox 1988 2127 2290 2193; x_wconf 87' lang='lat' dir='ltr'><strong>copiosissi-</strong></span> 
     </span>
     <span class='ocr_line' id='line_1_73' title="bbox 1345 2194 2290 2256; baseline 0.003 -14"><span class='ocrx_word' id='word_1_382' title='bbox 1345 2209 1476 2254; x_wconf 88' lang='lat' dir='ltr'><strong>mus,</strong></span> <span class='ocrx_word' id='word_1_383' title='bbox 1497 2194 1705 2247; x_wconf 69' lang='lat' dir='ltr'><strong>deci-at.</strong></span> <span class='ocrx_word' id='word_1_384' title='bbox 1732 2195 1779 2256; x_wconf 90' lang='lat'><strong>1,</strong></span> <span class='ocrx_word' id='word_1_385' title='bbox 1804 2194 1889 2254; x_wconf 92' lang='lat'><strong>11,</strong></span> <span class='ocrx_word' id='word_1_386' title='bbox 1909 2195 1994 2245; x_wconf 81' lang='lat'><strong>45.</strong></span> <span class='ocrx_word' id='word_1_387' title='bbox 2013 2224 2081 2234; x_wconf 94' lang='lat'><strong>——</strong></span> <span class='ocrx_word' id='word_1_388' title='bbox 2102 2196 2290 2245; x_wconf 86' lang='lat' dir='ltr'><strong>Metro-</strong></span> 
     </span>
     <span class='ocr_line' id='line_1_74' title="bbox 1349 2260 2288 2325; baseline 0.003 -14"><span class='ocrx_word' id='word_1_389' title='bbox 1349 2263 1504 2312; x_wconf 89' lang='lat' dir='ltr'><strong>dorus</strong></span> <span class='ocrx_word' id='word_1_390' title='bbox 1536 2260 1898 2325; x_wconf 89' lang='lat' dir='ltr'><strong>Stratoniceus,</strong></span> <span class='ocrx_word' id='word_1_391' title='bbox 1932 2264 2288 2325; x_wconf 86' lang='lat' dir='ltr'><strong>Academicus,</strong></span> 
     </span>
     <span class='ocr_line' id='line_1_75' title="bbox 1347 2331 2286 2397; baseline 0.001 -17"><span class='ocrx_word' id='word_1_392' title='bbox 1347 2333 1474 2381; x_wconf 89' lang='lat' dir='ltr'><strong>bene</strong></span> <span class='ocrx_word' id='word_1_393' title='bbox 1493 2346 1644 2381; x_wconf 88' lang='lat' dir='ltr'><strong>nosse</strong></span> <span class='ocrx_word' id='word_1_394' title='bbox 1665 2331 1973 2383; x_wconf 86' lang='lat' dir='ltr'><strong>Carneadem</strong></span> <span class='ocrx_word' id='word_1_395' title='bbox 1990 2333 2286 2397; x_wconf 86' lang='lat' dir='ltr'><strong>putabatur,</strong></span> 
     </span>
     <span class='ocr_line' id='line_1_76' title="bbox 1345 2400 2288 2465; baseline 0.001 -15"><span class='ocrx_word' id='word_1_396' title='bbox 1345 2401 1507 2452; x_wconf 87' lang='lat' dir='ltr'><strong>Acad.</strong></span> <span class='ocrx_word' id='word_1_397' title='bbox 1529 2415 1609 2465; x_wconf 88' lang='lat' dir='ltr'><strong>pr.</strong></span> <span class='ocrx_word' id='word_1_398' title='bbox 1632 2401 1682 2460; x_wconf 84' lang='lat'><strong>2,</strong></span> <span class='ocrx_word' id='word_1_399' title='bbox 1702 2400 1753 2464; x_wconf 85' lang='lat'><strong>6,</strong></span> <span class='ocrx_word' id='word_1_400' title='bbox 1779 2400 1861 2453; x_wconf 84' lang='lat'><strong>16.</strong></span> <span class='ocrx_word' id='word_1_401' title='bbox 1883 2428 1952 2437; x_wconf 95' lang='lat'>—</span> <span class='ocrx_word' id='word_1_402' title='bbox 1971 2401 2288 2452; x_wconf 88' lang='lat' dir='ltr'><strong>Clitomacho</strong></span> 
     </span>
     <span class='ocr_line' id='line_1_77' title="bbox 1346 2468 2286 2534; baseline 0.002 -16"><span class='ocrx_word' id='word_1_403' title='bbox 1346 2468 1463 2534; x_wconf 89' lang='lat' dir='ltr'><strong>plus</strong></span> <span class='ocrx_word' id='word_1_404' title='bbox 1498 2470 1562 2519; x_wconf 90' lang='lat' dir='ltr'><strong>de</strong></span> <span class='ocrx_word' id='word_1_405' title='bbox 1603 2470 1857 2521; x_wconf 84' lang='lat' dir='ltr'><strong>Carneade</strong></span> <span class='ocrx_word' id='word_1_406' title='bbox 1893 2485 2046 2533; x_wconf 89' lang='lat' dir='ltr'><strong>quam</strong></span> <span class='ocrx_word' id='word_1_407' title='bbox 2085 2470 2286 2520; x_wconf 87' lang='lat' dir='ltr'><strong>Philoni</strong></span> 
     </span>
     <span class='ocr_line' id='line_1_78' title="bbox 1347 2538 2280 2601; baseline 0.003 -14"><span class='ocrx_word' id='word_1_408' title='bbox 1347 2547 1434 2587; x_wconf 88' lang='lat' dir='ltr'><strong>aut</strong></span> <span class='ocrx_word' id='word_1_409' title='bbox 1460 2539 1745 2588; x_wconf 86' lang='lat' dir='ltr'><strong>Metrodoro</strong></span> <span class='ocrx_word' id='word_1_410' title='bbox 1776 2539 1937 2589; x_wconf 86' lang='lat' dir='ltr'><strong>credit</strong></span> <span class='ocrx_word' id='word_1_411' title='bbox 1957 2538 2129 2589; x_wconf 86' lang='lat' dir='ltr'><strong>Cicero</strong></span> <span class='ocrx_word' id='word_1_412' title='bbox 2147 2578 2162 2601; x_wconf 96' lang='lat'><strong>,</strong></span> <span class='ocrx_word' id='word_1_413' title='bbox 2205 2541 2280 2595; x_wconf 85' lang='lat' dir='ltr'><strong>lb.</strong></span> 
     </span>
    </p>

    <p class='ocr_par' dir='ltr' id='par_1_15' title="bbox 1275 2673 2286 2864">
     <span class='ocr_line' id='line_1_79' title="bbox 1275 2673 2282 2737; baseline 0.004 -11"><span class='ocrx_word' id='word_1_414' title='bbox 1275 2673 1653 2737; x_wconf 82' lang='lat' dir='ltr'><strong>Metrodorus,</strong></span> <span class='ocrx_word' id='word_1_415' title='bbox 1676 2676 1920 2735; x_wconf 84' lang='lat' dir='ltr'><strong>medicus,</strong></span> <span class='ocrx_word' id='word_1_416' title='bbox 1936 2677 2148 2727; x_wconf 89' lang='lat' dir='ltr'><strong>libertus</strong></span> <span class='ocrx_word' id='word_1_417' title='bbox 2163 2692 2208 2727; x_wconf 91' lang='lat' dir='ltr'><strong>a.</strong></span> <span class='ocrx_word' id='word_1_418' title='bbox 2227 2692 2282 2730; x_wconf 88' lang='lat' dir='ltr'><strong>u.</strong></span> 
     </span>
     <span class='ocr_line' id='line_1_80' title="bbox 1347 2744 2286 2814; baseline 0 -19"><span class='ocrx_word' id='word_1_419' title='bbox 1347 2761 1389 2795; x_wconf 86' lang='lat' dir='ltr'><strong>c</strong></span> <span class='ocrx_word' id='word_1_420' title='bbox 1414 2744 1535 2797; x_wconf 85' lang='lat'><strong>710.</strong></span> <span class='ocrx_word' id='word_1_421' title='bbox 1572 2744 1954 2814; x_wconf 80' lang='lat' dir='ltr'><strong>adAtt.15,1.</strong></span> <span class='ocrx_word' id='word_1_422' title='bbox 1991 2745 2159 2806; x_wconf 81' lang='grc' dir='ltr'><strong>Β.,2.</strong></span> <span class='ocrx_word' id='word_1_423' title='bbox 2215 2748 2286 2795; x_wconf 74' lang='lat' dir='ltr'><strong>ad</strong></span> 
     </span>
     <span class='ocr_line' id='line_1_81' title="bbox 1347 2812 1697 2874; baseline 0.006 -12"><span class='ocrx_word' id='word_1_424' title='bbox 1347 2814 1469 2866; x_wconf 81' lang='lat' dir='ltr'><strong>fam.</strong></span> <span class='ocrx_word' id='word_1_425' title='bbox 1495 2812 1590 2874; x_wconf 92' lang='grc'><strong>16,</strong></span> <span class='ocrx_word' id='word_1_426' title='bbox 1611 2814 1697 2865; x_wconf 88' lang='grc'><strong>20.</strong></span> 
     </span>
    </p>

    <p class='ocr_par' dir='ltr' id='par_1_16' title="bbox 1273 2878 2286 3217">
     <span class='ocr_line' id='line_1_82' title="bbox 1273 2878 2284 2933; baseline -0.001 -1"><span class='ocrx_word' id='word_1_427' title='bbox 1273 2878 1532 2932; x_wconf 84' lang='lat' dir='ltr'><strong>Mettius</strong></span> <span class='ocrx_word' id='word_1_428' title='bbox 1591 2879 1714 2930; x_wconf 89' lang='lat' dir='ltr'><strong>Cum</strong></span> <span class='ocrx_word' id='word_1_429' title='bbox 1745 2897 1804 2931; x_wconf 92' lang='lat' dir='ltr'><strong>eo</strong></span> <span class='ocrx_word' id='word_1_430' title='bbox 1837 2890 1886 2933; x_wconf 79' lang='lat' dir='ltr'><strong>et</strong></span> <span class='ocrx_word' id='word_1_431' title='bbox 1905 2882 2106 2931; x_wconf 85' lang='lat' dir='ltr'><strong>Herode</strong></span> <span class='ocrx_word' id='word_1_432' title='bbox 2125 2880 2284 2931; x_wconf 84' lang='lat' dir='ltr'><strong>Athe-</strong></span> 
     </span>
     <span class='ocr_line' id='line_1_83' title="bbox 1344 2951 2286 3001; baseline 0.002 -4"><span class='ocrx_word' id='word_1_433' title='bbox 1344 2951 1425 2999; x_wconf 90' lang='lat' dir='ltr'><strong>nis</strong></span> <span class='ocrx_word' id='word_1_434' title='bbox 1469 2957 1575 2997; x_wconf 89' lang='lat' dir='ltr'><strong>tum</strong></span> <span class='ocrx_word' id='word_1_435' title='bbox 1612 2953 1929 3001; x_wconf 85' lang='lat' dir='ltr'><strong>versantibus</strong></span> <span class='ocrx_word' id='word_1_436' title='bbox 1968 2951 2136 3001; x_wconf 87' lang='lat' dir='ltr'><strong>Attico</strong></span> <span class='ocrx_word' id='word_1_437' title='bbox 2177 2959 2286 3001; x_wconf 83' lang='lat' dir='ltr'><strong>erat.</strong></span> 
     </span>
     <span class='ocr_line' id='line_1_84' title="bbox 1344 3018 2285 3085; baseline 0 -18"><span class='ocrx_word' id='word_1_438' title='bbox 1344 3018 1537 3081; x_wconf 84' lang='lat' dir='ltr'><strong>aliquid</strong></span> <span class='ocrx_word' id='word_1_439' title='bbox 1578 3021 1797 3085; x_wconf 81' lang='lat' dir='ltr'><strong>negotii,</strong></span> <span class='ocrx_word' id='word_1_440' title='bbox 1837 3020 1974 3083; x_wconf 86' lang='lat' dir='ltr'><strong>quod</strong></span> <span class='ocrx_word' id='word_1_441' title='bbox 2009 3019 2185 3070; x_wconf 88' lang='lat' dir='ltr'><strong>Cicero</strong></span> <span class='ocrx_word' id='word_1_442' title='bbox 2226 3025 2285 3069; x_wconf 87' lang='lat' dir='ltr'><strong>ut</strong></span> 
     </span>
     <span class='ocr_line' id='line_1_85' title="bbox 1343 3085 2281 3155; baseline 0.001 -20"><span class='ocrx_word' id='word_1_443' title='bbox 1343 3094 1540 3137; x_wconf 86' lang='lat' dir='ltr'><strong>curaret</strong></span> <span class='ocrx_word' id='word_1_444' title='bbox 1558 3085 1648 3138; x_wconf 88' lang='lat' dir='ltr'><strong>ille</strong></span> <span class='ocrx_word' id='word_1_445' title='bbox 1666 3103 1779 3139; x_wconf 88' lang='lat' dir='ltr'><strong>eum</strong></span> <span class='ocrx_word' id='word_1_446' title='bbox 1795 3096 2079 3155; x_wconf 79' lang='lat' dir='ltr'><strong>rogaverat,</strong></span> <span class='ocrx_word' id='word_1_447' title='bbox 2094 3088 2161 3137; x_wconf 81' lang='lat' dir='ltr'><strong>ad</strong></span> <span class='ocrx_word' id='word_1_448' title='bbox 2174 3087 2281 3137; x_wconf 85' lang='lat' dir='ltr'><strong>Att.</strong></span> 
     </span>
     <span class='ocr_line' id='line_1_86' title="bbox 1344 3155 1622 3217; baseline -0.004 -11"><span class='ocrx_word' id='word_1_449' title='bbox 1344 3155 1427 3214; x_wconf 83' lang='lat'><strong>15,</strong></span> <span class='ocrx_word' id='word_1_450' title='bbox 1457 3156 1543 3217; x_wconf 88' lang='grc'><strong>27,</strong></span> <span class='ocrx_word' id='word_1_451' title='bbox 1567 3157 1622 3209; x_wconf 90' lang='grc'><strong>3.</strong></span> 
     </span>
    </p>

    <p class='ocr_par' dir='ltr' id='par_1_17' title="bbox 1273 3223 2211 3288">
     <span class='ocr_line' id='line_1_87' title="bbox 1273 3223 2211 3288; baseline 0 -14"><span class='ocrx_word' id='word_1_452' title='bbox 1273 3223 1460 3275; x_wconf 88' lang='lat' dir='ltr'><strong>Metus</strong></span> <span class='ocrx_word' id='word_1_453' title='bbox 1476 3260 1492 3287; x_wconf 93' lang='lat'><strong>,</strong></span> <span class='ocrx_word' id='word_1_454' title='bbox 1529 3226 1657 3275; x_wconf 90' lang='lat' dir='ltr'><strong>deus</strong></span> <span class='ocrx_word' id='word_1_455' title='bbox 1673 3262 1688 3288; x_wconf 89' lang='lat'><strong>,</strong></span> <span class='ocrx_word' id='word_1_456' title='bbox 1711 3226 1774 3275; x_wconf 91' lang='lat' dir='ltr'><strong>de</strong></span> <span class='ocrx_word' id='word_1_457' title='bbox 1793 3240 1844 3279; x_wconf 90' lang='lat' dir='ltr'><strong>n.</strong></span> <span class='ocrx_word' id='word_1_458' title='bbox 1869 3226 1918 3275; x_wconf 89' lang='lat' dir='ltr'><strong>d.</strong></span> <span class='ocrx_word' id='word_1_459' title='bbox 1942 3224 1992 3283; x_wconf 88' lang='lat'><strong>3,</strong></span> <span class='ocrx_word' id='word_1_460' title='bbox 2016 3225 2101 3286; x_wconf 89' lang='grc'><strong>17,</strong></span> <span class='ocrx_word' id='word_1_461' title='bbox 2121 3226 2211 3275; x_wconf 80' lang='grc'><strong>44.</strong></span> 
     </span>
    </p>
   </div>
   <div class='ocr_carea' id='block_1_7' title="bbox 1270 3307 2176 3375">
    <p class='ocr_par' dir='ltr' id='par_1_18' title="bbox 1270 3307 2176 3375">
     <span class='ocr_line' id='line_1_88' title="bbox 1270 3307 2176 3375; baseline -0.002 -15"><span class='ocrx_word' id='word_1_462' title='bbox 1270 3307 1648 3375; x_wconf 84' lang='lat' dir='ltr'><strong>Metuscilius,</strong></span> <span class='ocrx_word' id='word_1_463' title='bbox 1685 3328 1735 3364; x_wconf 89' lang='lat' dir='ltr'><strong>v.</strong></span> <span class='ocrx_word' id='word_1_464' title='bbox 1757 3310 1837 3361; x_wconf 88' lang='lat' dir='ltr'><strong>M.</strong></span> <span class='ocrx_word' id='word_1_465' title='bbox 1863 3308 2176 3361; x_wconf 88' lang='lat' dir='ltr'><strong>Tuscilius.</strong></span> 
     </span>
    </p>
   </div>
   <div class='ocr_carea' id='block_1_8' title="bbox 1271 3391 2279 3512">
    <p class='ocr_par' dir='ltr' id='par_1_19' title="bbox 1271 3391 2279 3512">
     <span class='ocr_line' id='line_1_89' title="bbox 1271 3391 2279 3512; baseline -0.003 -67"><span class='ocrx_word' id='word_1_466' title='bbox 1271 3391 1480 3512; x_wconf 50' lang='lat' dir='ltr'><strong>Milcipb</strong></span> <span class='ocrx_word' id='word_1_467' title='bbox 1499 3409 1720 3511; x_wconf 71' lang='lat' dir='ltr'><strong>p2e7rsona</strong></span> <span class='ocrx_word' id='word_1_468' title='bbox 1736 3395 2057 3455; x_wconf 86' lang='lat' dir='ltr'><strong>Terentiana,</strong></span> <span class='ocrx_word' id='word_1_469' title='bbox 2089 3396 2154 3445; x_wconf 90' lang='lat' dir='ltr'><strong>de</strong></span> <span class='ocrx_word' id='word_1_470' title='bbox 2173 3395 2279 3449; x_wconf 77' lang='lat' dir='ltr'><strong>inv.</strong></span> 
     </span>
    </p>
   </div>
  </div>
 </body>
</html>
