2500 3850
172 165 289 228 134

169 330 343 385 Duris
372 330 599 396 SainiuS,
628 330 901 380 historicus
934 330 1176 390 Graecu8‚

225 409 255 434 ’θ
272 403 423 451 homo
462 402 515 450 in
546 400 761 450 historia
800 399 1071 464 diligens’,
1112 399 1179 449 ad

237 475 338 523 Ait.
361 471 411 534 6,
435 470 485 530 1,
514 469 593 521 18.

171 539 233 590 C.
273 537 582 601 Duronius,
622 539 815 587 amicus
844 536 1079 596 Milonis,
1113 537 1179 586 ad

238 612 343 659 Att.
368 608 419 670 5,
444 607 494 664 8,
516 607 566 656 2.

167 677 249 728 Μ.
284 673 569 726 Duronius
604 676 669 728 M.
704 676 981 725 Antonium
1014 682 1177 725 orato-

234 761 344 796 rem
396 747 457 794 de
508 745 699 793 ambitu
751 742 1056 810 postulavit,
1112 744 1177 793 de

236 822 363 866 orat.
388 816 439 877 2,
462 813 549 875 68,
577 815 699 867 274.

164 880 438 951 Dymaei,
492 882 689 931 incolae
728 883 949 946 Dy,mae
996 881 1175 947 oppidi

235 953 488 1014 Achaiae,
512 952 578 1000 ad
596 953 700 1000 Att.
724 951 806 1012 16,
832 953 879 1010 1,
900 951 951 1004 3.

165 989 616 1090 Dyrrhachium,
647 1020 809 1070 libera
838 1021 1021 1070 civitas
1044 1027 1093 1069 et
1122 1021 1176 1068 in

236 1091 480 1140 Cicerone
531 1089 759 1139 exsulem
796 1089 1059 1150 officiosa,
1111 1089 1179 1138 ad

234 1157 1175 1223 fam.1417cl1b14‚3‚.4pro

233 1227 403 1280 Plane.
443 1195 542 1291 41,
580 1226 665 1280 97.
700 1255 769 1264 —-
805 1227 1175 1294 Dyrrhachium

234 1297 545 1346 exinanitum
568 1312 597 1345 a
616 1297 676 1346 L.
698 1296 906 1359 Pisone,
929 1297 979 1344 in
997 1297 1169 1350 Pison.

232 1365 317 1428 40,
341 1363 425 1416 96.
443 1363 591 1414 —De
610 1367 770 1419 divin.
797 1367 846 1426 1,
868 1365 953 1429 32,
973 1365 1059 1423 68.
1086 1381 1168 1430 ep.

234 1435 299 1483 ad
322 1433 463 1485 Brut.
484 1437 534 1493 2,
555 1435 605 1486 3.
631 1442 680 1486 et
702 1451 857 1500 saepe
884 1435 1031 1488 alias.

165 1501 581 1570 Dyrrhachini,
614 1506 679 1555 de
706 1520 854 1568 prov.
878 1519 1016 1558 cons,
1042 1503 1093 1563 3,
1118 1505 1167 1557 5.

230 1588 313 1690 gg.
350 1575 415 1624 ad
448 1573 587 1626 Brut.
624 1574 680 1637 1,
715 1573 765 1624 6.
807 1575 856 1622 in
892 1574 1061 1622 Pison.
1084 1571 1169 1633 38,

161 1825 472 1906 Ecbatana,
504 1842 703 1892 Mediae
730 1851 907 1908 caput,
948 1845 1011 1892 de
1043 1845 1166 1908 imp.

234 1911 325 1964 Cn.
346 1912 527 1977 Pomp.
548 1914 601 1976 4,
621 1910 673 1966 9.

159 1980 535 2047 Echecrates,
569 1982 909 2047 Pythagorius
928 2018 943 2041 ,
987 1982 1049 2029 de
1080 1980 1167 2031 fin.

158 2087 411 2186 Ecliionj,
464 2121 628 2184 pictor
691 2118 946 2182 Graecus,
1002 2119 1171 2167 floruit

230 2188 363 2237 circa
396 2187 685 2253 Olympiad.
721 2186 868 2250 107.,
903 2187 1081 2254 parad.
1116 2190 1166 2247 5,

227 2258 277 2315 2,
294 2256 460 2307 37.··-
472 2258 527 2305 In
546 2272 607 2307 eo
625 2258 723 2306 iam
739 2255 967 2321 perfecta
979 2258 1165 2318 omnia,

225 2324 369 2380 Brut.
397 2324 481 2387 18,
504 2326 589 2377 70.

155 2392 380 2445 Edissa.
420 2394 485 2447 V.
514 2394 791 2464 Odyssea.

154 2454 673 2543 Egeria,nympha,
696 2466 757 2515 de
778 2464 877 2530 leg
906 2465 953 2525 1,
981 2466 1023 2528 1,
1042 2466 1095 2514 4.

156 2530 382 2599 Egilius
404 2544 453 2583 et
477 2532 698 2601 Egilia,
729 2535 799 2587 (16
828 2541 954 2584 orat.
980 2536 1039 2594 2,
1076 2532 1161 2597 68,

155 2666 453 2736 Egnatius.
482 2671 711 2722 Gravitei
728 2686 783 2721 se
804 2678 1027 2722 acturum
1050 2687 1163 2721 cum

222 2739 429 2801 Aquilio
460 2742 775 2790 confirmavit
804 2755 851 2793 a.
873 2755 923 2792 u.
947 2756 991 2789 c.
1020 2740 1162 2802 699„

222 2808 291 2856 ad
318 2808 421 2859 Ait.
455 2809 613 2871 4,12.
656 2810 716 2861 V.
743 2808 817 2861 L.
831 2808 1125 2876 Egnatius.

159 2872 257 2925 Cn.
280 2845 579 2943 Egnati’us,
600 2878 753 2929 homo
774 2878 901 2927 levis
922 2888 970 2927 et
992 2879 1164 2928 incon-

222 2944 387 3007 stans,
444 2946 603 2996 filium
658 2947 1015 3011 exheredavit,
1069 2963 1163 3013 pro

224 3012 417 3064 Cluent.
449 3016 681 3079 48‚135.

150 3080 215 3133 L.
238 3082 544 3152 Egnatius,
568 3086 625 3146 Q.
661 3084 920 3137 Ciceronis
947 3088 1160 3151 debitor,

216 3153 282 3202 ad
300 3157 403 3203 Aa.
428 3156 476 3218 7,
503 3123 585 3221 1'8,
606 3158 657 3205 4.
685 3156 761 3210 Ib.
788 3156 873 3215 10,
902 3156 984 3221 15,
1004 3158 1055 3209 4.
1082 3156 1157 3209 Ib.

221 3222 301 3285 11,
324 3223 373 3285 3,
398 3224 446 3275 3.
486 3226 557 3278 Ib.
594 3226 689 3285 12,
719 3226 811 3287 18,
834 3224 883 3275 3.
914 3252 982 3261 -
1016 3224 1161 3273 Com-

215 3292 483 3342 mendatur
540 3295 600 3353 Q.
656 3293 899 3359 Philippo
956 3306 1157 3357 procos.

216 3360 372 3411 Asiae
404 3377 450 3410 a.
478 3378 529 3415 u.
566 3378 609 3413 c.
644 3360 798 3422 700„
829 3361 891 3409 ad
925 3360 1045 3408 fam.
1074 3360 1157 3419 13,

214 3428 308 3492 73,
345 3430 391 3481 1.
418 3438 466 3479 et
493 3444 577 3493 ep.
610 3430 694 3481 74.
734 3456 798 3464 —-
822 3430 1161 3476 Memorantur

828 208 830 211 .
887 175 1095 223 DURIS
1119 195 1201 206 --
1222 173 1529 222 ELYSIUS.

1317 335 1584 393 praeterea
1635 325 1911 394 Egnatius
1975 328 2254 392 Sidicinae,

1321 399 1388 446 ad
1423 401 1527 446 Att.
1565 396 1624 455 6,
1670 398 1729 461 1,
1766 396 1848 447 23.
1891 405 1941 445 et
1975 393 2256 464 Egnatius

1318 463 1628 528 Maximus,
1651 466 1719 514 ad
1738 466 1844 515 Att.
1869 463 1950 528 13,
1977 465 2062 516 34.

1251 550 1314 602 L.
1353 549 1629 617 Egnatius
1655 547 1873 614 Rufus,
1909 552 1977 600 ad
2006 551 2128 604 fam.
2168 551 2253 613 13,

1319 619 1416 679 43,
1452 621 1499 668 1.
1535 629 1584 668 et
1614 636 1694 684 ep.
1716 621 1803 673 44.
1843 621 1916 668 lb.
1942 635 2026 684 ep.
2051 620 2140 671 45.
2180 622 2251 671 Ib.

1315 703 1398 752 ep.
1427 689 1514 737 47.

1248 757 1311 808 L.
1343 753 1745 823 Egnatuleius,
1779 764 2016 818 quaestor
2045 773 2092 811 a.
2125 773 2178 806 u.
2207 774 2252 808 c.

1317 827 1437 879 710.
1455 862 1471 889 ,
1492 826 1714 891 Philipp.
1744 825 1794 885 3,
1818 825 1879 888 3,
1902 825 1950 874 7.
1989 827 2060 876 Ib.
2085 825 2144 890 3,
2171 827 2252 887 15,

1318 895 1400 947 39.
1437 896 1510 948 Ib.
1535 898 1584 959 4,
1604 893 1728 960 2,6.
1769 895 1841 943 16.
1866 895 1916 954 5,
1942 895 2022 960 19,
2053 896 2137 946 52.

1244 982 1402 1032 Elea.
1441 971 1628 1044 Ἐλέα,
1662 981 1874 1032 Zenonis
1894 981 2084 1046 patria,
2113 982 2174 1030 de
2195 996 2246 1034 n.

1318 1053 1368 1104 d.
1391 1051 1442 1110 3,
1464 1051 1548 1118 33,
1572 1019 1658 1100 82.

1246 1117 1490 1171 Eleatici
1519 1119 1814 1186 philosophi
1850 1121 1970 1170 dicti
2001 1135 2032 1170 a
2051 1122 2251 1171 Zenone

1314 1189 1515 1254 Eleate,
1545 1190 1704 1238 Acad.
1724 1205 1804 1255 pr
1827 1190 2011 1253 2,42‚
2037 1191 2154 1243 129.
2181 1218 2252 1230 —-

1314 1258 1476 1308 Iidem
1497 1227 1846 1325 significantur
1869 1260 1932 1310 de
1958 1268 2082 1310 orat.
2113 1258 2174 1321 3,
2197 1261 2250 1320 5,

1242 1328 1470 1448 Eligis-a
1486 1433 1500 1461 ,
1525 1396 1708 1451 Pleias.
1753 1399 1890 1451 Arai.
1915 1415 1962 1452 v,
1989 1400 2109 1453 270.

1242 1483 1490 1547 Electra,
1512 1481 1782 1549 Sophoclis
1803 1489 2064 1548 tragoedia
2083 1490 2133 1536 in
2152 1489 2249 1537 La-

1308 1555 1469 1602 tinum
1501 1568 1743 1602 conversa
1770 1554 1832 1602 ab
1855 1556 2038 1618 Atilio,
2073 1559 2135 1607 de
2157 1558 2243 1607 fin.

1315 1623 1373 1682 1,
1405 1624 1466 1687 2,
1499 1622 1553 1672 5.
1595 1621 1652 1680 Q.
1681 1621 1933 1674 Ciceronis
1963 1627 2245 1692 tragoedia,

1313 1692 1377 1739 ad
1400 1691 1459 1750 Q.
1486 1690 1548 1740 fr.
1569 1690 1620 1754 3,
1642 1692 1674 1742 5
1704 1690 1804 1755 (6),
1827 1695 1876 1744 7.

1240 1757 1390 1822 Elei,
1411 1760 1474 1808 de
1494 1775 1534 1811 r.
1559 1774 1609 1822 p.
1634 1765 1684 1820 4,
1707 1763 1756 1820 4,
1777 1766 1828 1814 4.
1852 1789 1920 1798 -
1941 1764 2246 1827 Haruspices

1309 1827 1438 1889 Elii,
1463 1829 1524 1876 de
1547 1829 1705 1876 divin.
1725 1831 1776 1888 2,
1813 1831 1889 1894 12,
1917 1833 2001 1882 28.

1238 1893 1844 1963 Elesiodoluscantum,
1865 1915 1958 1964 pro
1971 1903 2112 1951 Font.
2128 1901 2180 1964 5,
2193 1903 2244 1954 9.

1239 1978 1531 2032 Eleusinia
1551 1984 1817 2046 mysteria,
1853 1986 1914 2035 de
1937 1987 2039 2051 leg.
2063 1990 2124 2050 2,
2163 1989 2244 2049 14,

1310 2050 1394 2101 36.
1432 2051 1496 2098 V.
1518 2049 1790 2101 Athenae.

1239 2115 1465 2170 Eleusis
1485 2134 1527 2167 s.
1550 2118 1808 2183 Eleusin,
1835 2122 2082 2185 oppidum
2113 2126 2248 2172 Atti—

1309 2202 1398 2237 cae
1443 2188 1698 2253 Megaram
1751 2205 1931 2239 versus
1976 2190 2244 2241 celeberri-

1310 2272 1446 2305 mum
1475 2258 1744 2321 mysteriis
1767 2286 1832 2295 —
1855 2260 2051 2310 Eleusis
2070 2271 2246 2310 sancta

1307 2327 1398 2375 illa
1427 2334 1476 2375 et
1505 2336 1749 2393 augusta,
1782 2330 1843 2378 (16
1875 2344 1925 2383 n.
1964 2330 2108 2393 (1.1,
2153 2332 2242 2393 42,

1309 2394 1427 2448 119.
1475 2424 1541 2432 -
1585 2397 1744 2447 Audit
1795 2396 1966 2447 Cicero
2019 2399 2242 2463 Appium

1307 2458 1606 2529 πρόπυλον
1652 2465 1891 2517 Eleusine
1937 2467 2132 2530 faceis,
2177 2468 2242 2516 ad

1308 2536 1411 2586 Att.
1433 2534 1485 2593 6,
1508 2535 1556 2593 1,
1577 2534 1661 2585 26.

1233 2601 1764 2667 Eleutherocilices,
1787 2606 1852 2655 ad
1872 2608 1976 2655 Att.
2002 2573 2051 2664 5,
2081 2604 2164 2664 20,
2186 2605 2236 2655 5.

1305 2674 1373 2723 ad
1393 2672 1514 2721 fam.
1538 2674 1620 2733 15,
1639 2675 1688 2733 4,
1712 2642 1795 2725 10.

1234 2738 1368 2790 Elii.
1404 2743 1468 2794 V.
1495 2708 1640 2790 Elei.
2193 2778 2197 2781 .

1234 2808 1358 2860 Elis
1391 2812 1443 2859 in
1472 2811 1824 2875 Peloponneso
1855 2812 2074 2862 familias
2109 2813 2236 2862 duas

1305 2889 1466 2930 certas
1503 2879 1682 2943 habet,
1729 2882 2031 2931 Iamidarum
2065 2896 2235 2942 unam,

1307 2949 1516 2998 alteram
1559 2918 1898 3013 Clytidarnm,
1951 2950 2237 3013 haruspici-

1305 3033 1399 3068 nae
1397 3010 1680 3068 ‘nobilitate
1703 3027 2046 3083 pimaestantes
2075 3020 2139 3067 de
2161 3019 2236 3067 di-

1305 3088 1408 3136 vin.
1439 3087 1496 3146 1,
1522 3088 1618 3148 41,
1649 3087 1733 3138 91.
1757 3086 2116 3137 ——Delubium
2137 3088 2237 3135 Ve-

1302 3155 1437 3204 neris
1465 3156 1659 3218 primae
1692 3155 1864 3214 Elide,
1905 3156 1970 3204 de
2005 3170 2055 3202 n.
2099 3156 2146 3204 d.
2182 3156 2233 3215 3,

1303 3222 1390 3285 23,
1419 3222 1505 3277 59.
1527 3224 1680 3273 ——ad
1700 3224 1821 3271 fam.
1849 3223 1931 3285 13,
1951 3224 2034 3281 26,
2056 3225 2106 3271 2.

1232 3287 1470 3341 Elorini.
1517 3293 1574 3339 V.
1607 3287 1885 3339 Helorini.

1233 3355 1466 3474 Ellyfgus
1502 3360 1806 3419 TerinanS,
1838 3341 2124 3421 Tuscuhl,
2149 3359 2233 3424 48,
