2500 3850
226 203 352 266 382

293 371 447 421 Statii
465 371 688 433 fabulae
714 371 921 422 Tuscul.
947 371 998 433 1,
1030 372 1116 435 14,
1145 371 1232 423 31.

293 440 356 490 de
379 448 483 505 opt.
503 455 623 506 gen.
646 455 721 490 or.
741 441 793 501 6,
817 440 900 491 18.
923 441 1090 491 defin.
1113 439 1162 505 1,
1183 441 1234 499 2,

289 512 342 561 4.
380 510 443 560 de
461 525 511 560 n.
537 511 588 560 d.
611 509 661 576 1,
685 509 736 568 6,
760 508 843 560 13.
874 511 948 563 Ib.
970 509 1021 570 3,
1042 507 1128 568 29,
1149 512 1234 560 72.

219 575 488 642 Synnada
529 581 643 630 sive
686 576 932 644 Synnas,
988 578 1234 644 oppidum

287 647 546 713 Phrygiae
597 646 873 707 salutarie,
927 647 1234 697 celebratum

288 724 501 782 propter
519 729 757 779 marmor,
785 716 851 765 ad
870 716 991 769 fam.
1013 715 1067 778 3,
1101 714 1152 776 8,
1180 716 1233 766 5.

289 785 356 835 ad
374 786 483 838 Att.
503 787 554 850 5,
589 785 669 850 15,
706 786 758 838 2.
790 785 862 833 Ib.
888 785 940 848 5,
973 784 1059 848 20,
1096 786 1237 835 1.-

289 853 624 919 Synnadense
652 852 840 913 forum,
874 853 948 903 lb.
974 853 1028 915 5,
1060 852 1146 915 21,
1178 852 1230 905 9.

288 922 358 973 ad
373 922 497 975 fam.
523 925 610 983 15,
629 926 684 985 4,
707 924 758 972 2

216 989 556 1059 Syracusae,
587 958 796 1041 Siciliae
823 992 943 1041 urbs
969 990 1228 1056 primaria.

285 1060 474 1110 Earum
505 1060 684 1110 laudes
710 1068 861 1122 atque
887 1065 1122 1109 accurata
1145 1058 1233 1107 de-

285 1128 519 1192 scriptio,
538 1128 685 1179 Verr.
706 1134 930 1177 accusat.
947 1129 1001 1191 4,
1022 1128 1107 1188 52,
1134 1126 1232 1178 117

284 1211 398 1259 sqq.
433 1196 639 1246 Tuscul.
659 1196 713 1260 5,
739 1196 824 1262 20,
851 1195 939 1247 57.
957 1194 1230 1246 —Earum

281 1266 463 1316 laudes
500 1266 552 1314 in
587 1265 798 1316 Timaeo
829 1264 1126 1329 celebratae,
1166 1265 1230 1314 de

284 1351 328 1383 r.
355 1350 408 1401 p.
431 1333 483 1395 3,
523 1332 608 1395 31,
645 1333 735 1386 43.
758 1362 830 1371 -
850 1332 1001 1384 Nulla
1029 1334 1103 1384 ibi
1132 1332 1231 1383 fuit

283 1419 367 1454 res
407 1403 570 1469 publ.,
610 1418 769 1467 quum
805 1410 976 1453 essent
1012 1404 1228 1469 tyranni,

287 1472 354 1526 cl.
377 1473 448 1526 ib.
471 1471 522 1533 3,
558 1471 644 1533 33,
666 1474 752 1525 45.
779 1500 844 1509 —-
865 1471 1228 1538 Syracusarum

287 1542 433 1605 situs,
468 1550 592 1591 orat.
613 1540 700 1604 62,
725 1540 846 1592 210.
884 1542 950 1594 cl.
975 1542 1119 1591 verr,
1143 1555 1228 1591 ac-

285 1620 446 1659 cusat.
465 1609 517 1670 5,
554 1609 635 1668 10,
667 1609 752 1661 26.
775 1635 846 1644 --
865 1611 992 1659 Acta
1011 1609 1229 1677 Syracu-

286 1692 428 1739 sana,
472 1677 548 1727 Ib.
581 1678 632 1741 5,
672 1676 756 1739 31,
794 1677 880 1729 80.
905 1705 978 1716 -
1008 1678 1073 1727 Μ.
1099 1678 1228 1728 Mar-

287 1746 448 1796 cellus
476 1744 708 1795 habitare
732 1748 785 1796 in
817 1762 878 1795 ea
896 1754 1044 1811 parte
1064 1748 1225 1807 urbis,

284 1829 416 1878 quae
453 1814 622 1865 insula
659 1823 755 1881 est,
792 1812 1225 1880 Syracusanorum

283 1884 538 1934 neminem
556 1883 734 1949 voluit,
765 1885 842 1938 Ib.
863 1886 913 1944 5,
939 1884 1025 1950 32,
1053 1884 1137 1936 84.
1157 1912 1228 1922 -

282 1954 584 2004 Lautumias
620 1952 999 2020 Syracusanae,
1048 1954 1124 2005 Ib.
1171 1954 1224 2015 5,

281 2023 368 2086 27,
400 2021 487 2074 68.
528 2024 602 2077 lb.
632 2022 685 2082 5,
716 2022 803 2083 55,
838 2022 954 2074 143.
976 2049 1048 2059 -
1074 2021 1226 2073 Plena

282 2099 402 2141 sunt
490 2100 814 2142 monumenta
897 2091 1221 2155 Graecorum,

282 2160 732 2222 quemadmodum
744 2161 1225 2224 sapientissimiviri

280 2242 441 2294 regna
465 2227 670 2277 tulerint
687 2227 770 2276 vel
788 2226 1002 2277 Athenis
1020 2228 1104 2278 vel
1127 2227 1224 2294 Sy-

278 2297 494 2358 racusis,
518 2297 584 2347 ad
605 2295 725 2346 fam.
746 2296 798 2355 9,
829 2295 910 2352 16,
937 2296 988 2349 6.
1011 2323 1078 2333 -
1096 2296 1221 2362 Lex,

281 2383 415 2432 quae
441 2374 548 2417 erat
570 2365 836 2431 Syracusis
865 2365 929 2416 de
964 2367 1226 2417 sacerdote

279 2438 419 2490 Iovis
465 2437 518 2487 in
571 2435 800 2502 singulos
847 2449 1007 2485 annos
1049 2436 1224 2486 sortito

283 2505 564 2571 capiendo,
601 2505 750 2557 Verr.
787 2512 1008 2554 accusat.
1050 2506 1100 2568 2,
1141 2504 1224 2563 51,

283 2573 401 2624 126.
442 2576 516 2624 De
537 2588 694 2634 more,
727 2574 816 2636 qui
837 2572 990 2623 fuerit
1011 2572 1226 2640 Syracu-

279 2643 372 2703 sis,
405 2649 477 2702 ut,
512 2642 558 2690 si
587 2657 686 2704 qua
719 2647 784 2690 de
813 2657 867 2690 re
897 2643 964 2692 ad
993 2649 1224 2692 senatum

279 2707 570 2770 referretur,
604 2709 782 2757 ordine
801 2709 993 2758 diceret
1013 2712 1099 2773 qui
1121 2711 1227 2759 vel-

281 2777 370 2838 let,
398 2775 474 2825 Ib.
493 2777 547 2833 4,
579 2774 666 2835 64,
701 2776 800 2826 142
821 2791 932 2839 sqq.
974 2777 1114 2830 Brut.
1138 2778 1222 2839 16,

280 2841 451 2894 63.—-
469 2841 818 2908 Syracusanae
839 2859 1044 2894 mensae
1062 2861 1093 2894 a
1109 2847 1224 2897 Pla-

279 2922 397 2964 tone
416 2913 642 2979 graviter
662 2913 1026 2976 vituperantur,
1053 2914 1118 2964 de
1134 2915 1221 2972 fin.

280 2985 334 3049 2,
367 2981 451 3044 28,
478 2983 563 3036 92.
584 2979 976 3048 —Syracusiae
993 2981 1224 3034 Italicae-

279 3068 377 3117 que
415 3067 621 3104 mensae
657 3066 688 3101 a
715 3052 920 3102 Platone
950 3051 1223 3118 reprehen-

283 3133 390 3181 sae,
422 3121 633 3175 Tuscul.
656 3123 709 3184 5,
741 3121 826 3187 35,
863 3117 982 3174 100.

208 3183 572 3258 Syracusani,
604 3191 836 3243 homines
865 3191 1017 3255 periti
1048 3197 1096 3240 et
1124 3190 1220 3240 hu-

278 3260 434 3318 mani,
471 3263 620 3311 Verr.
655 3268 877 3312 accusat.
921 3261 971 3325 5,
1009 3260 1094 3320 28,
1131 3261 1218 3310 71.

278 3351 350 3364 -—-
387 3329 542 3391 Apud
588 3329 934 3392 Syracusanos
985 3330 1220 3379 sacerdo-

279 3391 407 3440 tium
421 3396 556 3444 Iovis
576 3394 738 3445 honos
759 3404 834 3446 est
851 3395 1218 3459 amplissimus,

281 3456 356 3507 Ib.
381 3460 430 3517 4,
462 3459 548 3525 61,
583 3460 701 3514 137.
733 3488 803 3498 ——
834 3462 1218 3526 Syracusiorum

899 216 1222 263 SYNNADA
1249 236 1331 247 -
1356 214 1652 263 SYRIACI.

1375 380 1619 505 &magus
1650 371 1944 437 Dionysius,
1978 371 2044 421 de
2074 370 2245 440 divin.
2286 374 2333 430 l,

1307 506 1439 576 Syri
1475 515 1524 558 et
1559 508 1819 574 Aegyptii.
1872 508 2151 557 Firmiores
2183 518 2327 557 erant

1376 577 1513 642 apud
1564 592 1654 627 eos
1710 578 1976 643 opiniones
2024 576 2089 627 de
2142 577 2327 627 bestiis

1375 660 1525 709 quam
1545 644 1952 711 apudRomanos
1972 646 2035 695 de
2056 647 2326 695 sanctissi-

1374 715 1473 763 mis
1490 714 1697 780 templis
1717 721 1767 769 ,et
1784 714 2076 764 simulacris
2089 715 2323 771 deorum,

1378 785 1441 833 de
1460 798 1511 832 ιι.
1534 784 1584 836 (1.
1610 784 1658 843 1,
1680 781 1766 847 29,
1788 781 1875 833 81.
1894 809 1966 819 -·
1982 781 2099 847 Syri
2120 784 2324 847 piscem

1373 854 1760 915 venerabantur,
1790 850 1855 901 de
1874 866 1926 905 n.
1949 852 2001 904 d.
2022 851 2076 911 3,
2113 850 2200 912 15,
2237 850 2320 910 39,

1373 949 1445 957 —
1463 919 1579 986 Syri
1606 929 1656 971 et
1686 921 1878 982 Iudaei,
1908 923 2143 970 nationes
2170 926 2319 970 natae

1373 991 1625 1052 servituti,
1650 990 1713 1039 de
1732 1004 1878 1054 prov,
1900 1003 2043 1041 cons.
2064 990 2115 1048 5,
2145 988 2229 1039 10.
2252 1015 2319 1023 -

1373 1056 1615 1123 Syrorum
1644 1074 1705 1107 ac
1722 1058 1989 1108 Persarum
2015 1058 2224 1107 barbari
2242 1072 2321 1106 re-

1371 1142 1462 1193 ges
1498 1128 1754 1190 solebant,
1790 1126 1965 1193 plures
1998 1138 2193 1178 uxores
2227 1126 2317 1175 ha-

1370 1196 1508 1257 bere,
1528 1196 1610 1246 his
1629 1204 1799 1247 autem
1817 1194 2064 1247 uxoribus
2080 1196 2319 1245 civitaten

1372 1266 1643 1315 attribuere
1672 1273 1789 1329 etc„
1819 1264 1968 1317 Verr.
2004 1272 2229 1314 accusat,
2260 1262 2317 1324 3,

1369 1332 1455 1399 33,
1488 1333 1573 1385 76.
1603 1360 1675 1370 —·
1700 1333 1817 1399 Syri
1843 1332 2067 1397 venales,
2100 1339 2159 1382 ut
2179 1332 2315 1395 quis-

1369 1418 1469 1465 que
1512 1402 1703 1469 optime
1740 1401 1932 1453 Graece
1974 1402 2196 1463 sciebat,
2243 1402 2314 1450 ita

1369 1478 1476 1521 erat
1506 1472 1866 1535 nequissimus,
1900 1470 1967 1521 de
1990 1477 2119 1523 orat.
2142 1472 2195 1529 2,
2224 1469 2313 1530 66,

1370 1540 1487 1593 265.
1513 1542 1577 1590 de
1597 1540 1755 1591 divin.
1774 1541 1825 1601 2,
1848 1540 1933 1600 46,
1946 1538 2033 1589 96.
2048 1538 2313 1588 —-‘Nemo

1370 1612 1597 1672 queritur
1632 1608 1815 1673 Syrum
1851 1608 2021 1659 nescio
2058 1622 2213 1670 quem
2250 1608 2312 1657 de

1370 1692 1529 1744 grege
1582 1679 1899 1729 noviciorum
1959 1676 2149 1727 factum
2198 1690 2310 1726 esse

1370 1746 1672 1807 consulem’,
1722 1745 2087 1796 contumeliose
2126 1746 2191 1794 de
2229 1746 2311 1795 Pi-

1367 1830 1511 1877 sone,
1542 1817 1594 1864 in
1620 1815 1865 1877 Pison.1,
1900 1817 1948 1868 1.

1297 1880 1469 1952 Syria
1512 1884 1775 1949 Tyrosque
1818 1891 2057 1951 parentes
2092 1883 2313 1935 Veneris

1366 1961 1572 2017 quartae
1603 1955 1712 2007 sive
1734 1955 1983 2016 Astartes,
2014 1954 2077 2003 de
2109 1967 2160 2003 n.
2183 1951 2236 2003 d.
2257 1950 2310 2011 3,

1296 2021 1593 2212 δγίτῗαξῗῐιι
1607 2107 1682 2210 ga
1698 2090 1961 2210 ghagldagifi
1991 2090 2313 2210 {aeivm'ffl

1436 2195 1451 2219 ,
1554 2195 1569 2210 .
1643 2176 1671 2210 e
1735 2175 1786 2214 n.
1844 2197 1858 2220 ,
1960 2196 1974 2218 ,
2109 2197 2125 2212 .
2144 2185 2216 2195 —
2284 2175 2309 2207 e

1366 2224 1547 2294 Syriae
1562 2229 1765 2280 ruribus
1785 2236 1833 2282 et
1852 2229 2204 2278 transmarinis
2224 2243 2311 2278 ve-

1367 2297 1659 2362 ctigalibus,
1688 2299 1751 2348 de
1769 2297 1883 2364 lege
1902 2312 2013 2364 agr.
2036 2299 2088 2357 2,
2112 2294 2197 2357 29,
2218 2295 2307 2348 80.

1364 2393 1435 2402 -—
1453 2366 1684 2416 Eunuchi
1706 2381 1768 2416 ex
1789 2365 1950 2432 Syria,
1982 2365 2178 2416 Cornel.
2202 2379 2309 2416 sec.

1364 2435 1551 2500 fragm.
1580 2436 1655 2498 8.,
1690 2450 1743 2500 p.
1775 2437 1896 2487 215.
1920 2461 1993 2472 -
2021 2433 2173 2500 Syria
2203 2440 2308 2483 tae-

1362 2505 1567 2554 terrime
1594 2505 1949 2570 administrata
1974 2504 2037 2552 ab
2066 2503 2131 2556 A.
2155 2501 2309 2552 Gabi-

1362 2575 1447 2624 nio
1466 2589 1514 2625 a.
1534 2589 1583 2622 u.
1604 2588 1649 2621 c.
1671 2571 1814 2635 698„
1838 2573 1901 2623 de
1923 2587 2069 2637 prov·
2090 2583 2235 2620 cons.
2255 2572 2308 2632 4,

1360 2641 1416 2692 9.
1452 2643 1507 2691 in
1536 2642 1709 2692 Pison.
1749 2641 1833 2704 17,
1865 2642 2031 2696 41.—-
2064 2640 2307 2706 Magnum

1366 2712 1419 2760 in
1446 2710 1591 2777 Syria
1621 2710 1806 2761 bellum
1836 2725 1883 2759 a.
1916 2726 1970 2759 u.
2002 2726 2049 2762 c.
2086 2707 2209 2768 704,
2242 2708 2306 2756 ad

1364 2779 1471 2830 Att.
1484 2779 1537 2840 6,
1557 2781 1608 2840 4,
1630 2779 1679 2832 1.
1692 2808 1764 2816 —
1775 2778 1994 2829 Difficile
2008 2779 2149 2826 estin
2162 2777 2299 2827 Asia,

1366 2846 1564 2910 Cilicia,
1602 2847 1749 2914 Syria
1780 2850 1849 2898 ita
1874 2847 2066 2898 versari
2085 2847 2305 2910 impera-

1363 2923 1545 2979 torem,
1576 2923 1632 2966 ut
1650 2916 1777 2966 nihil
1799 2917 1938 2967 aliud
1958 2916 2058 2966 nisi
2077 2915 2141 2965 de
2158 2915 2304 2964 hoste

1365 2998 1425 3035 ac
1460 2985 1524 3035 de
1553 2984 1705 3036 laude
1734 2987 1940 3052 cogitet,
1975 2987 2037 3034 de
2062 2984 2189 3049 imp.
2212 2982 2299 3032 Cn.

1361 3053 1541 3119 Pomp.
1579 3055 1665 3115 22,
1704 3053 1789 3107 64.
1819 3082 1889 3092 —-
1924 3053 2099 3121 Syriae
2134 3067 2303 3118 reges,

1362 3121 1647 3174 Antiochus
1676 3129 1726 3172 et
1756 3122 2018 3185 Seleucus,
2050 3123 2197 3170 Verr.
2220 3135 2300 3169 ac-

1363 3199 1522 3242 cusat.
1544 3194 1597 3256 4,
1616 3193 1703 3251 27,
1722 3190 1810 3243 61.
1828 3219 1901 3228 --
1918 3191 2071 3257 Syria
2086 3205 2179 3255 pro
2208 3189 2302 3237 As·

1360 3261 1518 3378 c{wila¹3
1538 3259 1744 3378 Tgscul.
1765 3261 1817 3323 5,
1842 3261 1927 3322 35,
1949 3258 2067 3314 101.
2092 3259 2159 3308 ad
2178 3258 2297 3308 fam.

1397 3363 1413 3388 2
1606 3367 1621 3382 ο

1292 3365 1824 3526 8γήῶοἰῬιιΜὶοαιιί,
1858 3398 1924 3447 ad
1956 3395 2016 3455 Q.
2046 3394 2112 3446 fr.
2144 3395 2197 3457 2,
2235 3392 2297 3444 11

1362 3465 1409 3523 (1
1475 3500 1491 3524 ,
1518 3465 1570 3514 2.

2460 976 2469 982 ·
