<?xml version="1.0" encoding="UTF-8"?>
<!DOCTYPE html PUBLIC "-//W3C//DTD XHTML 1.0 Transitional//EN"
    "http://www.w3.org/TR/xhtml1/DTD/xhtml1-transitional.dtd">
<html xmlns="http://www.w3.org/1999/xhtml" xml:lang="en" lang="en">
 <head>
  <title>
</title>
<meta http-equiv="Content-Type" content="text/html;charset=utf-8" />
  <meta name='ocr-system' content='tesseract 3.04.00' />
  <meta name='ocr-capabilities' content='ocr_page ocr_carea ocr_par ocr_line ocrx_word'/>
</head>
<body>
  <div class='ocr_page' id='page_1' title='image "./scriptaquaemans04mlgoog_0016.png"; bbox 0 0 2500 3850; ppageno 0'>
   <div class='ocr_carea' id='block_1_1' title="bbox 186 163 262 223">
    <p class='ocr_par' dir='ltr' id='par_1_1' title="bbox 186 163 262 223">
     <span class='ocr_line' id='line_1_1' title="bbox 186 163 262 223; baseline 0.026 -2"><span class='ocrx_word' id='word_1_1' title='bbox 186 163 262 223; x_wconf 87' lang='grc'><strong>10</strong></span> 
     </span>
    </p>
   </div>
   <div class='ocr_carea' id='block_1_2' title="bbox 161 326 1185 3090">
    <p class='ocr_par' dir='ltr' id='par_1_2' title="bbox 174 326 1184 669">
     <span class='ocr_line' id='line_1_2' title="bbox 174 326 1183 397; baseline 0 -17"><span class='ocrx_word' id='word_1_2' title='bbox 174 326 614 397; x_wconf 76' lang='lat' dir='ltr'>Aequimelium,</span> <span class='ocrx_word' id='word_1_3' title='bbox 652 329 794 380; x_wconf 88' lang='lat' dir='ltr'><strong>locus</strong></span> <span class='ocrx_word' id='word_1_4' title='bbox 818 331 868 379; x_wconf 90' lang='lat' dir='ltr'><strong>in</strong></span> <span class='ocrx_word' id='word_1_5' title='bbox 889 331 1038 390; x_wconf 87' lang='lat' dir='ltr'><strong>urbe,</strong></span> <span class='ocrx_word' id='word_1_6' title='bbox 1083 345 1183 393; x_wconf 89' lang='lat' dir='ltr'><strong>quo</strong></span> 
     </span>
     <span class='ocr_line' id='line_1_3' title="bbox 243 399 1182 466; baseline 0 -16"><span class='ocrx_word' id='word_1_7' title='bbox 243 400 333 466; x_wconf 89' lang='lat' dir='ltr'><strong>Sp.</strong></span> <span class='ocrx_word' id='word_1_8' title='bbox 358 400 521 463; x_wconf 88' lang='lat' dir='ltr'><strong>Melii,</strong></span> <span class='ocrx_word' id='word_1_9' title='bbox 561 399 649 462; x_wconf 89' lang='lat' dir='ltr'><strong>qui</strong></span> <span class='ocrx_word' id='word_1_10' title='bbox 679 415 892 466; x_wconf 86' lang='lat' dir='ltr'><strong>regnum</strong></span> <span class='ocrx_word' id='word_1_11' title='bbox 913 400 1182 450; x_wconf 78' lang='lat' dir='ltr'><strong>affectave-</strong></span> 
     </span>
     <span class='ocr_line' id='line_1_4' title="bbox 243 468 1184 532; baseline 0.002 -15"><span class='ocrx_word' id='word_1_12' title='bbox 243 479 350 528; x_wconf 82' lang='lat' dir='ltr'><strong>rat,</strong></span> <span class='ocrx_word' id='word_1_13' title='bbox 381 470 561 520; x_wconf 87' lang='lat' dir='ltr'><strong>domus</strong></span> <span class='ocrx_word' id='word_1_14' title='bbox 591 468 784 528; x_wconf 82' lang='lat' dir='ltr'><strong>fuerat,</strong></span> <span class='ocrx_word' id='word_1_15' title='bbox 819 484 948 532; x_wconf 89' lang='lat' dir='ltr'><strong>quae</strong></span> <span class='ocrx_word' id='word_1_16' title='bbox 967 470 1077 518; x_wconf 90' lang='lat' dir='ltr'><strong>solo</strong></span> <span class='ocrx_word' id='word_1_17' title='bbox 1097 485 1184 519; x_wconf 86' lang='lat' dir='ltr'><strong>ae-</strong></span> 
     </span>
     <span class='ocr_line' id='line_1_5' title="bbox 243 537 1184 604; baseline 0.001 -17"><span class='ocrx_word' id='word_1_18' title='bbox 243 546 398 604; x_wconf 80' lang='lat' dir='ltr'><strong>quata</strong></span> <span class='ocrx_word' id='word_1_19' title='bbox 425 546 526 601; x_wconf 88' lang='lat' dir='ltr'><strong>est,</strong></span> <span class='ocrx_word' id='word_1_20' title='bbox 562 538 627 588; x_wconf 85' lang='lat' dir='ltr'><strong>de</strong></span> <span class='ocrx_word' id='word_1_21' title='bbox 645 538 803 588; x_wconf 87' lang='lat' dir='ltr'><strong>divin.</strong></span> <span class='ocrx_word' id='word_1_22' title='bbox 829 541 880 599; x_wconf 84' lang='lat'><strong>2,</strong></span> <span class='ocrx_word' id='word_1_23' title='bbox 904 537 988 599; x_wconf 91' lang='grc'><strong>17,</strong></span> <span class='ocrx_word' id='word_1_24' title='bbox 1009 537 1094 589; x_wconf 88' lang='grc'><strong>39.</strong></span> <span class='ocrx_word' id='word_1_25' title='bbox 1115 564 1184 575; x_wconf 87' lang='grc'><strong>--</strong></span> 
     </span>
     <span class='ocr_line' id='line_1_6' title="bbox 245 606 732 669; baseline 0.004 -13"><span class='ocrx_word' id='word_1_26' title='bbox 245 609 308 657; x_wconf 91' lang='lat' dir='ltr'><strong>de</strong></span> <span class='ocrx_word' id='word_1_27' title='bbox 335 608 486 659; x_wconf 89' lang='lat' dir='ltr'><strong>domo</strong></span> <span class='ocrx_word' id='word_1_28' title='bbox 507 607 593 669; x_wconf 87' lang='lat'><strong>38,</strong></span> <span class='ocrx_word' id='word_1_29' title='bbox 618 606 732 658; x_wconf 86' lang='grc'><strong>101.</strong></span> 
     </span>
    </p>

    <p class='ocr_par' dir='ltr' id='par_1_3' title="bbox 170 674 1185 1018">
     <span class='ocr_line' id='line_1_7' title="bbox 170 674 1182 744; baseline 0 -18"><span class='ocrx_word' id='word_1_30' title='bbox 170 674 480 727; x_wconf 87' lang='lat' dir='ltr'><strong>Aeschines</strong></span> <span class='ocrx_word' id='word_1_31' title='bbox 497 675 804 744; x_wconf 83' lang='lat' dir='ltr'><strong>Socraticus,</strong></span> <span class='ocrx_word' id='word_1_32' title='bbox 833 679 882 726; x_wconf 91' lang='lat' dir='ltr'><strong>in</strong></span> <span class='ocrx_word' id='word_1_33' title='bbox 905 679 1015 728; x_wconf 90' lang='lat' dir='ltr'><strong>eius</strong></span> <span class='ocrx_word' id='word_1_34' title='bbox 1037 677 1182 727; x_wconf 87' lang='lat' dir='ltr'><strong>libris</strong></span> 
     </span>
     <span class='ocr_line' id='line_1_8' title="bbox 241 745 1185 796; baseline 0.002 -2"><span class='ocrx_word' id='word_1_35' title='bbox 241 745 475 796; x_wconf 81' lang='lat' dir='ltr'><strong>Socrates</strong></span> <span class='ocrx_word' id='word_1_36' title='bbox 525 747 689 796; x_wconf 86' lang='lat' dir='ltr'><strong>ironia</strong></span> <span class='ocrx_word' id='word_1_37' title='bbox 737 749 893 796; x_wconf 86' lang='lat' dir='ltr'><strong>utitur</strong></span> <span class='ocrx_word' id='word_1_38' title='bbox 937 747 1101 796; x_wconf 82' lang='lat' dir='ltr'><strong>faceta</strong></span> <span class='ocrx_word' id='word_1_39' title='bbox 1136 754 1185 796; x_wconf 90' lang='lat' dir='ltr'><strong>et</strong></span> 
     </span>
     <span class='ocr_line' id='line_1_9' title="bbox 240 815 1182 881; baseline 0.002 -17"><span class='ocrx_word' id='word_1_40' title='bbox 240 816 477 881; x_wconf 80' lang='lat' dir='ltr'>eleganti,</span> <span class='ocrx_word' id='word_1_41' title='bbox 499 815 638 866; x_wconf 81' lang='lat' dir='ltr'><strong>Brut.</strong></span> <span class='ocrx_word' id='word_1_42' title='bbox 663 817 752 874; x_wconf 84' lang='lat'><strong>85,</strong></span> <span class='ocrx_word' id='word_1_43' title='bbox 780 817 899 868; x_wconf 90' lang='grc'><strong>292.</strong></span> <span class='ocrx_word' id='word_1_44' title='bbox 920 841 989 850; x_wconf 89' lang='lat'><strong>——·</strong></span> <span class='ocrx_word' id='word_1_45' title='bbox 1017 815 1182 866; x_wconf 82' lang='lat' dir='ltr'><strong>Locus</strong></span> 
     </span>
     <span class='ocr_line' id='line_1_10' title="bbox 238 885 1184 950; baseline 0 -16"><span class='ocrx_word' id='word_1_46' title='bbox 238 901 302 934; x_wconf 87' lang='lat' dir='ltr'><strong>ex</strong></span> <span class='ocrx_word' id='word_1_47' title='bbox 342 885 514 948; x_wconf 87' lang='lat' dir='ltr'><strong>aliquo</strong></span> <span class='ocrx_word' id='word_1_48' title='bbox 550 885 660 936; x_wconf 89' lang='lat' dir='ltr'><strong>eius</strong></span> <span class='ocrx_word' id='word_1_49' title='bbox 708 886 914 950; x_wconf 82' lang='lat' dir='ltr'>dialogo</span> <span class='ocrx_word' id='word_1_50' title='bbox 954 887 1008 935; x_wconf 89' lang='lat' dir='ltr'><strong>in</strong></span> <span class='ocrx_word' id='word_1_51' title='bbox 1043 885 1184 934; x_wconf 82' lang='lat' dir='ltr'><strong>Lati·</strong></span> 
     </span>
     <span class='ocr_line' id='line_1_11' title="bbox 236 953 1176 1018; baseline 0.003 -16"><span class='ocrx_word' id='word_1_52' title='bbox 236 969 358 1003; x_wconf 91' lang='lat' dir='ltr'><strong>num</strong></span> <span class='ocrx_word' id='word_1_53' title='bbox 378 969 670 1016; x_wconf 85' lang='lat' dir='ltr'><strong>conversus,</strong></span> <span class='ocrx_word' id='word_1_54' title='bbox 700 955 762 1003; x_wconf 91' lang='lat' dir='ltr'><strong>de</strong></span> <span class='ocrx_word' id='word_1_55' title='bbox 782 956 887 1007; x_wconf 87' lang='lat' dir='ltr'><strong>inv.</strong></span> <span class='ocrx_word' id='word_1_56' title='bbox 915 956 960 1018; x_wconf 92' lang='lat'><strong>1,</strong></span> <span class='ocrx_word' id='word_1_57' title='bbox 984 953 1068 1014; x_wconf 89' lang='lat'><strong>31,</strong></span> <span class='ocrx_word' id='word_1_58' title='bbox 1091 954 1176 1009; x_wconf 82' lang='lat'><strong>51.</strong></span> 
     </span>
    </p>

    <p class='ocr_par' dir='ltr' id='par_1_4' title="bbox 166 1021 1181 1566">
     <span class='ocr_line' id='line_1_12' title="bbox 166 1021 1175 1088; baseline 0 -12"><span class='ocrx_word' id='word_1_59' title='bbox 166 1021 476 1076; x_wconf 80' lang='lat' dir='ltr'><strong>Aeschines</strong></span> <span class='ocrx_word' id='word_1_60' title='bbox 498 1031 667 1078; x_wconf 78' lang='lat' dir='ltr'><strong>orator</strong></span> <span class='ocrx_word' id='word_1_61' title='bbox 685 1022 929 1082; x_wconf 87' lang='lat' dir='ltr'><strong>Graecus,</strong></span> <span class='ocrx_word' id='word_1_62' title='bbox 969 1022 1032 1073; x_wconf 90' lang='lat' dir='ltr'><strong>de</strong></span> <span class='ocrx_word' id='word_1_63' title='bbox 1051 1039 1092 1073; x_wconf 89' lang='lat' dir='ltr'><strong>r.</strong></span> <span class='ocrx_word' id='word_1_64' title='bbox 1119 1039 1175 1088; x_wconf 87' lang='lat' dir='ltr'><strong>p.</strong></span> 
     </span>
     <span class='ocr_line' id='line_1_13' title="bbox 235 1091 1174 1158; baseline 0.002 -15"><span class='ocrx_word' id='word_1_65' title='bbox 235 1096 288 1152; x_wconf 90' lang='lat'><strong>4,</strong></span> <span class='ocrx_word' id='word_1_66' title='bbox 314 1093 393 1147; x_wconf 90' lang='grc'><strong>11,</strong></span> <span class='ocrx_word' id='word_1_67' title='bbox 417 1094 501 1145; x_wconf 88' lang='grc'><strong>13.</strong></span> <span class='ocrx_word' id='word_1_68' title='bbox 532 1093 596 1142; x_wconf 93' lang='lat' dir='ltr'><strong>de</strong></span> <span class='ocrx_word' id='word_1_69' title='bbox 618 1107 690 1142; x_wconf 91' lang='lat' dir='ltr'><strong>or.</strong></span> <span class='ocrx_word' id='word_1_70' title='bbox 708 1093 757 1158; x_wconf 97' lang='lat'><strong>3,</strong></span> <span class='ocrx_word' id='word_1_71' title='bbox 775 1093 825 1152; x_wconf 93' lang='grc'><strong>7,</strong></span> <span class='ocrx_word' id='word_1_72' title='bbox 848 1092 931 1144; x_wconf 89' lang='grc'><strong>28.</strong></span> <span class='ocrx_word' id='word_1_73' title='bbox 947 1117 1016 1129; x_wconf 89' lang='lat'><strong>·-—</strong></span> <span class='ocrx_word' id='word_1_74' title='bbox 1037 1091 1174 1146; x_wconf 81' lang='lat' dir='ltr'><strong>Orat.</strong></span> 
     </span>
     <span class='ocr_line' id='line_1_14' title="bbox 235 1161 1177 1227; baseline -0.003 -13"><span class='ocrx_word' id='word_1_75' title='bbox 235 1161 537 1222; x_wconf 91' lang='lat'>31,111.—</span> <span class='ocrx_word' id='word_1_76' title='bbox 562 1163 627 1211; x_wconf 89' lang='lat' dir='ltr'><strong>de</strong></span> <span class='ocrx_word' id='word_1_77' title='bbox 647 1171 750 1226; x_wconf 89' lang='lat' dir='ltr'><strong>opt.</strong></span> <span class='ocrx_word' id='word_1_78' title='bbox 779 1177 897 1227; x_wconf 84' lang='lat' dir='ltr'><strong>gen.</strong></span> <span class='ocrx_word' id='word_1_79' title='bbox 924 1175 995 1210; x_wconf 89' lang='lat' dir='ltr'><strong>or.</strong></span> <span class='ocrx_word' id='word_1_80' title='bbox 1022 1162 1073 1224; x_wconf 85' lang='lat'><strong>5,</strong></span> <span class='ocrx_word' id='word_1_81' title='bbox 1093 1163 1177 1212; x_wconf 86' lang='lat'><strong>14.</strong></span> 
     </span>
     <span class='ocr_line' id='line_1_15' title="bbox 235 1231 1174 1295; baseline -0.002 -14"><span class='ocrx_word' id='word_1_82' title='bbox 235 1233 310 1281; x_wconf 86' lang='lat' dir='ltr'><strong>lb.</strong></span> <span class='ocrx_word' id='word_1_83' title='bbox 337 1231 387 1294; x_wconf 88' lang='grc'><strong>6,</strong></span> <span class='ocrx_word' id='word_1_84' title='bbox 415 1231 582 1280; x_wconf 89' lang='grc'><strong>17.--</strong></span> <span class='ocrx_word' id='word_1_85' title='bbox 600 1231 676 1284; x_wconf 90' lang='lat' dir='ltr'><strong>Ib.</strong></span> <span class='ocrx_word' id='word_1_86' title='bbox 705 1233 753 1295; x_wconf 91' lang='grc'><strong>7,</strong></span> <span class='ocrx_word' id='word_1_87' title='bbox 780 1231 864 1280; x_wconf 90' lang='grc'><strong>22.</strong></span> <span class='ocrx_word' id='word_1_88' title='bbox 883 1253 949 1264; x_wconf 86' lang='grc'><strong>-·</strong></span> <span class='ocrx_word' id='word_1_89' title='bbox 969 1231 1174 1281; x_wconf 87' lang='lat' dir='ltr'><strong>Tuscul.</strong></span> 
     </span>
     <span class='ocr_line' id='line_1_16' title="bbox 235 1299 1181 1361; baseline -0.001 -9"><span class='ocrx_word' id='word_1_90' title='bbox 235 1301 291 1355; x_wconf 86' lang='lat'><strong>3,</strong></span> <span class='ocrx_word' id='word_1_91' title='bbox 330 1301 426 1356; x_wconf 88' lang='grc'><strong>26,</strong></span> <span class='ocrx_word' id='word_1_92' title='bbox 462 1299 548 1352; x_wconf 85' lang='grc'><strong>63.</strong></span> <span class='ocrx_word' id='word_1_93' title='bbox 583 1325 655 1337; x_wconf 88' lang='grc'><strong>--</strong></span> <span class='ocrx_word' id='word_1_94' title='bbox 696 1299 827 1349; x_wconf 84' lang='lat' dir='ltr'><strong>Orat.</strong></span> <span class='ocrx_word' id='word_1_95' title='bbox 862 1299 956 1361; x_wconf 87' lang='lat'><strong>18,</strong></span> <span class='ocrx_word' id='word_1_96' title='bbox 991 1301 1076 1352; x_wconf 89' lang='lat'><strong>57.</strong></span> <span class='ocrx_word' id='word_1_97' title='bbox 1111 1327 1181 1337; x_wconf 95' lang='lat'>—</span> 
     </span>
     <span class='ocr_line' id='line_1_17' title="bbox 235 1367 1178 1432; baseline 0 -13"><span class='ocrx_word' id='word_1_98' title='bbox 235 1370 364 1419; x_wconf 85' lang='lat' dir='ltr'><strong>ibid.</strong></span> <span class='ocrx_word' id='word_1_99' title='bbox 389 1369 442 1428; x_wconf 88' lang='lat'><strong>8,</strong></span> <span class='ocrx_word' id='word_1_100' title='bbox 464 1371 549 1422; x_wconf 87' lang='grc'><strong>26.</strong></span> <span class='ocrx_word' id='word_1_101' title='bbox 575 1394 646 1406; x_wconf 86' lang='grc'><strong>-</strong></span> <span class='ocrx_word' id='word_1_102' title='bbox 693 1371 756 1420; x_wconf 89' lang='lat' dir='ltr'><strong>de</strong></span> <span class='ocrx_word' id='word_1_103' title='bbox 779 1383 852 1422; x_wconf 86' lang='lat' dir='ltr'><strong>or.</strong></span> <span class='ocrx_word' id='word_1_104' title='bbox 877 1369 928 1432; x_wconf 88' lang='lat'><strong>3,</strong></span> <span class='ocrx_word' id='word_1_105' title='bbox 953 1369 1038 1427; x_wconf 89' lang='grc'><strong>56,</strong></span> <span class='ocrx_word' id='word_1_106' title='bbox 1058 1367 1178 1422; x_wconf 90' lang='grc'><strong>213.</strong></span> 
     </span>
     <span class='ocr_line' id='line_1_18' title="bbox 236 1437 1178 1503; baseline 0.002 -14"><span class='ocrx_word' id='word_1_107' title='bbox 236 1466 302 1475; x_wconf 90' lang='grc'><strong>-</strong></span> <span class='ocrx_word' id='word_1_108' title='bbox 332 1439 396 1489; x_wconf 89' lang='lat' dir='ltr'><strong>de</strong></span> <span class='ocrx_word' id='word_1_109' title='bbox 417 1454 492 1491; x_wconf 89' lang='lat' dir='ltr'><strong>or.</strong></span> <span class='ocrx_word' id='word_1_110' title='bbox 531 1439 580 1501; x_wconf 90' lang='grc'><strong>2,</strong></span> <span class='ocrx_word' id='word_1_111' title='bbox 606 1439 691 1499; x_wconf 90' lang='grc'><strong>23,</strong></span> <span class='ocrx_word' id='word_1_112' title='bbox 714 1439 799 1491; x_wconf 84' lang='grc'><strong>94.</strong></span> <span class='ocrx_word' id='word_1_113' title='bbox 840 1466 906 1475; x_wconf 89' lang='grc'>-</span> <span class='ocrx_word' id='word_1_114' title='bbox 952 1439 1091 1490; x_wconf 87' lang='lat' dir='ltr'><strong>Brut.</strong></span> <span class='ocrx_word' id='word_1_115' title='bbox 1126 1437 1178 1503; x_wconf 87' lang='lat'><strong>9,</strong></span> 
     </span>
     <span class='ocr_line' id='line_1_19' title="bbox 234 1507 1177 1566; baseline -0.001 -6"><span class='ocrx_word' id='word_1_116' title='bbox 234 1508 319 1560; x_wconf 88' lang='grc'><strong>36.</strong></span> <span class='ocrx_word' id='word_1_117' title='bbox 351 1508 438 1566; x_wconf 89' lang='grc'><strong>82,</strong></span> <span class='ocrx_word' id='word_1_118' title='bbox 459 1508 579 1559; x_wconf 88' lang='grc'><strong>285.</strong></span> <span class='ocrx_word' id='word_1_119' title='bbox 620 1507 706 1564; x_wconf 87' lang='grc'><strong>84,</strong></span> <span class='ocrx_word' id='word_1_120' title='bbox 741 1508 862 1558; x_wconf 88' lang='grc'><strong>290.</strong></span> <span class='ocrx_word' id='word_1_121' title='bbox 895 1533 965 1545; x_wconf 94' lang='lat'><strong>—-</strong></span> <span class='ocrx_word' id='word_1_122' title='bbox 1001 1508 1064 1557; x_wconf 89' lang='lat' dir='ltr'><strong>de</strong></span> <span class='ocrx_word' id='word_1_123' title='bbox 1093 1507 1177 1559; x_wconf 86' lang='lat' dir='ltr'><strong>fin.</strong></span> 
     </span>
    </p>

    <p class='ocr_par' dir='ltr' id='par_1_5' title="bbox 164 1643 1176 1777">
     <span class='ocr_line' id='line_1_20' title="bbox 164 1643 1176 1704; baseline -0.002 -6"><span class='ocrx_word' id='word_1_124' title='bbox 164 1643 468 1698; x_wconf 87' lang='lat' dir='ltr'><strong>Aeschines</strong></span> <span class='ocrx_word' id='word_1_125' title='bbox 497 1645 744 1704; x_wconf 79' lang='lat' dir='ltr'><strong>MilesiuS,</strong></span> <span class='ocrx_word' id='word_1_126' title='bbox 780 1646 1034 1696; x_wconf 80' lang='lat' dir='ltr'><strong>Asiaticus</strong></span> <span class='ocrx_word' id='word_1_127' title='bbox 1065 1660 1176 1696; x_wconf 88' lang='lat' dir='ltr'><strong>ora·</strong></span> 
     </span>
     <span class='ocr_line' id='line_1_21' title="bbox 235 1712 765 1777; baseline -0.004 -13"><span class='ocrx_word' id='word_1_128' title='bbox 235 1725 333 1774; x_wconf 80' lang='lat' dir='ltr'><strong>tor,-</strong></span> <span class='ocrx_word' id='word_1_129' title='bbox 369 1714 513 1766; x_wconf 87' lang='lat' dir='ltr'><strong>Brut.</strong></span> <span class='ocrx_word' id='word_1_130' title='bbox 537 1715 624 1777; x_wconf 85' lang='lat'><strong>95,</strong></span> <span class='ocrx_word' id='word_1_131' title='bbox 646 1712 765 1763; x_wconf 82' lang='lat'>325.</span> 
     </span>
    </p>

    <p class='ocr_par' dir='ltr' id='par_1_6' title="bbox 164 1781 1176 1984">
     <span class='ocr_line' id='line_1_22' title="bbox 164 1781 1176 1847; baseline -0.003 -12"><span class='ocrx_word' id='word_1_132' title='bbox 164 1781 502 1846; x_wconf 88' lang='lat' dir='ltr'><strong>Aeschines,</strong></span> <span class='ocrx_word' id='word_1_133' title='bbox 537 1783 938 1847; x_wconf 82' lang='lat' dir='ltr'><strong>Neapolitanus,</strong></span> <span class='ocrx_word' id='word_1_134' title='bbox 981 1783 1176 1832; x_wconf 87' lang='lat' dir='ltr'><strong>Acade-</strong></span> 
     </span>
     <span class='ocr_line' id='line_1_23' title="bbox 233 1851 1176 1916; baseline 0 -14"><span class='ocrx_word' id='word_1_135' title='bbox 233 1856 414 1916; x_wconf 77' lang='lat' dir='ltr'><strong>micuS,</strong></span> <span class='ocrx_word' id='word_1_136' title='bbox 429 1852 702 1902; x_wconf 87' lang='lat' dir='ltr'><strong>Carneadis</strong></span> <span class='ocrx_word' id='word_1_137' title='bbox 723 1851 1024 1916; x_wconf 74' lang='lat' dir='ltr'><strong>discipuluS,</strong></span> <span class='ocrx_word' id='word_1_138' title='bbox 1041 1854 1176 1902; x_wconf 89' lang='lat' dir='ltr'><strong>circa</strong></span> 
     </span>
     <span class='ocr_line' id='line_1_24' title="bbox 235 1921 1066 1984; baseline -0.001 -12"><span class='ocrx_word' id='word_1_139' title='bbox 235 1938 281 1976; x_wconf 86' lang='lat' dir='ltr'><strong>a.</strong></span> <span class='ocrx_word' id='word_1_140' title='bbox 304 1939 354 1971; x_wconf 87' lang='lat' dir='ltr'><strong>u.</strong></span> <span class='ocrx_word' id='word_1_141' title='bbox 387 1938 429 1972; x_wconf 90' lang='lat' dir='ltr'><strong>e.</strong></span> <span class='ocrx_word' id='word_1_142' title='bbox 452 1923 596 1984; x_wconf 68' lang='lat'><strong>645„</strong></span> <span class='ocrx_word' id='word_1_143' title='bbox 615 1923 679 1973; x_wconf 88' lang='lat' dir='ltr'><strong>de</strong></span> <span class='ocrx_word' id='word_1_144' title='bbox 701 1938 772 1973; x_wconf 88' lang='lat' dir='ltr'><strong>or.</strong></span> <span class='ocrx_word' id='word_1_145' title='bbox 798 1921 844 1979; x_wconf 93' lang='lat'><strong>1,</strong></span> <span class='ocrx_word' id='word_1_146' title='bbox 874 1921 958 1974; x_wconf 90' lang='grc'><strong>11.</strong></span> <span class='ocrx_word' id='word_1_147' title='bbox 980 1923 1066 1974; x_wconf 96' lang='grc'><strong>45.</strong></span> 
     </span>
    </p>

    <p class='ocr_par' dir='ltr' id='par_1_7' title="bbox 162 1990 1176 2401">
     <span class='ocr_line' id='line_1_25' title="bbox 162 1990 1176 2058; baseline -0.003 -16"><span class='ocrx_word' id='word_1_148' title='bbox 162 1990 434 2042; x_wconf 78' lang='lat' dir='ltr'><strong>Aeschrio</strong></span> <span class='ocrx_word' id='word_1_149' title='bbox 473 1991 853 2058; x_wconf 77' lang='lat' dir='ltr'><strong>SyracusanuS,</strong></span> <span class='ocrx_word' id='word_1_150' title='bbox 899 1992 1010 2041; x_wconf 88' lang='lat' dir='ltr'><strong>eius</strong></span> <span class='ocrx_word' id='word_1_151' title='bbox 1047 2006 1176 2040; x_wconf 81' lang='lat' dir='ltr'><strong>uxor</strong></span> 
     </span>
     <span class='ocr_line' id='line_1_26' title="bbox 232 2062 1175 2126; baseline 0.001 -17"><span class='ocrx_word' id='word_1_152' title='bbox 232 2062 362 2125; x_wconf 88' lang='lat' dir='ltr'><strong>Pipa</strong></span> <span class='ocrx_word' id='word_1_153' title='bbox 389 2071 556 2111; x_wconf 86' lang='lat' dir='ltr'><strong>amata</strong></span> <span class='ocrx_word' id='word_1_154' title='bbox 586 2076 615 2111; x_wconf 89' lang='lat' dir='ltr'><strong>a</strong></span> <span class='ocrx_word' id='word_1_155' title='bbox 634 2062 812 2126; x_wconf 81' lang='lat' dir='ltr'><strong>Verre,</strong></span> <span class='ocrx_word' id='word_1_156' title='bbox 849 2062 996 2109; x_wconf 88' lang='lat' dir='ltr'><strong>Verr.</strong></span> <span class='ocrx_word' id='word_1_157' title='bbox 1025 2076 1175 2110; x_wconf 83' lang='lat' dir='ltr'><strong>accu-</strong></span> 
     </span>
     <span class='ocr_line' id='line_1_27' title="bbox 234 2130 1172 2194; baseline -0.001 -14"><span class='ocrx_word' id='word_1_158' title='bbox 234 2138 329 2180; x_wconf 78' lang='lat' dir='ltr'><strong>sat.</strong></span> <span class='ocrx_word' id='word_1_159' title='bbox 353 2133 400 2185; x_wconf 88' lang='grc'><strong>5,</strong></span> <span class='ocrx_word' id='word_1_160' title='bbox 425 2131 602 2194; x_wconf 90' lang='grc'><strong>12,31.</strong></span> <span class='ocrx_word' id='word_1_161' title='bbox 629 2132 702 2179; x_wconf 84' lang='lat' dir='ltr'><strong>Ib.</strong></span> <span class='ocrx_word' id='word_1_162' title='bbox 725 2130 810 2189; x_wconf 86' lang='lat'><strong>31,</strong></span> <span class='ocrx_word' id='word_1_163' title='bbox 831 2130 917 2180; x_wconf 89' lang='lat'><strong>81.</strong></span> <span class='ocrx_word' id='word_1_164' title='bbox 939 2156 1005 2165; x_wconf 94' lang='lat'><strong>—-</strong></span> <span class='ocrx_word' id='word_1_165' title='bbox 1024 2132 1172 2179; x_wconf 87' lang='lat' dir='ltr'><strong>Verr.</strong></span> 
     </span>
     <span class='ocr_line' id='line_1_28' title="bbox 233 2198 1169 2263; baseline 0.005 -16"><span class='ocrx_word' id='word_1_166' title='bbox 233 2204 471 2251; x_wconf 80' lang='lat' dir='ltr'><strong>Accusat.</strong></span> <span class='ocrx_word' id='word_1_167' title='bbox 507 2202 568 2263; x_wconf 83' lang='lat'><strong>2,</strong></span> <span class='ocrx_word' id='word_1_168' title='bbox 606 2201 688 2256; x_wconf 88' lang='grc'><strong>14,</strong></span> <span class='ocrx_word' id='word_1_169' title='bbox 718 2198 804 2250; x_wconf 89' lang='grc'><strong>36.</strong></span> <span class='ocrx_word' id='word_1_170' title='bbox 853 2199 929 2250; x_wconf 86' lang='lat' dir='ltr'><strong>lb.</strong></span> <span class='ocrx_word' id='word_1_171' title='bbox 962 2200 1054 2255; x_wconf 87' lang='grc'><strong>21,</strong></span> <span class='ocrx_word' id='word_1_172' title='bbox 1083 2200 1169 2252; x_wconf 83' lang='grc'><strong>50.</strong></span> 
     </span>
     <span class='ocr_line' id='line_1_29' title="bbox 229 2267 1168 2333; baseline -0.001 -18"><span class='ocrx_word' id='word_1_173' title='bbox 229 2292 301 2305; x_wconf 92' lang='lat'><strong>—--</strong></span> <span class='ocrx_word' id='word_1_174' title='bbox 344 2268 454 2317; x_wconf 87' lang='lat' dir='ltr'><strong>lbid</strong></span> <span class='ocrx_word' id='word_1_175' title='bbox 515 2269 576 2332; x_wconf 86' lang='lat'><strong>3,</strong></span> <span class='ocrx_word' id='word_1_176' title='bbox 638 2267 736 2331; x_wconf 88' lang='lat'>33,</span> <span class='ocrx_word' id='word_1_177' title='bbox 805 2269 889 2317; x_wconf 95' lang='grc'><strong>77.</strong></span> <span class='ocrx_word' id='word_1_178' title='bbox 965 2267 1168 2333; x_wconf 86' lang='lat' dir='ltr'><strong>Fragm.</strong></span> 
     </span>
     <span class='ocr_line' id='line_1_30' title="bbox 231 2338 434 2401; baseline -0.01 -12"><span class='ocrx_word' id='word_1_179' title='bbox 231 2353 287 2401; x_wconf 90' lang='lat' dir='ltr'><strong>p.</strong></span> <span class='ocrx_word' id='word_1_180' title='bbox 312 2338 434 2387; x_wconf 90' lang='grc'><strong>247.</strong></span> 
     </span>
    </p>

    <p class='ocr_par' dir='ltr' id='par_1_8' title="bbox 161 2404 1174 3090">
     <span class='ocr_line' id='line_1_31' title="bbox 161 2404 1171 2473; baseline -0.001 -17"><span class='ocrx_word' id='word_1_181' title='bbox 161 2404 509 2473; x_wconf 72' lang='lat' dir='ltr'>Aeschylus,</span> <span class='ocrx_word' id='word_1_182' title='bbox 573 2407 799 2472; x_wconf 81' lang='lat' dir='ltr'><strong>tragicus</strong></span> <span class='ocrx_word' id='word_1_183' title='bbox 863 2406 1171 2457; x_wconf 88' lang='lat' dir='ltr'><strong>Graecorum</strong></span> 
     </span>
     <span class='ocr_line' id='line_1_32' title="bbox 230 2474 1170 2540; baseline 0.001 -17"><span class='ocrx_word' id='word_1_184' title='bbox 230 2479 383 2540; x_wconf 69' lang='lat' dir='ltr'><strong>poeta</strong></span> <span class='ocrx_word' id='word_1_185' title='bbox 416 2475 761 2535; x_wconf 85' lang='lat' dir='ltr'><strong>clarissimus,</strong></span> <span class='ocrx_word' id='word_1_186' title='bbox 810 2475 874 2524; x_wconf 87' lang='lat' dir='ltr'><strong>de</strong></span> <span class='ocrx_word' id='word_1_187' title='bbox 910 2490 982 2525; x_wconf 90' lang='lat' dir='ltr'><strong>or.</strong></span> <span class='ocrx_word' id='word_1_188' title='bbox 1016 2474 1073 2539; x_wconf 88' lang='lat'><strong>3,</strong></span> <span class='ocrx_word' id='word_1_189' title='bbox 1119 2477 1170 2540; x_wconf 88' lang='grc'><strong>7,</strong></span> 
     </span>
     <span class='ocr_line' id='line_1_33' title="bbox 231 2544 1174 2609; baseline 0 -15"><span class='ocrx_word' id='word_1_190' title='bbox 231 2546 316 2594; x_wconf 88' lang='grc'><strong>27.</strong></span> <span class='ocrx_word' id='word_1_191' title='bbox 347 2573 415 2583; x_wconf 90' lang='lat'><strong>--</strong></span> <span class='ocrx_word' id='word_1_192' title='bbox 445 2544 754 2607; x_wconf 75' lang='lat' dir='ltr'><strong>Aeschylus,</strong></span> <span class='ocrx_word' id='word_1_193' title='bbox 792 2559 892 2594; x_wconf 86' lang='lat' dir='ltr'><strong>non</strong></span> <span class='ocrx_word' id='word_1_194' title='bbox 919 2547 1070 2609; x_wconf 72' lang='lat' dir='ltr'><strong>poeta</strong></span> <span class='ocrx_word' id='word_1_195' title='bbox 1089 2559 1174 2594; x_wconf 90' lang='lat' dir='ltr'><strong>so-</strong></span> 
     </span>
     <span class='ocr_line' id='line_1_34' title="bbox 231 2612 1170 2678; baseline 0.003 -19"><span class='ocrx_word' id='word_1_196' title='bbox 231 2613 332 2661; x_wconf 88' lang='lat' dir='ltr'><strong>lum</strong></span> <span class='ocrx_word' id='word_1_197' title='bbox 350 2649 365 2677; x_wconf 96' lang='lat'><strong>,</strong></span> <span class='ocrx_word' id='word_1_198' title='bbox 435 2614 527 2663; x_wconf 89' lang='lat' dir='ltr'><strong>sed</strong></span> <span class='ocrx_word' id='word_1_199' title='bbox 581 2616 732 2663; x_wconf 84' lang='lat' dir='ltr'><strong>etiam</strong></span> <span class='ocrx_word' id='word_1_200' title='bbox 800 2612 1170 2678; x_wconf 77' lang='lat' dir='ltr'><strong>Pythagoreus,</strong></span> 
     </span>
     <span class='ocr_line' id='line_1_35' title="bbox 229 2680 1170 2741; baseline 0.002 -12"><span class='ocrx_word' id='word_1_201' title='bbox 229 2683 382 2731; x_wconf 89' lang='lat' dir='ltr'><strong>Tusc.</strong></span> <span class='ocrx_word' id='word_1_202' title='bbox 409 2682 461 2741; x_wconf 84' lang='lat'><strong>2,</strong></span> <span class='ocrx_word' id='word_1_203' title='bbox 492 2680 574 2741; x_wconf 88' lang='grc'><strong>10,</strong></span> <span class='ocrx_word' id='word_1_204' title='bbox 595 2680 682 2735; x_wconf 87' lang='grc'><strong>23.</strong></span> <span class='ocrx_word' id='word_1_205' title='bbox 728 2706 794 2718; x_wconf 87' lang='lat'><strong>-—</strong></span> <span class='ocrx_word' id='word_1_206' title='bbox 828 2683 1023 2732; x_wconf 85' lang='lat' dir='ltr'>Versus</span> <span class='ocrx_word' id='word_1_207' title='bbox 1061 2683 1170 2732; x_wconf 87' lang='lat' dir='ltr'><strong>eius</strong></span> 
     </span>
     <span class='ocr_line' id='line_1_36' title="bbox 231 2750 1171 2807; baseline 0.001 -9"><span class='ocrx_word' id='word_1_208' title='bbox 231 2751 295 2799; x_wconf 87' lang='lat' dir='ltr'><strong>de</strong></span> <span class='ocrx_word' id='word_1_209' title='bbox 328 2750 627 2802; x_wconf 83' lang='lat' dir='ltr'><strong>Prometheo</strong></span> <span class='ocrx_word' id='word_1_210' title='bbox 669 2752 835 2800; x_wconf 85' lang='lat' dir='ltr'><strong>vincto</strong></span> <span class='ocrx_word' id='word_1_211' title='bbox 865 2766 895 2807; x_wconf 80' lang='lat' dir='ltr'><strong>a</strong></span> <span class='ocrx_word' id='word_1_212' title='bbox 931 2751 1171 2802; x_wconf 82' lang='lat' dir='ltr'><strong>Cicerone</strong></span> 
     </span>
     <span class='ocr_line' id='line_1_37' title="bbox 230 2818 1166 2881; baseline 0.004 -14"><span class='ocrx_word' id='word_1_213' title='bbox 230 2821 282 2867; x_wconf 88' lang='lat' dir='ltr'><strong>in</strong></span> <span class='ocrx_word' id='word_1_214' title='bbox 315 2818 551 2869; x_wconf 77' lang='lat' dir='ltr'><strong>Latinum</strong></span> <span class='ocrx_word' id='word_1_215' title='bbox 591 2821 849 2880; x_wconf 83' lang='lat' dir='ltr'><strong>conversi,</strong></span> <span class='ocrx_word' id='word_1_216' title='bbox 879 2820 1081 2869; x_wconf 89' lang='lat' dir='ltr'><strong>Tuscul.</strong></span> <span class='ocrx_word' id='word_1_217' title='bbox 1117 2820 1166 2881; x_wconf 91' lang='lat'><strong>3,</strong></span> 
     </span>
     <span class='ocr_line' id='line_1_38' title="bbox 227 2888 1168 2947; baseline -0.003 -8"><span class='ocrx_word' id='word_1_218' title='bbox 227 2888 315 2947; x_wconf 86' lang='lat'><strong>31,</strong></span> <span class='ocrx_word' id='word_1_219' title='bbox 338 2889 422 2939; x_wconf 93' lang='grc'><strong>76.</strong></span> <span class='ocrx_word' id='word_1_220' title='bbox 443 2914 511 2925; x_wconf 87' lang='lat'><strong>—-</strong></span> <span class='ocrx_word' id='word_1_221' title='bbox 540 2890 735 2939; x_wconf 85' lang='lat' dir='ltr'><strong>Versus</strong></span> <span class='ocrx_word' id='word_1_222' title='bbox 755 2890 865 2938; x_wconf 88' lang='lat' dir='ltr'><strong>eius</strong></span> <span class='ocrx_word' id='word_1_223' title='bbox 883 2889 946 2939; x_wconf 89' lang='lat' dir='ltr'><strong>de</strong></span> <span class='ocrx_word' id='word_1_224' title='bbox 963 2888 1168 2938; x_wconf 88' lang='lat' dir='ltr'><strong>Prome-</strong></span> 
     </span>
     <span class='ocr_line' id='line_1_39' title="bbox 227 2956 1167 3008; baseline 0.001 -3"><span class='ocrx_word' id='word_1_225' title='bbox 227 2956 347 3006; x_wconf 88' lang='lat' dir='ltr'><strong>theo</strong></span> <span class='ocrx_word' id='word_1_226' title='bbox 369 2957 535 3008; x_wconf 79' lang='lat' dir='ltr'><strong>soluto</strong></span> <span class='ocrx_word' id='word_1_227' title='bbox 559 2972 589 3007; x_wconf 87' lang='lat' dir='ltr'><strong>a</strong></span> <span class='ocrx_word' id='word_1_228' title='bbox 604 2958 846 3008; x_wconf 87' lang='lat' dir='ltr'><strong>Cicerone</strong></span> <span class='ocrx_word' id='word_1_229' title='bbox 865 2958 913 3006; x_wconf 90' lang='lat' dir='ltr'><strong>in</strong></span> <span class='ocrx_word' id='word_1_230' title='bbox 932 2957 1167 3008; x_wconf 84' lang='lat' dir='ltr'><strong>Latinum</strong></span> 
     </span>
     <span class='ocr_line' id='line_1_40' title="bbox 231 3025 1167 3090; baseline 0.002 -16"><span class='ocrx_word' id='word_1_231' title='bbox 231 3029 494 3085; x_wconf 88' lang='lat' dir='ltr'><strong>conversi,</strong></span> <span class='ocrx_word' id='word_1_232' title='bbox 539 3026 745 3076; x_wconf 89' lang='lat' dir='ltr'><strong>Tuscul.</strong></span> <span class='ocrx_word' id='word_1_233' title='bbox 778 3028 840 3090; x_wconf 90' lang='grc'><strong>2,</strong></span> <span class='ocrx_word' id='word_1_234' title='bbox 877 3026 968 3087; x_wconf 89' lang='grc'><strong>10,</strong></span> <span class='ocrx_word' id='word_1_235' title='bbox 992 3025 1077 3077; x_wconf 89' lang='grc'><strong>23.</strong></span> <span class='ocrx_word' id='word_1_236' title='bbox 1098 3054 1167 3065; x_wconf 90' lang='grc'><strong>-</strong></span> 
     </span>
    </p>
   </div>
   <div class='ocr_carea' id='block_1_3' title="bbox 778 175 1667 234">
    <p class='ocr_par' dir='ltr' id='par_1_9' title="bbox 778 175 1667 234">
     <span class='ocr_line' id='line_1_41' title="bbox 778 175 1667 234; baseline 0.003 -13"><span class='ocrx_word' id='word_1_237' title='bbox 778 175 1271 234; x_wconf 67' lang='lat' dir='ltr'><strong>Aisoumsmnu</strong></span> <span class='ocrx_word' id='word_1_238' title='bbox 1300 195 1385 209; x_wconf 82' lang='lat'><strong>—-</strong></span> <span class='ocrx_word' id='word_1_239' title='bbox 1410 176 1667 224; x_wconf 79' lang='lat' dir='ltr'><strong>AETNA.</strong></span> 
     </span>
    </p>
   </div>
   <div class='ocr_carea' id='block_1_4' title="bbox 1240 331 2267 3089">
    <p class='ocr_par' dir='ltr' id='par_1_10' title="bbox 1256 331 2267 466">
     <span class='ocr_line' id='line_1_42' title="bbox 1256 331 2267 400; baseline 0.007 -18"><span class='ocrx_word' id='word_1_240' title='bbox 1256 331 1571 400; x_wconf 74' lang='lat' dir='ltr'><strong>Aeschylus</strong></span> <span class='ocrx_word' id='word_1_241' title='bbox 1594 334 1983 400; x_wconf 75' lang='lat' dir='ltr'><strong>TyndaritanuS,</strong></span> <span class='ocrx_word' id='word_1_242' title='bbox 2011 338 2156 390; x_wconf 82' lang='lat' dir='ltr'><strong>Verr.</strong></span> <span class='ocrx_word' id='word_1_243' title='bbox 2184 354 2267 389; x_wconf 69' lang='lat' dir='ltr'><strong>at&gt;-</strong></span> 
     </span>
     <span class='ocr_line' id='line_1_43' title="bbox 1324 403 1797 466; baseline 0.006 -15"><span class='ocrx_word' id='word_1_244' title='bbox 1324 412 1484 451; x_wconf 84' lang='lat' dir='ltr'><strong>cusat.</strong></span> <span class='ocrx_word' id='word_1_245' title='bbox 1511 405 1562 466; x_wconf 92' lang='lat'><strong>4,</strong></span> <span class='ocrx_word' id='word_1_246' title='bbox 1598 405 1685 466; x_wconf 89' lang='grc'><strong>22,</strong></span> <span class='ocrx_word' id='word_1_247' title='bbox 1710 403 1797 454; x_wconf 89' lang='grc'><strong>48.</strong></span> 
     </span>
    </p>

    <p class='ocr_par' dir='ltr' id='par_1_11' title="bbox 1253 469 2265 1500">
     <span class='ocr_line' id='line_1_44' title="bbox 1253 469 2265 538; baseline 0.004 -16"><span class='ocrx_word' id='word_1_248' title='bbox 1253 469 1653 536; x_wconf 77' lang='lat' dir='ltr'><strong>Aesculapius,</strong></span> <span class='ocrx_word' id='word_1_249' title='bbox 1687 473 1942 538; x_wconf 79' lang='lat' dir='ltr'><strong>Apollinis</strong></span> <span class='ocrx_word' id='word_1_250' title='bbox 1980 475 2141 538; x_wconf 84' lang='lat' dir='ltr'><strong>filius,</strong></span> <span class='ocrx_word' id='word_1_251' title='bbox 2178 491 2265 526; x_wconf 88' lang='lat' dir='ltr'><strong>au-</strong></span> 
     </span>
     <span class='ocr_line' id='line_1_45' title="bbox 1326 543 2265 609; baseline 0.006 -19"><span class='ocrx_word' id='word_1_252' title='bbox 1326 549 1433 590; x_wconf 87' lang='lat' dir='ltr'><strong>ctor</strong></span> <span class='ocrx_word' id='word_1_253' title='bbox 1470 555 1529 590; x_wconf 89' lang='lat' dir='ltr'><strong>ac</strong></span> <span class='ocrx_word' id='word_1_254' title='bbox 1558 543 1799 608; x_wconf 87' lang='lat' dir='ltr'><strong>princeps</strong></span> <span class='ocrx_word' id='word_1_255' title='bbox 1829 544 2159 609; x_wconf 87' lang='lat' dir='ltr'><strong>medicorum,</strong></span> <span class='ocrx_word' id='word_1_256' title='bbox 2200 549 2265 596; x_wconf 85' lang='lat' dir='ltr'><strong>ad</strong></span> 
     </span>
     <span class='ocr_line' id='line_1_46' title="bbox 1326 610 2259 678; baseline 0.004 -18"><span class='ocrx_word' id='word_1_257' title='bbox 1326 611 1446 660; x_wconf 79' lang='lat' dir='ltr'><strong>fam.</strong></span> <span class='ocrx_word' id='word_1_258' title='bbox 1473 611 1557 674; x_wconf 92' lang='lat'><strong>14,</strong></span> <span class='ocrx_word' id='word_1_259' title='bbox 1585 613 1635 675; x_wconf 89' lang='grc'><strong>7,</strong></span> <span class='ocrx_word' id='word_1_260' title='bbox 1659 610 1706 660; x_wconf 93' lang='grc'><strong>1.</strong></span> <span class='ocrx_word' id='word_1_261' title='bbox 1749 613 1812 662; x_wconf 87' lang='lat' dir='ltr'><strong>de</strong></span> <span class='ocrx_word' id='word_1_262' title='bbox 1838 627 1888 660; x_wconf 89' lang='lat' dir='ltr'><strong>u.</strong></span> <span class='ocrx_word' id='word_1_263' title='bbox 1914 615 1965 662; x_wconf 91' lang='lat' dir='ltr'><strong>d.</strong></span> <span class='ocrx_word' id='word_1_264' title='bbox 1987 615 2038 672; x_wconf 91' lang='grc'><strong>2,</strong></span> <span class='ocrx_word' id='word_1_265' title='bbox 2064 615 2150 678; x_wconf 90' lang='grc'><strong>21,</strong></span> <span class='ocrx_word' id='word_1_266' title='bbox 2172 615 2259 666; x_wconf 90' lang='grc'><strong>64.</strong></span> 
     </span>
     <span class='ocr_line' id='line_1_47' title="bbox 1324 677 2265 744; baseline 0.012 -16"><span class='ocrx_word' id='word_1_267' title='bbox 1324 680 1401 734; x_wconf 80' lang='lat' dir='ltr'><strong>lb,</strong></span> <span class='ocrx_word' id='word_1_268' title='bbox 1426 677 1475 740; x_wconf 89' lang='lat'><strong>3,</strong></span> <span class='ocrx_word' id='word_1_269' title='bbox 1504 681 1587 744; x_wconf 88' lang='lat'><strong>15,</strong></span> <span class='ocrx_word' id='word_1_270' title='bbox 1608 679 1691 734; x_wconf 85' lang='lat'><strong>39.</strong></span> <span class='ocrx_word' id='word_1_271' title='bbox 1731 680 1795 733; x_wconf 89' lang='lat' dir='ltr'><strong>cl.</strong></span> <span class='ocrx_word' id='word_1_272' title='bbox 1816 681 1889 730; x_wconf 88' lang='lat' dir='ltr'><strong>ib.</strong></span> <span class='ocrx_word' id='word_1_273' title='bbox 1910 681 1961 741; x_wconf 88' lang='lat'><strong>3,</strong></span> <span class='ocrx_word' id='word_1_274' title='bbox 1981 684 2065 739; x_wconf 84' lang='lat'><strong>22,</strong></span> <span class='ocrx_word' id='word_1_275' title='bbox 2091 685 2176 737; x_wconf 83' lang='lat'><strong>57.</strong></span> <span class='ocrx_word' id='word_1_276' title='bbox 2216 685 2265 740; x_wconf 71' lang='grc'><strong>3.</strong></span> 
     </span>
     <span class='ocr_line' id='line_1_48' title="bbox 1326 747 2265 813; baseline 0.005 -14"><span class='ocrx_word' id='word_1_277' title='bbox 1326 747 1421 811; x_wconf 87' lang='grc'><strong>38,</strong></span> <span class='ocrx_word' id='word_1_278' title='bbox 1466 748 1554 800; x_wconf 90' lang='grc'><strong>91.</strong></span> <span class='ocrx_word' id='word_1_279' title='bbox 1614 750 1680 798; x_wconf 90' lang='lat' dir='ltr'><strong>de</strong></span> <span class='ocrx_word' id='word_1_280' title='bbox 1722 750 1880 799; x_wconf 86' lang='lat' dir='ltr'><strong>divin.</strong></span> <span class='ocrx_word' id='word_1_281' title='bbox 1924 752 1976 813; x_wconf 94' lang='grc'><strong>2,</strong></span> <span class='ocrx_word' id='word_1_282' title='bbox 2010 753 2106 813; x_wconf 89' lang='grc'><strong>59,</strong></span> <span class='ocrx_word' id='word_1_283' title='bbox 2145 753 2265 804; x_wconf 91' lang='grc'><strong>123.</strong></span> 
     </span>
     <span class='ocr_line' id='line_1_49' title="bbox 1327 819 2261 885; baseline 0.006 -19"><span class='ocrx_word' id='word_1_284' title='bbox 1327 819 1450 868; x_wconf 80' lang='lat' dir='ltr'><strong>Eius</strong></span> <span class='ocrx_word' id='word_1_285' title='bbox 1472 819 1664 884; x_wconf 89' lang='lat' dir='ltr'><strong>cultus,</strong></span> <span class='ocrx_word' id='word_1_286' title='bbox 1698 819 1761 868; x_wconf 86' lang='lat' dir='ltr'><strong>de</strong></span> <span class='ocrx_word' id='word_1_287' title='bbox 1795 819 1933 885; x_wconf 80' lang='lat' dir='ltr'><strong>legg.</strong></span> <span class='ocrx_word' id='word_1_288' title='bbox 1956 821 2007 880; x_wconf 82' lang='lat'><strong>2,</strong></span> <span class='ocrx_word' id='word_1_289' title='bbox 2028 821 2077 880; x_wconf 91' lang='grc'><strong>8,</strong></span> <span class='ocrx_word' id='word_1_290' title='bbox 2095 822 2177 872; x_wconf 89' lang='grc'><strong>19.</strong></span> <span class='ocrx_word' id='word_1_291' title='bbox 2196 851 2261 862; x_wconf 76' lang='lat'><strong>‹—</strong></span> 
     </span>
     <span class='ocr_line' id='line_1_50' title="bbox 1325 887 2264 953; baseline 0.006 -17"><span class='ocrx_word' id='word_1_292' title='bbox 1325 889 1389 936; x_wconf 89' lang='lat' dir='ltr'><strong>de</strong></span> <span class='ocrx_word' id='word_1_293' title='bbox 1418 902 1471 940; x_wconf 90' lang='lat' dir='ltr'><strong>n.</strong></span> <span class='ocrx_word' id='word_1_294' title='bbox 1510 889 1563 937; x_wconf 86' lang='lat' dir='ltr'><strong>d.</strong></span> <span class='ocrx_word' id='word_1_295' title='bbox 1600 888 1652 948; x_wconf 89' lang='lat'><strong>3,</strong></span> <span class='ocrx_word' id='word_1_296' title='bbox 1689 887 1770 953; x_wconf 89' lang='lat'><strong>18,</strong></span> <span class='ocrx_word' id='word_1_297' title='bbox 1798 891 1884 940; x_wconf 83' lang='lat'><strong>45.</strong></span> <span class='ocrx_word' id='word_1_298' title='bbox 1941 888 2063 940; x_wconf 90' lang='lat' dir='ltr'><strong>Eius</strong></span> <span class='ocrx_word' id='word_1_299' title='bbox 2097 899 2264 942; x_wconf 85' lang='lat' dir='ltr'><strong>statua</strong></span> 
     </span>
     <span class='ocr_line' id='line_1_51' title="bbox 1323 957 2261 1026; baseline 0.005 -21"><span class='ocrx_word' id='word_1_300' title='bbox 1323 957 1569 1020; x_wconf 81' lang='lat' dir='ltr'><strong>Epidauri</strong></span> <span class='ocrx_word' id='word_1_301' title='bbox 1598 957 1818 1022; x_wconf 83' lang='lat' dir='ltr'><strong>spoliata</strong></span> <span class='ocrx_word' id='word_1_302' title='bbox 1844 973 1874 1006; x_wconf 90' lang='lat' dir='ltr'><strong>a</strong></span> <span class='ocrx_word' id='word_1_303' title='bbox 1901 957 2163 1026; x_wconf 72' lang='lat' dir='ltr'><strong>Dionysio,</strong></span> <span class='ocrx_word' id='word_1_304' title='bbox 2198 962 2261 1010; x_wconf 87' lang='lat' dir='ltr'><strong>de</strong></span> 
     </span>
     <span class='ocr_line' id='line_1_52' title="bbox 1321 1023 2258 1090; baseline 0.007 -16"><span class='ocrx_word' id='word_1_305' title='bbox 1321 1041 1373 1075; x_wconf 89' lang='lat' dir='ltr'><strong>n.</strong></span> <span class='ocrx_word' id='word_1_306' title='bbox 1393 1026 1447 1076; x_wconf 86' lang='lat' dir='ltr'><strong>d.</strong></span> <span class='ocrx_word' id='word_1_307' title='bbox 1466 1023 1519 1090; x_wconf 84' lang='lat'><strong>3,</strong></span> <span class='ocrx_word' id='word_1_308' title='bbox 1547 1025 1633 1086; x_wconf 88' lang='grc'><strong>34,</strong></span> <span class='ocrx_word' id='word_1_309' title='bbox 1647 1025 1732 1076; x_wconf 88' lang='grc'><strong>83.</strong></span> <span class='ocrx_word' id='word_1_310' title='bbox 1772 1053 1839 1064; x_wconf 87' lang='grc'>-</span> <span class='ocrx_word' id='word_1_311' title='bbox 1868 1026 2029 1077; x_wconf 90' lang='lat' dir='ltr'><strong>Simul</strong></span> <span class='ocrx_word' id='word_1_312' title='bbox 2066 1045 2179 1079; x_wconf 91' lang='lat' dir='ltr'><strong>cum</strong></span> <span class='ocrx_word' id='word_1_313' title='bbox 2202 1046 2258 1081; x_wconf 91' lang='lat' dir='ltr'><strong>eo</strong></span> 
     </span>
     <span class='ocr_line' id='line_1_53' title="bbox 1324 1094 2257 1158; baseline 0.004 -14"><span class='ocrx_word' id='word_1_314' title='bbox 1324 1094 1591 1158; x_wconf 74' lang='lat' dir='ltr'><strong>Syracusis</strong></span> <span class='ocrx_word' id='word_1_315' title='bbox 1611 1095 1877 1145; x_wconf 79' lang='lat' dir='ltr'><strong>colebatur</strong></span> <span class='ocrx_word' id='word_1_316' title='bbox 1898 1098 2085 1155; x_wconf 88' lang='lat' dir='ltr'><strong>Paean,</strong></span> <span class='ocrx_word' id='word_1_317' title='bbox 2112 1100 2257 1148; x_wconf 85' lang='lat' dir='ltr'><strong>Verr.</strong></span> 
     </span>
     <span class='ocr_line' id='line_1_54' title="bbox 1322 1165 2259 1229; baseline 0.004 -17"><span class='ocrx_word' id='word_1_318' title='bbox 1322 1171 1544 1215; x_wconf 77' lang='lat' dir='ltr'><strong>accusat.</strong></span> <span class='ocrx_word' id='word_1_319' title='bbox 1570 1166 1635 1227; x_wconf 88' lang='grc'><strong>4,</strong></span> <span class='ocrx_word' id='word_1_320' title='bbox 1668 1165 1752 1229; x_wconf 88' lang='grc'><strong>57,</strong></span> <span class='ocrx_word' id='word_1_321' title='bbox 1781 1165 1897 1218; x_wconf 88' lang='grc'><strong>128.</strong></span> <span class='ocrx_word' id='word_1_322' title='bbox 1936 1193 2002 1202; x_wconf 90' lang='lat'><strong>--</strong></span> <span class='ocrx_word' id='word_1_323' title='bbox 2037 1167 2159 1216; x_wconf 85' lang='lat' dir='ltr'><strong>Eius</strong></span> <span class='ocrx_word' id='word_1_324' title='bbox 2183 1168 2259 1216; x_wconf 80' lang='lat' dir='ltr'><strong>fa-</strong></span> 
     </span>
     <span class='ocr_line' id='line_1_55' title="bbox 1321 1233 2257 1300; baseline 0.005 -20"><span class='ocrx_word' id='word_1_325' title='bbox 1321 1247 1442 1282; x_wconf 88' lang='lat' dir='ltr'><strong>num</strong></span> <span class='ocrx_word' id='word_1_326' title='bbox 1474 1233 1759 1298; x_wconf 78' lang='lat' dir='ltr'><strong>Agrigenti,</strong></span> <span class='ocrx_word' id='word_1_327' title='bbox 1780 1235 1927 1286; x_wconf 88' lang='lat' dir='ltr'><strong>Verr.</strong></span> <span class='ocrx_word' id='word_1_328' title='bbox 1956 1244 2174 1285; x_wconf 78' lang='lat' dir='ltr'><strong>accusat.</strong></span> <span class='ocrx_word' id='word_1_329' title='bbox 2207 1238 2257 1300; x_wconf 93' lang='lat'><strong>4,</strong></span> 
     </span>
     <span class='ocr_line' id='line_1_56' title="bbox 1322 1301 2258 1368; baseline 0.004 -17"><span class='ocrx_word' id='word_1_330' title='bbox 1322 1301 1406 1362; x_wconf 83' lang='lat'><strong>43,</strong></span> <span class='ocrx_word' id='word_1_331' title='bbox 1434 1301 1521 1354; x_wconf 86' lang='lat'><strong>93.</strong></span> <span class='ocrx_word' id='word_1_332' title='bbox 1556 1327 1605 1337; x_wconf 91' lang='lat'><strong>—-·</strong></span> <span class='ocrx_word' id='word_1_333' title='bbox 1641 1303 1940 1368; x_wconf 81' lang='lat' dir='ltr'><strong>Aesculapii</strong></span> <span class='ocrx_word' id='word_1_334' title='bbox 1961 1303 2131 1366; x_wconf 88' lang='lat' dir='ltr'><strong>liberi,</strong></span> <span class='ocrx_word' id='word_1_335' title='bbox 2162 1307 2258 1354; x_wconf 88' lang='lat' dir='ltr'><strong>Po-</strong></span> 
     </span>
     <span class='ocr_line' id='line_1_57' title="bbox 1322 1370 2257 1434; baseline 0.003 -15"><span class='ocrx_word' id='word_1_336' title='bbox 1322 1370 1535 1420; x_wconf 86' lang='lat' dir='ltr'><strong>dalirius</strong></span> <span class='ocrx_word' id='word_1_337' title='bbox 1574 1377 1621 1419; x_wconf 87' lang='lat' dir='ltr'><strong>et</strong></span> <span class='ocrx_word' id='word_1_338' title='bbox 1651 1370 1912 1420; x_wconf 83' lang='lat' dir='ltr'><strong>Machaon.</strong></span> <span class='ocrx_word' id='word_1_339' title='bbox 1961 1373 2168 1423; x_wconf 90' lang='lat' dir='ltr'><strong>Tuscul.</strong></span> <span class='ocrx_word' id='word_1_340' title='bbox 2206 1375 2257 1434; x_wconf 88' lang='grc'><strong>2,</strong></span> 
     </span>
     <span class='ocr_line' id='line_1_58' title="bbox 1322 1438 1930 1500; baseline 0 -11"><span class='ocrx_word' id='word_1_341' title='bbox 1322 1438 1405 1498; x_wconf 92' lang='grc'><strong>16,</strong></span> <span class='ocrx_word' id='word_1_342' title='bbox 1429 1438 1514 1490; x_wconf 87' lang='grc'><strong>38.</strong></span> <span class='ocrx_word' id='word_1_343' title='bbox 1556 1447 1681 1488; x_wconf 85' lang='lat' dir='ltr'><strong>orat.</strong></span> <span class='ocrx_word' id='word_1_344' title='bbox 1704 1439 1790 1500; x_wconf 88' lang='grc'><strong>46,</strong></span> <span class='ocrx_word' id='word_1_345' title='bbox 1813 1441 1930 1495; x_wconf 86' lang='grc'><strong>155.</strong></span> 
     </span>
    </p>

    <p class='ocr_par' dir='ltr' id='par_1_12' title="bbox 1251 1504 2259 1639">
     <span class='ocr_line' id='line_1_59' title="bbox 1251 1504 2259 1573; baseline 0.004 -17"><span class='ocrx_word' id='word_1_346' title='bbox 1251 1504 1524 1557; x_wconf 78' lang='lat' dir='ltr'><strong>Aesernia</strong></span> <span class='ocrx_word' id='word_1_347' title='bbox 1564 1509 1813 1573; x_wconf 88' lang='lat' dir='ltr'><strong>oppidum</strong></span> <span class='ocrx_word' id='word_1_348' title='bbox 1846 1509 2149 1561; x_wconf 75' lang='lat' dir='ltr'><strong>Samnitium</strong></span> <span class='ocrx_word' id='word_1_349' title='bbox 2192 1512 2259 1560; x_wconf 90' lang='lat' dir='ltr'><strong>ad</strong></span> 
     </span>
     <span class='ocr_line' id='line_1_60' title="bbox 1320 1577 2253 1639; baseline 0.003 -14"><span class='ocrx_word' id='word_1_350' title='bbox 1320 1578 1517 1626; x_wconf 82' lang='lat' dir='ltr'><strong>laevam</strong></span> <span class='ocrx_word' id='word_1_351' title='bbox 1548 1577 1811 1639; x_wconf 82' lang='lat' dir='ltr'><strong>Volturni,</strong></span> <span class='ocrx_word' id='word_1_352' title='bbox 1854 1579 1920 1627; x_wconf 87' lang='lat' dir='ltr'><strong>ad</strong></span> <span class='ocrx_word' id='word_1_353' title='bbox 1947 1581 2049 1632; x_wconf 88' lang='lat' dir='ltr'><strong>Att.</strong></span> <span class='ocrx_word' id='word_1_354' title='bbox 2074 1580 2137 1639; x_wconf 92' lang='lat'><strong>8,</strong></span> <span class='ocrx_word' id='word_1_355' title='bbox 2173 1581 2253 1630; x_wconf 89' lang='lat'><strong>11.</strong></span> 
     </span>
    </p>

    <p class='ocr_par' dir='ltr' id='par_1_13' title="bbox 1246 1710 2253 1916">
     <span class='ocr_line' id='line_1_61' title="bbox 1246 1710 2253 1780; baseline 0 -15"><span class='ocrx_word' id='word_1_356' title='bbox 1246 1710 1617 1777; x_wconf 84' lang='lat' dir='ltr'><strong>Aeserninus,</strong></span> <span class='ocrx_word' id='word_1_357' title='bbox 1678 1715 1933 1780; x_wconf 80' lang='lat' dir='ltr'><strong>gladiator</strong></span> <span class='ocrx_word' id='word_1_358' title='bbox 1987 1731 2017 1764; x_wconf 87' lang='lat' dir='ltr'><strong>a</strong></span> <span class='ocrx_word' id='word_1_359' title='bbox 2060 1716 2253 1766; x_wconf 89' lang='lat' dir='ltr'><strong>Lucilio</strong></span> 
     </span>
     <span class='ocr_line' id='line_1_62' title="bbox 1318 1783 2250 1846; baseline 0.003 -14"><span class='ocrx_word' id='word_1_360' title='bbox 1318 1790 1759 1845; x_wconf 86' lang='lat' dir='ltr'><strong>commemoratus,</strong></span> <span class='ocrx_word' id='word_1_361' title='bbox 1781 1784 1846 1833; x_wconf 82' lang='lat' dir='ltr'><strong>ad</strong></span> <span class='ocrx_word' id='word_1_362' title='bbox 1870 1783 1930 1842; x_wconf 80' lang='lat' dir='ltr'>Q,</span> <span class='ocrx_word' id='word_1_363' title='bbox 1956 1783 2022 1832; x_wconf 78' lang='lat' dir='ltr'><strong>fr.</strong></span> <span class='ocrx_word' id='word_1_364' title='bbox 2046 1785 2098 1846; x_wconf 91' lang='lat'><strong>3,</strong></span> <span class='ocrx_word' id='word_1_365' title='bbox 2121 1789 2171 1844; x_wconf 88' lang='lat'><strong>4,</strong></span> <span class='ocrx_word' id='word_1_366' title='bbox 2200 1787 2250 1837; x_wconf 92' lang='grc'><strong>2.</strong></span> 
     </span>
     <span class='ocr_line' id='line_1_63' title="bbox 1317 1853 1925 1916; baseline 0 -15"><span class='ocrx_word' id='word_1_367' title='bbox 1317 1854 1380 1901; x_wconf 87' lang='lat' dir='ltr'><strong>de</strong></span> <span class='ocrx_word' id='word_1_368' title='bbox 1402 1860 1509 1916; x_wconf 88' lang='lat' dir='ltr'><strong>opt.</strong></span> <span class='ocrx_word' id='word_1_369' title='bbox 1535 1867 1653 1916; x_wconf 88' lang='lat' dir='ltr'><strong>gen.</strong></span> <span class='ocrx_word' id='word_1_370' title='bbox 1676 1867 1749 1905; x_wconf 89' lang='lat' dir='ltr'><strong>or.</strong></span> <span class='ocrx_word' id='word_1_371' title='bbox 1773 1854 1823 1912; x_wconf 93' lang='grc'><strong>6,</strong></span> <span class='ocrx_word' id='word_1_372' title='bbox 1841 1853 1925 1902; x_wconf 91' lang='grc'><strong>17.</strong></span> 
     </span>
    </p>

    <p class='ocr_par' dir='ltr' id='par_1_14' title="bbox 1246 1919 2255 2119">
     <span class='ocr_line' id='line_1_64' title="bbox 1246 1919 2255 1987; baseline 0.001 -15"><span class='ocrx_word' id='word_1_373' title='bbox 1246 1919 1616 1981; x_wconf 83' lang='lat' dir='ltr'><strong>Aeserninus,</strong></span> <span class='ocrx_word' id='word_1_374' title='bbox 1657 1936 1938 1987; x_wconf 86' lang='lat' dir='ltr'><strong>cognomen</strong></span> <span class='ocrx_word' id='word_1_375' title='bbox 1960 1922 2027 1974; x_wconf 89' lang='lat' dir='ltr'><strong>M.</strong></span> <span class='ocrx_word' id='word_1_376' title='bbox 2056 1921 2255 1973; x_wconf 83' lang='lat' dir='ltr'><strong>Claudii</strong></span> 
     </span>
     <span class='ocr_line' id='line_1_65' title="bbox 1318 1990 2253 2054; baseline 0.003 -14"><span class='ocrx_word' id='word_1_377' title='bbox 1318 1990 1561 2050; x_wconf 83' lang='lat' dir='ltr'><strong>Marcelli,</strong></span> <span class='ocrx_word' id='word_1_378' title='bbox 1579 1990 1671 2039; x_wconf 87' lang='lat' dir='ltr'><strong>filii</strong></span> <span class='ocrx_word' id='word_1_379' title='bbox 1696 1992 1764 2043; x_wconf 90' lang='lat' dir='ltr'><strong>M.</strong></span> <span class='ocrx_word' id='word_1_380' title='bbox 1788 1990 1985 2040; x_wconf 84' lang='lat' dir='ltr'><strong>Claudii</strong></span> <span class='ocrx_word' id='word_1_381' title='bbox 2010 1992 2253 2054; x_wconf 88' lang='lat' dir='ltr'><strong>Marcelli,</strong></span> 
     </span>
     <span class='ocr_line' id='line_1_66' title="bbox 1313 2059 1707 2119; baseline -0.008 -10"><span class='ocrx_word' id='word_1_382' title='bbox 1313 2060 1455 2111; x_wconf 85' lang='lat' dir='ltr'><strong>Brut.</strong></span> <span class='ocrx_word' id='word_1_383' title='bbox 1480 2059 1564 2119; x_wconf 87' lang='lat'><strong>36,</strong></span> <span class='ocrx_word' id='word_1_384' title='bbox 1590 2059 1707 2110; x_wconf 85' lang='grc'><strong>136.</strong></span> 
     </span>
    </p>

    <p class='ocr_par' dir='ltr' id='par_1_15' title="bbox 1244 2128 2255 2602">
     <span class='ocr_line' id='line_1_67' title="bbox 1244 2128 2255 2194; baseline -0.001 -15"><span class='ocrx_word' id='word_1_385' title='bbox 1244 2128 1523 2194; x_wconf 88' lang='lat' dir='ltr'><strong>Aesopus,</strong></span> <span class='ocrx_word' id='word_1_386' title='bbox 1555 2128 1735 2178; x_wconf 87' lang='lat' dir='ltr'><strong>histrio</strong></span> <span class='ocrx_word' id='word_1_387' title='bbox 1768 2128 2151 2191; x_wconf 87' lang='lat' dir='ltr'><strong>nobilissimus,</strong></span> <span class='ocrx_word' id='word_1_388' title='bbox 2193 2131 2255 2178; x_wconf 90' lang='lat' dir='ltr'><strong>de</strong></span> 
     </span>
     <span class='ocr_line' id='line_1_68' title="bbox 1316 2195 2253 2259; baseline -0.001 -11"><span class='ocrx_word' id='word_1_389' title='bbox 1316 2200 1479 2249; x_wconf 88' lang='lat' dir='ltr'><strong>divin.</strong></span> <span class='ocrx_word' id='word_1_390' title='bbox 1512 2199 1561 2257; x_wconf 91' lang='lat'><strong>1,</strong></span> <span class='ocrx_word' id='word_1_391' title='bbox 1587 2196 1674 2258; x_wconf 89' lang='grc'><strong>37,</strong></span> <span class='ocrx_word' id='word_1_392' title='bbox 1704 2195 1789 2248; x_wconf 90' lang='grc'><strong>80.</strong></span> <span class='ocrx_word' id='word_1_393' title='bbox 1834 2197 2039 2247; x_wconf 89' lang='lat' dir='ltr'><strong>Tuscnl.</strong></span> <span class='ocrx_word' id='word_1_394' title='bbox 2074 2201 2134 2259; x_wconf 92' lang='lat'><strong>4,</strong></span> <span class='ocrx_word' id='word_1_395' title='bbox 2167 2200 2253 2259; x_wconf 83' lang='grc'><strong>25,</strong></span> 
     </span>
     <span class='ocr_line' id='line_1_69' title="bbox 1313 2264 2252 2331; baseline -0.002 -13"><span class='ocrx_word' id='word_1_396' title='bbox 1313 2268 1397 2318; x_wconf 89' lang='grc'><strong>55.</strong></span> <span class='ocrx_word' id='word_1_397' title='bbox 1428 2282 1521 2331; x_wconf 86' lang='lat' dir='ltr'><strong>pro</strong></span> <span class='ocrx_word' id='word_1_398' title='bbox 1537 2266 1703 2316; x_wconf 83' lang='lat' dir='ltr'><strong>Sestio</strong></span> <span class='ocrx_word' id='word_1_399' title='bbox 1732 2264 1817 2328; x_wconf 76' lang='lat'><strong>56,</strong></span> <span class='ocrx_word' id='word_1_400' title='bbox 1847 2266 1961 2317; x_wconf 93' lang='grc'><strong>120.</strong></span> <span class='ocrx_word' id='word_1_401' title='bbox 1984 2267 2049 2315; x_wconf 82' lang='lat' dir='ltr'><strong>ad</strong></span> <span class='ocrx_word' id='word_1_402' title='bbox 2066 2268 2183 2315; x_wconf 89' lang='lat' dir='ltr'><strong>Her.</strong></span> <span class='ocrx_word' id='word_1_403' title='bbox 2202 2266 2252 2326; x_wconf 88' lang='lat'><strong>3,</strong></span> 
     </span>
     <span class='ocr_line' id='line_1_70' title="bbox 1312 2334 2254 2398; baseline -0.002 -12"><span class='ocrx_word' id='word_1_404' title='bbox 1312 2336 1398 2398; x_wconf 89' lang='grc'><strong>21,</strong></span> <span class='ocrx_word' id='word_1_405' title='bbox 1426 2336 1513 2387; x_wconf 86' lang='grc'><strong>34.</strong></span> <span class='ocrx_word' id='word_1_406' title='bbox 1562 2334 1772 2384; x_wconf 88' lang='lat' dir='ltr'><strong>Tuscul.</strong></span> <span class='ocrx_word' id='word_1_407' title='bbox 1793 2335 1843 2398; x_wconf 91' lang='grc'><strong>2,</strong></span> <span class='ocrx_word' id='word_1_408' title='bbox 1868 2335 1949 2393; x_wconf 89' lang='grc'><strong>17,</strong></span> <span class='ocrx_word' id='word_1_409' title='bbox 1972 2334 2056 2387; x_wconf 88' lang='grc'><strong>39.</strong></span> <span class='ocrx_word' id='word_1_410' title='bbox 2091 2362 2157 2371; x_wconf 89' lang='lat'><strong>-—</strong></span> <span class='ocrx_word' id='word_1_411' title='bbox 2191 2336 2254 2384; x_wconf 87' lang='lat' dir='ltr'><strong>de</strong></span> 
     </span>
     <span class='ocr_line' id='line_1_71' title="bbox 1314 2404 2253 2468; baseline 0.001 -15"><span class='ocrx_word' id='word_1_412' title='bbox 1314 2406 1400 2456; x_wconf 85' lang='lat' dir='ltr'><strong>off.</strong></span> <span class='ocrx_word' id='word_1_413' title='bbox 1426 2406 1473 2464; x_wconf 94' lang='grc'><strong>1,</strong></span> <span class='ocrx_word' id='word_1_414' title='bbox 1498 2405 1582 2464; x_wconf 88' lang='grc'><strong>31,</strong></span> <span class='ocrx_word' id='word_1_415' title='bbox 1610 2404 1729 2453; x_wconf 91' lang='grc'><strong>114.</strong></span> <span class='ocrx_word' id='word_1_416' title='bbox 1759 2430 1825 2468; x_wconf 81' lang='lat'>···.</span> <span class='ocrx_word' id='word_1_417' title='bbox 1854 2405 1920 2453; x_wconf 90' lang='lat' dir='ltr'><strong>ad</strong></span> <span class='ocrx_word' id='word_1_418' title='bbox 1940 2404 1998 2463; x_wconf 89' lang='lat' dir='ltr'><strong>Q.</strong></span> <span class='ocrx_word' id='word_1_419' title='bbox 2024 2404 2087 2456; x_wconf 77' lang='lat' dir='ltr'><strong>fr.</strong></span> <span class='ocrx_word' id='word_1_420' title='bbox 2121 2406 2169 2465; x_wconf 93' lang='lat'><strong>1,</strong></span> <span class='ocrx_word' id='word_1_421' title='bbox 2204 2406 2253 2463; x_wconf 92' lang='grc'><strong>2,</strong></span> 
     </span>
     <span class='ocr_line' id='line_1_72' title="bbox 1312 2472 2253 2537; baseline 0 -14"><span class='ocrx_word' id='word_1_422' title='bbox 1312 2478 1363 2523; x_wconf 88' lang='grc'><strong>4.</strong></span> <span class='ocrx_word' id='word_1_423' title='bbox 1392 2478 1422 2536; x_wconf 73' lang='grc'>5</span> <span class='ocrx_word' id='word_1_424' title='bbox 1443 2474 1524 2524; x_wconf 88' lang='grc'><strong>14.</strong></span> <span class='ocrx_word' id='word_1_425' title='bbox 1587 2472 1651 2521; x_wconf 87' lang='lat' dir='ltr'><strong>de</strong></span> <span class='ocrx_word' id='word_1_426' title='bbox 1681 2487 1755 2521; x_wconf 88' lang='lat' dir='ltr'><strong>or.</strong></span> <span class='ocrx_word' id='word_1_427' title='bbox 1798 2473 1855 2537; x_wconf 96' lang='lat'><strong>1,</strong></span> <span class='ocrx_word' id='word_1_428' title='bbox 1886 2473 1984 2533; x_wconf 89' lang='grc'><strong>61,</strong></span> <span class='ocrx_word' id='word_1_429' title='bbox 2021 2472 2140 2523; x_wconf 86' lang='grc'><strong>259.</strong></span> <span class='ocrx_word' id='word_1_430' title='bbox 2188 2474 2253 2523; x_wconf 78' lang='lat' dir='ltr'><strong>ad</strong></span> 
     </span>
     <span class='ocr_line' id='line_1_73' title="bbox 1315 2540 1663 2602; baseline 0 -10"><span class='ocrx_word' id='word_1_431' title='bbox 1315 2543 1436 2593; x_wconf 76' lang='lat' dir='ltr'><strong>fam.</strong></span> <span class='ocrx_word' id='word_1_432' title='bbox 1460 2542 1509 2602; x_wconf 92' lang='lat'><strong>7,</strong></span> <span class='ocrx_word' id='word_1_433' title='bbox 1540 2543 1587 2602; x_wconf 90' lang='lat'><strong>1,</strong></span> <span class='ocrx_word' id='word_1_434' title='bbox 1612 2540 1663 2592; x_wconf 84' lang='lat'><strong>2.</strong></span> 
     </span>
    </p>

    <p class='ocr_par' dir='ltr' id='par_1_16' title="bbox 1243 2610 2181 2679">
     <span class='ocr_line' id='line_1_74' title="bbox 1243 2610 2181 2679; baseline 0 -17"><span class='ocrx_word' id='word_1_435' title='bbox 1243 2611 1499 2679; x_wconf 85' lang='lat' dir='ltr'><strong>Aesopus</strong></span> <span class='ocrx_word' id='word_1_436' title='bbox 1521 2610 1674 2669; x_wconf 83' lang='lat' dir='ltr'><strong>filius,</strong></span> <span class='ocrx_word' id='word_1_437' title='bbox 1707 2611 1773 2659; x_wconf 81' lang='lat' dir='ltr'><strong>ad</strong></span> <span class='ocrx_word' id='word_1_438' title='bbox 1795 2612 1893 2659; x_wconf 84' lang='lat' dir='ltr'><strong>Att.</strong></span> <span class='ocrx_word' id='word_1_439' title='bbox 1918 2610 2001 2675; x_wconf 93' lang='grc'><strong>11,</strong></span> <span class='ocrx_word' id='word_1_440' title='bbox 2026 2611 2107 2673; x_wconf 86' lang='grc'><strong>15,</strong></span> <span class='ocrx_word' id='word_1_441' title='bbox 2130 2612 2181 2662; x_wconf 89' lang='lat'>3.</span> 
     </span>
    </p>

    <p class='ocr_par' dir='ltr' id='par_1_17' title="bbox 1243 2680 2251 3016">
     <span class='ocr_line' id='line_1_75' title="bbox 1243 2680 2249 2745; baseline -0.003 -13"><span class='ocrx_word' id='word_1_442' title='bbox 1243 2680 1471 2742; x_wconf 79' lang='lat' dir='ltr'><strong>Aether,</strong></span> <span class='ocrx_word' id='word_1_443' title='bbox 1497 2686 1643 2745; x_wconf 81' lang='lat' dir='ltr'><strong>pater</strong></span> <span class='ocrx_word' id='word_1_444' title='bbox 1662 2680 1799 2728; x_wconf 86' lang='lat' dir='ltr'><strong>Iovis</strong></span> <span class='ocrx_word' id='word_1_445' title='bbox 1825 2680 1997 2745; x_wconf 87' lang='lat' dir='ltr'><strong>primi,</strong></span> <span class='ocrx_word' id='word_1_446' title='bbox 2039 2680 2102 2729; x_wconf 85' lang='lat' dir='ltr'><strong>de</strong></span> <span class='ocrx_word' id='word_1_447' title='bbox 2122 2695 2173 2728; x_wconf 90' lang='lat' dir='ltr'><strong>n.</strong></span> <span class='ocrx_word' id='word_1_448' title='bbox 2200 2682 2249 2729; x_wconf 91' lang='grc'><strong>(1.</strong></span> 
     </span>
     <span class='ocr_line' id='line_1_76' title="bbox 1313 2748 2251 2814; baseline -0.005 -12"><span class='ocrx_word' id='word_1_449' title='bbox 1313 2751 1371 2814; x_wconf 92' lang='lat'><strong>3,</strong></span> <span class='ocrx_word' id='word_1_450' title='bbox 1402 2750 1495 2811; x_wconf 84' lang='lat'><strong>21,</strong></span> <span class='ocrx_word' id='word_1_451' title='bbox 1529 2748 1615 2799; x_wconf 82' lang='lat'>53.</span> <span class='ocrx_word' id='word_1_452' title='bbox 1680 2774 1723 2783; x_wconf 92' lang='lat'>—</span> <span class='ocrx_word' id='word_1_453' title='bbox 1788 2748 1979 2797; x_wconf 84' lang='lat' dir='ltr'><strong>Aether</strong></span> <span class='ocrx_word' id='word_1_454' title='bbox 2016 2757 2067 2797; x_wconf 85' lang='lat' dir='ltr'><strong>et</strong></span> <span class='ocrx_word' id='word_1_455' title='bbox 2108 2750 2251 2811; x_wconf 89' lang='lat' dir='ltr'><strong>Dies,</strong></span> 
     </span>
     <span class='ocr_line' id='line_1_77' title="bbox 1312 2817 2250 2883; baseline -0.002 -15"><span class='ocrx_word' id='word_1_456' title='bbox 1312 2818 1453 2869; x_wconf 86' lang='lat' dir='ltr'><strong>Caeli</strong></span> <span class='ocrx_word' id='word_1_457' title='bbox 1472 2823 1729 2883; x_wconf 84' lang='lat' dir='ltr'><strong>parentes,</strong></span> <span class='ocrx_word' id='word_1_458' title='bbox 1750 2817 1814 2866; x_wconf 89' lang='lat' dir='ltr'><strong>de</strong></span> <span class='ocrx_word' id='word_1_459' title='bbox 1834 2831 1883 2865; x_wconf 91' lang='lat' dir='ltr'><strong>n.</strong></span> <span class='ocrx_word' id='word_1_460' title='bbox 1910 2818 1961 2869; x_wconf 86' lang='lat' dir='ltr'><strong>d.</strong></span> <span class='ocrx_word' id='word_1_461' title='bbox 1985 2818 2035 2878; x_wconf 88' lang='grc'><strong>3,</strong></span> <span class='ocrx_word' id='word_1_462' title='bbox 2062 2819 2142 2878; x_wconf 91' lang='grc'><strong>17,</strong></span> <span class='ocrx_word' id='word_1_463' title='bbox 2164 2820 2250 2867; x_wconf 89' lang='grc'><strong>44.</strong></span> 
     </span>
     <span class='ocr_line' id='line_1_78' title="bbox 1309 2885 2247 2951; baseline -0.004 -14"><span class='ocrx_word' id='word_1_464' title='bbox 1309 2888 1434 2937; x_wconf 87' lang='lat' dir='ltr'><strong>Eius</strong></span> <span class='ocrx_word' id='word_1_465' title='bbox 1464 2899 1624 2951; x_wconf 85' lang='lat' dir='ltr'><strong>nepos</strong></span> <span class='ocrx_word' id='word_1_466' title='bbox 1652 2885 1741 2935; x_wconf 91' lang='lat' dir='ltr'><strong>Sol</strong></span> <span class='ocrx_word' id='word_1_467' title='bbox 1772 2887 1995 2951; x_wconf 62' lang='lat' dir='ltr'><strong>primm,</strong></span> <span class='ocrx_word' id='word_1_468' title='bbox 2035 2887 2098 2935; x_wconf 91' lang='lat' dir='ltr'><strong>de</strong></span> <span class='ocrx_word' id='word_1_469' title='bbox 2118 2900 2169 2938; x_wconf 91' lang='lat' dir='ltr'><strong>n.</strong></span> <span class='ocrx_word' id='word_1_470' title='bbox 2197 2888 2247 2935; x_wconf 90' lang='lat' dir='ltr'><strong>d.</strong></span> 
     </span>
     <span class='ocr_line' id='line_1_79' title="bbox 1312 2956 1585 3016; baseline -0.011 -10"><span class='ocrx_word' id='word_1_471' title='bbox 1312 2956 1364 3009; x_wconf 88' lang='grc'><strong>3.</strong></span> <span class='ocrx_word' id='word_1_472' title='bbox 1383 2958 1468 3016; x_wconf 92' lang='grc'><strong>21,</strong></span> <span class='ocrx_word' id='word_1_473' title='bbox 1499 2958 1585 3006; x_wconf 88' lang='grc'><strong>54.</strong></span> 
     </span>
    </p>

    <p class='ocr_par' dir='ltr' id='par_1_18' title="bbox 1240 3022 2145 3089">
     <span class='ocr_line' id='line_1_80' title="bbox 1240 3022 2145 3089; baseline -0.006 -13"><span class='ocrx_word' id='word_1_474' title='bbox 1240 3022 1567 3089; x_wconf 78' lang='lat' dir='ltr'><strong>Aethiopes,</strong></span> <span class='ocrx_word' id='word_1_475' title='bbox 1592 3027 1656 3075; x_wconf 89' lang='lat' dir='ltr'><strong>de</strong></span> <span class='ocrx_word' id='word_1_476' title='bbox 1678 3024 1836 3074; x_wconf 86' lang='lat' dir='ltr'><strong>divin.</strong></span> <span class='ocrx_word' id='word_1_477' title='bbox 1870 3024 1923 3083; x_wconf 89' lang='grc'><strong>2,</strong></span> <span class='ocrx_word' id='word_1_478' title='bbox 1946 3023 2033 3083; x_wconf 87' lang='grc'><strong>46,</strong></span> <span class='ocrx_word' id='word_1_479' title='bbox 2060 3024 2145 3074; x_wconf 86' lang='grc'><strong>96.</strong></span> 
     </span>
    </p>
   </div>
   <div class='ocr_carea' id='block_1_5' title="bbox 228 3090 2251 3161">
    <p class='ocr_par' dir='ltr' id='par_1_19' title="bbox 228 3090 2251 3161">
     <span class='ocr_line' id='line_1_81' title="bbox 228 3090 2251 3161; baseline -0.001 -18"><span class='ocrx_word' id='word_1_480' title='bbox 228 3095 424 3146; x_wconf 86' lang='lat' dir='ltr'><strong>Versus</strong></span> <span class='ocrx_word' id='word_1_481' title='bbox 452 3110 518 3145; x_wconf 84' lang='lat' dir='ltr'><strong>ex</strong></span> <span class='ocrx_word' id='word_1_482' title='bbox 553 3096 662 3145; x_wconf 90' lang='lat' dir='ltr'><strong>eius</strong></span> <span class='ocrx_word' id='word_1_483' title='bbox 694 3096 971 3161; x_wconf 79' lang='lat' dir='ltr'><strong>EpigoniS,</strong></span> <span class='ocrx_word' id='word_1_484' title='bbox 1002 3097 1080 3147; x_wconf 89' lang='lat' dir='ltr'><strong>Ib.</strong></span> <span class='ocrx_word' id='word_1_485' title='bbox 1113 3099 1165 3156; x_wconf 90' lang='grc'><strong>2,</strong></span> <span class='ocrx_word' id='word_1_486' title='bbox 1236 3090 1545 3158; x_wconf 82' lang='lat' dir='ltr'><strong>Aethiops,</strong></span> <span class='ocrx_word' id='word_1_487' title='bbox 1608 3108 1787 3143; x_wconf 87' lang='lat' dir='ltr'><strong>servus</strong></span> <span class='ocrx_word' id='word_1_488' title='bbox 1841 3106 1907 3141; x_wconf 86' lang='lat' dir='ltr'><strong>ex</strong></span> <span class='ocrx_word' id='word_1_489' title='bbox 1954 3090 2251 3157; x_wconf 80' lang='lat' dir='ltr'><strong>Aethiopia,</strong></span> 
     </span>
    </p>
   </div>
   <div class='ocr_carea' id='block_1_6' title="bbox 160 3230 1169 3502">
    <p class='ocr_par' dir='ltr' id='par_1_20' title="bbox 160 3230 1169 3502">
     <span class='ocr_line' id='line_1_82' title="bbox 160 3230 1166 3299; baseline 0.001 -17"><span class='ocrx_word' id='word_1_490' title='bbox 160 3230 477 3299; x_wconf 76' lang='lat' dir='ltr'><strong>Aeschylus</strong></span> <span class='ocrx_word' id='word_1_491' title='bbox 491 3233 718 3295; x_wconf 75' lang='lat' dir='ltr'><strong>CnidiuS,</strong></span> <span class='ocrx_word' id='word_1_492' title='bbox 736 3234 909 3285; x_wconf 84' lang='lat' dir='ltr'><strong>rhetor</strong></span> <span class='ocrx_word' id='word_1_493' title='bbox 923 3233 1166 3297; x_wconf 84' lang='lat' dir='ltr'><strong>Graecus,</strong></span> 
     </span>
     <span class='ocr_line' id='line_1_83' title="bbox 233 3302 1167 3367; baseline 0.005 -17"><span class='ocrx_word' id='word_1_494' title='bbox 233 3317 347 3351; x_wconf 87' lang='lat' dir='ltr'><strong>cnm</strong></span> <span class='ocrx_word' id='word_1_495' title='bbox 369 3316 427 3351; x_wconf 89' lang='lat' dir='ltr'><strong>eo</strong></span> <span class='ocrx_word' id='word_1_496' title='bbox 451 3302 627 3353; x_wconf 86' lang='lat' dir='ltr'><strong>Cicero</strong></span> <span class='ocrx_word' id='word_1_497' title='bbox 647 3304 948 3355; x_wconf 85' lang='lat' dir='ltr'><strong>adolescens</strong></span> <span class='ocrx_word' id='word_1_498' title='bbox 973 3302 1167 3367; x_wconf 83' lang='lat' dir='ltr'><strong>(a.u.c.</strong></span> 
     </span>
     <span class='ocr_line' id='line_1_84' title="bbox 229 3370 1169 3435; baseline 0.001 -15"><span class='ocrx_word' id='word_1_499' title='bbox 229 3370 331 3421; x_wconf 78' lang='lat'><strong>675</strong></span> <span class='ocrx_word' id='word_1_500' title='bbox 354 3397 418 3407; x_wconf 96' lang='lat'><strong>—</strong></span> <span class='ocrx_word' id='word_1_501' title='bbox 437 3370 617 3435; x_wconf 90' lang='grc'><strong>677.),</strong></span> <span class='ocrx_word' id='word_1_502' title='bbox 659 3372 796 3425; x_wconf 85' lang='lat' dir='ltr'><strong>Brut.</strong></span> <span class='ocrx_word' id='word_1_503' title='bbox 818 3371 905 3433; x_wconf 88' lang='grc'><strong>91,</strong></span> <span class='ocrx_word' id='word_1_504' title='bbox 935 3372 1056 3423; x_wconf 93' lang='grc'><strong>316.</strong></span> <span class='ocrx_word' id='word_1_505' title='bbox 1103 3373 1169 3422; x_wconf 89' lang='lat' dir='ltr'><strong>cl.</strong></span> 
     </span>
     <span class='ocr_line' id='line_1_85' title="bbox 230 3440 550 3502; baseline 0.006 -15"><span class='ocrx_word' id='word_1_506' title='bbox 230 3441 302 3490; x_wconf 85' lang='lat' dir='ltr'><strong>ib.</strong></span> <span class='ocrx_word' id='word_1_507' title='bbox 321 3440 408 3502; x_wconf 83' lang='lat'><strong>95,</strong></span> <span class='ocrx_word' id='word_1_508' title='bbox 431 3440 550 3493; x_wconf 88' lang='grc'><strong>325.</strong></span> 
     </span>
    </p>
   </div>
   <div class='ocr_carea' id='block_1_7' title="bbox 1240 3159 2250 3501">
    <p class='ocr_par' dir='ltr' id='par_1_21' title="bbox 1310 3159 2247 3225">
     <span class='ocr_line' id='line_1_86' title="bbox 1310 3159 2247 3225; baseline -0.002 -13"><span class='ocrx_word' id='word_1_509' title='bbox 1310 3164 1425 3212; x_wconf 83' lang='lat' dir='ltr'><strong>Her.</strong></span> <span class='ocrx_word' id='word_1_510' title='bbox 1457 3164 1509 3211; x_wconf 98' lang='lat'>4.</span> <span class='ocrx_word' id='word_1_511' title='bbox 1530 3159 1615 3221; x_wconf 90' lang='grc'><strong>50,</strong></span> <span class='ocrx_word' id='word_1_512' title='bbox 1638 3162 1722 3213; x_wconf 87' lang='grc'><strong>63.</strong></span> <span class='ocrx_word' id='word_1_513' title='bbox 1778 3159 2027 3225; x_wconf 76' lang='lat' dir='ltr'><strong>Aethiops</strong></span> <span class='ocrx_word' id='word_1_514' title='bbox 2068 3162 2247 3225; x_wconf 85' lang='lat' dir='ltr'><strong>stipes,</strong></span> 
     </span>
    </p>

    <p class='ocr_par' dir='ltr' id='par_1_22' title="bbox 1240 3230 2250 3501">
     <span class='ocr_line' id='line_1_87' title="bbox 1312 3230 1941 3296; baseline -0.005 -15"><span class='ocrx_word' id='word_1_515' title='bbox 1312 3239 1425 3296; x_wconf 87' lang='lat' dir='ltr'><strong>post</strong></span> <span class='ocrx_word' id='word_1_516' title='bbox 1444 3230 1551 3279; x_wconf 86' lang='lat' dir='ltr'><strong>red.</strong></span> <span class='ocrx_word' id='word_1_517' title='bbox 1575 3231 1624 3279; x_wconf 91' lang='lat' dir='ltr'><strong>in</strong></span> <span class='ocrx_word' id='word_1_518' title='bbox 1646 3244 1756 3283; x_wconf 88' lang='lat' dir='ltr'><strong>sen.</strong></span> <span class='ocrx_word' id='word_1_519' title='bbox 1782 3232 1831 3283; x_wconf 85' lang='lat'><strong>6.</strong></span> <span class='ocrx_word' id='word_1_520' title='bbox 1857 3230 1941 3280; x_wconf 89' lang='grc'><strong>14.</strong></span> 
     </span>
     <span class='ocr_line' id='line_1_88' title="bbox 1240 3298 2250 3362; baseline -0.004 -11"><span class='ocrx_word' id='word_1_521' title='bbox 1240 3298 1566 3353; x_wconf 84' lang='lat' dir='ltr'><strong>Aetidcmus</strong></span> <span class='ocrx_word' id='word_1_522' title='bbox 1598 3298 1899 3357; x_wconf 82' lang='lat' dir='ltr'><strong>Trallianus,</strong></span> <span class='ocrx_word' id='word_1_523' title='bbox 1944 3312 2036 3362; x_wconf 91' lang='lat' dir='ltr'><strong>pro</strong></span> <span class='ocrx_word' id='word_1_524' title='bbox 2067 3298 2250 3347; x_wconf 82' lang='lat' dir='ltr'><strong>Flacco</strong></span> 
     </span>
     <span class='ocr_line' id='line_1_89' title="bbox 1242 3368 2249 3501; baseline -0.005 -13"><span class='ocrx_word' id='word_1_525' title='bbox 1242 3368 1621 3501; x_wconf 50' lang='lat' dir='ltr'><strong>Aezti&#39;rn?21fnons</strong></span> <span class='ocrx_word' id='word_1_526' title='bbox 1656 3436 1893 3497; x_wconf 88' lang='lat' dir='ltr'><strong>Siciliae,</strong></span> <span class='ocrx_word' id='word_1_527' title='bbox 1934 3451 2026 3500; x_wconf 90' lang='lat' dir='ltr'><strong>pro</strong></span> <span class='ocrx_word' id='word_1_528' title='bbox 2057 3434 2249 3485; x_wconf 82' lang='lat' dir='ltr'><strong>Scauro</strong></span> 
     </span>
    </p>
   </div>
   <div class='ocr_carea' id='block_1_8' title="bbox 2488 1829 2500 2379">
    <p class='ocr_par' dir='ltr' id='par_1_23' title="bbox 2488 1829 2500 2379">
     <span class='ocr_line' id='line_1_90' title="bbox 2488 1829 2500 2379; baseline 0 0"><span class='ocrx_word' id='word_1_529' title='bbox 2488 1829 2500 2379; x_wconf 95' lang='lat' dir='ltr'><strong> </strong></span> 
     </span>
    </p>
   </div>
   <div class='ocr_carea' id='block_1_9' title="bbox 2473 2911 2485 3551">
    <p class='ocr_par' dir='ltr' id='par_1_24' title="bbox 2473 2911 2485 3551">
     <span class='ocr_line' id='line_1_91' title="bbox 2473 2911 2485 3551; baseline 0 0"><span class='ocrx_word' id='word_1_530' title='bbox 2473 2911 2485 3551; x_wconf 95' lang='lat' dir='ltr'><strong> </strong></span> 
     </span>
    </p>
   </div>
  </div>
 </body>
</html>
