2500 3850
9 3365 38 3600 &Tr

11 3707 28 3833 ’⁴‘—
11 3679 14 3700 ·-

834 207 1231 257 SOPHOCLES
1253 231 1339 244 ·-
1363 207 1543 256 SPES.

213 367 374 416 tinum
411 365 669 428 conversi,
717 364 922 415 Tuscul.
960 363 1021 424 3,
1065 365 1152 424 29,

210 435 298 486 71.
344 461 414 470 --
450 437 644 486 Versus
686 445 754 482 ex
798 433 1081 482 Trachiniis
1125 448 1155 482 a

218 503 462 553 Cicerone·
507 504 560 552 in
612 502 846 552 Latinum
901 503 1150 562 conversi,

214 572 417 621 Tuscul.
433 574 484 631 2,
503 571 556 636 8,
576 571 660 622 20.
677 597 744 606 —
757 567 1154 626 Συνδείπνους

215 635 608 704 Σοφοκλέους,
659 654 966 702 quamquam
1012 655 1043 690 a
1089 639 1147 698 Q.

217 710 374 758 fratre
407 716 572 760 actam
609 708 846 757 fabellam
876 709 1004 758 vidit
1041 722 1156 758 esse

215 779 414 838 festive,
453 777 592 828 nullo
627 777 776 829 modo
807 778 1043 841 probavit
1076 776 1154 826 Gi·

217 861 352 910 cero,
389 848 457 897 ad
476 847 533 908 Q.
557 845 621 896 fr.
659 848 710 905 2,
747 844 814 897 15
847 845 968 910 (16)
1004 845 1055 896 3.
1086 871 1156 912 -ss

215 917 453 966 Summus
503 919 654 980 poeta
707 915 961 980 tragicus,
1029 921 1155 965 orat.

218 987 273 1041 1,
310 987 363 1046 4,
396 1011 466 1021 -
503 984 563 1032 cl.
597 984 752 1033 etiam
787 993 890 1048 opt.
927 999 1044 1050 gen.
1079 997 1152 1033 or.

214 1053 265 1115 6,
302 1053 383 1104 18.

143 1120 455 1187 Sophocles
479 1121 860 1188 Agrigentinus,
893 1121 1036 1169 Verr.
1072 1134 1155 1168 ac-

217 1200 376 1240 cusat.
415 1191 466 1252 3,
502 1191 588 1251 88,
626 1188 747 1241 204.

144 1257 374 1324 Sopolis
404 1262 587 1325 pictor,
625 1259 690 1307 ad
715 1259 821 1308 Att.
855 1258 906 1319 4,
945 1255 1028 1319 16,
1068 1255 1152 1308 12.

143 1327 308 1390 Sora,
334 1329 674 1378 Romanorum
697 1325 894 1375 colonia
914 1324 980 1373 ad
998 1324 1154 1372 Lirim

217 1398 336 1456 sita,
371 1397 563 1460 Arpino
597 1396 793 1454 vicina,
830 1392 1028 1442 incolae
1063 1389 1164 1440 So-.

216 1465 346 1530 rani,
369 1465 432 1514 de
453 1471 576 1513 orat.
602 1461 653 1523 3,
679 1462 762 1521 11,
783 1460 870 1511 43.
893 1475 987 1526 pro
1007 1459 1156 1510 Plan-
1185 1525 1190 1528 μ

219 1536 297 1582 cio
331 1533 382 1595 9,
421 1535 508 1583 22.
561 1533 626 1580 V.
667 1529 934 1580 Soranus.

147 1601 403 1652 Soranus
440 1615 605 1666 augur
632 1614 724 1666 per
759 1599 1046 1648 irrisionem
1079 1597 1157 1645 di-

219 1677 327 1719 ctus
360 1671 495 1735 App.
531 1668 773 1719 Claudius
813 1666 1052 1726 Pulcher,
1094 1665 1156 1714 de

220 1740 378 1790 divin.
413 1739 472 1799 1,
510 1738 595 1800 47,
631 1735 747 1789 105.

148 1807 419 1858 Soranus.
479 1807 542 1856 V.
583 1803 858 1855 Valerius.

149 1873 346 1940 Sosia,
385 1875 570 1926 servile
605 1889 806 1939 nomen,
845 1873 912 1922 ad
947 1873 1064 1921 Her.
1102 1873 1153 1934 4,

219 1946 312 2005 50,
348 1944 435 1998 63.
477 1972 545 1981 -——
579 1946 802 1995 Persona
838 1943 1152 2007 Terentiana,

222 2016 283 2063 de
307 2016 408 2063 inv.
437 2014 485 2075 l,
521 2012 603 2074 19,
634 2016 719 2064 27.
758 2014 830 2062 Ib.
859 2013 908 2075 1,
947 2011 1030 2073 23,
1067 2010 1150 2063 33.

151 2080 422 2149 Sosippus
457 2090 506 2133 et
529 2082 788 2147 Epicrates
813 2080 994 2130 fratres
1017 2080 1156 2146 Agy-

222 2154 481 2215 rinenses,
519 2153 691 2200 vexati
727 2166 757 2199 a
788 2150 975 2210 Verre,
1007 2150 1153 2199 Verr.

223 2229 444 2269 accusat.
477 2222 540 2281 2,
577 2220 628 2279 9,
664 2220 748 2268 25.

151 2286 330 2339 Sosis.
376 2289 442 2340 V.
471 2286 536 2337 L.
564 2284 810 2336 Manlius
840 2284 1018 2335 Sosis.

153 2354 452 2407 Sositheus
472 2356 750 2418 EntelinuS,
772 2358 914 2405 Verr.
935 2362 1155 2404 accusat.

225 2425 277 2486 3,
310 2421 396 2485 87,
435 2423 554 2473 200.

155 2490 473 2544 Sositheus.
533 2492 856 2557 Anagnostes
883 2492 1160 2554 Ciceronis»,

225 2562 446 2611 decessit
464 2576 680 2623 eumque
700 2560 834 2624 plus,
858 2575 1007 2623 quam
1027 2562 1162 2611 servi

223 2645 362 2679 mors
405 2630 588 2680 debere
618 2630 901 2690 videbatur,
940 2644 1162 2679 commo-

226 2701 298 2747 vit
317 2714 364 2748 a.
387 2714 436 2747 n.
461 2716 502 2747 c.
525 2697 665 2760 693„
699 2700 764 2747 ad
788 2702 886 2746 Att.
921 2699 968 2759 1,
997 2698 1078 2758 12,
1109 2699 1161 2749 4.

160 2769 223 2818 C.
252 2765 470 2831 Sosius,
501 2776 736 2831 quaestor
756 2768 842 2817 Μ’.
863 2766 1066 2831 Lepidi,
1097 2766 1163 2816 ad

225 2838 330 2884 Att.
369 2837 418 2895 8,
457 2837 507 2897 6,
549 2836 596 2885 1.
619 2860 686 2871 -
721 2834 775 2885 C.
810 2834 988 2885 Sosius
1015 2850 1160 2899 prae-

226 2919 304 2953 tor
341 2920 386 2953 a.
423 2920 474 2953 u.
517 2920 559 2953 c.
599 2903 716 2956 705.
761 2906 980 2969 primum
1014 2904 1154 2953 Pom-

227 2974 458 3037 peianuS,
489 2988 601 3023 cum
631 2972 686 3021 P.
717 2972 863 3037 Lupo
889 2974 954 3023 ad
978 2973 1159 3024 Gaesa-

227 3055 332 3106 rem
367 3043 548 3091 transit
585 3043 874 3105 Romaeque
908 3043 984 3091 ius
1021 3043 1158 3105 dicit,

229 3111 296 3159 ad
324 3110 428 3159 Att.
462 3111 514 3175 9,
556 3111 604 3169 1,
643 3112 692 3161 2.

161 3180 232 3244 Q.
257 3176 471 3243 Sosius,
501 3178 676 3229 Italico
705 3178 839 3229 bello
859 3179 1161 3228 tabularium

231 3248 466 3311 incendit,
505 3248 568 3297 de
599 3264 650 3297 n.
695 3249 744 3297 d.
781 3248 830 3308 3,
871 3246 954 3307 30,
993 3250 1080 3301 74.

162 3314 483 3378 Sostratus,
517 3316 872 3381 Centuripinus
909 3318 971 3366 ab
1003 3318 1166 3379 Apro-

230 3384 316 3432 nio
349 3384 586 3433 miserum
617 3387 668 3433 in
698 3385 904 3434 modum
933 3392 1165 3447 vexatus,

230 3454 375 3502 Verr.
418 3461 636 3501 accusat.
678 3452 726 3511 3,
763 3454 850 3511 23.
889 3454 972 3503 57.

2108 193 2229 255 373

1225 363 1419 426 Sosus,
1452 363 1581 412 liber
1598 361 1835 412 Antiochi
1868 372 2039 413 contra
2061 362 2233 413 Philo-

1292 433 1833 526 nem·sic·inscriptuS,
1871 433 2027 482 Acad.
2063 447 2140 497 pr.
2176 433 2229 494 2,

1223 502 1513 621 δοῗέιὲέἱιε
1537 567 1807 634 Marcius,
1848 569 2111 636 libertinus
2139 569 2231 619 ho-

1293 655 1395 702 mo,
1436 639 1500 690 de
1532 654 1629 702 quo
1657 639 1715 687 L.
1750 637 1963 687 Crassus
1990 637 2234 690 Tuscula-

1294 723 1415 758 num
1453 709 1592 769 emit,
1630 723 1723 772 pro
1759 706 1917 756 Balbo
1955 709 2040 768 25,
2075 707 2160 758 56.

1227 791 1455 912 ερέἔῑῖῧῑ
1509 792 2235 928 ἓξὲἕέἒὲξῒξῖἱὲἱὲἒῖῗέζῖἓί

1460 899 1473 922 9

1296 934 1514 982 avaritia
1548 945 1661 982 esse
1694 932 1997 995 perituram,
2044 930 2107 980 de
2146 928 2228 980 off.

1296 1001 1345 1066 2,
1378 1003 1463 1066 22,
1492 1001 1575 1050 77.
1602 1027 1667 1036 --
1689 999 1899 1066 Spartae
1919 999 2063 1064 pueri
2082 1012 2233 1060 quam

1296 1068 1492 1121 fortiter
1519 1085 1575 1118 se
1606 1077 1801 1132 gerant,
1834 1067 2039 1117 Tuscul.
2063 1070 2113 1126 2,
2152 1069 2231 1127 14,

1294 1138 1379 1191 34.
1415 1139 1490 1188 Ib.
1514 1139 1565 1200 2,
1600 1138 1685 1202 20,
1712 1137 1797 1188 46.
1820 1164 1889 1175 —-
1912 1136 2127 1201 Spartae
2153 1151 2235 1185 ra-

1295 1222 1417 1272 pere
1442 1208 1589 1274 pueri
1618 1216 1666 1272 et
1693 1207 1890 1271 clepere
1912 1206 2131 1266 diseunt,
2170 1205 2236 1254 de

1294 1292 1335 1326 r.
1357 1291 1411 1342 p.
1435 1279 1487 1337 4,
1519 1277 1570 1336 5,
1606 1277 1659 1326 5.
1697 1276 1761 1326 de
1786 1290 1837 1324 11.
1865 1275 1914 1325 (1.
1939 1275 1991 1338 3,
2024 1273 2107 1337 38,
2142 1273 2230 1325 91.

1295 1373 1361 1382 —-
1382 1345 1595 1409 Spartae
1619 1359 1767 1408 reges
1792 1343 1995 1393 fuerunt
2011 1341 2236 1406 Lycurgi

1295 1415 1513 1479 legibus,
1546 1419 1601 1460 ut
1624 1413 1771 1478 prius
1790 1413 1998 1470 Romae,
2030 1411 2093 1458 de
2116 1425 2158 1461 r.
2179 1427 2233 1474 p.

1298 1485 1348 1542 2,
1388 1482 1474 1541 23,
1510 1479 1595 1532 43.
1647 1483 1709 1545 V.
1744 1479 2152 1530 Lacedaemon.

1225 1563 2237 1696 81,ξέξὲἒῖᾓῦζῗιιιιιιξιωαοῖἓῇηῇΐιῐῐῗιῗῖἐ

1295 1705 1417 1767 imp.
1441 1703 1528 1752 Cn.
1548 1702 1723 1766 Pomp.
1750 1701 1832 1766 11,
1866 1699 1951 1752 30.
1983 1728 2045 1738 -
2082 1699 2237 1764 Spar-

1295 1773 1485 1822 tacium
1546 1770 1738 1821 bellum
1798 1771 2023 1834 tangitur
2085 1769 2233 1818 Verr.

1297 1849 1516 1890 accusat.
1558 1842 1607 1900 5,
1646 1841 1697 1900 2,
1734 1839 1782 1890 5.

1226 1925 1550 1995 Spartacus.
1628 1926 1753 1977 Gum
1790 1926 2034 1991 Spartaco
2069 1926 2238 1975 minus

1296 1996 1443 2045 multi
1479 2010 1631 2057 quam
1668 1996 2035 2059 quinquaginta
2069 1994 2235 2059 primo

1294 2064 1515 2124 fuerunt,
1554 2065 1617 2114 ad
1637 2064 1741 2113 Att.
1772 2063 1823 2123 6,
1862 2065 1913 2123 2,
1950 2063 1999 2115 8.
2028 2092 2083 2103 --
2112 2061 2237 2111 Cum

1299 2149 1359 2184 eo
1394 2133 1711 2198 comparatur
1729 2133 1795 2182 M.
1823 2133 2089 2188 Antonius,
2120 2130 2237 2179 Phi-

1299 2203 1427 2267 lipp.
1467 2204 1529 2263 4,
1584 2202 1646 2263 6,
1704 2202 1785 2253 15.
1825 2228 1893 2239 --
1930 2201 2241 2251 Memoratur

1298 2273 1450 2320 etiam
1469 2272 1647 2336 parad.
1671 2274 1721 2330 4,
1747 2274 1797 2333 2,
1828 2269 1911 2321 30.
1948 2270 2009 2319 de
2027 2270 2235 2333 harusp.

1300 2355 1437 2405 resp.
1478 2342 1560 2399 12,
1604 2339 1689 2391 26.

1229 2406 1571 2476 Spartiatae,
1606 2407 1763 2459 fortes
1792 2415 1842 2455 et
1865 2408 1996 2466 duri,
2028 2406 2235 2457 Tuscul.

1307 2478 1353 2537 1,
1389 2476 1475 2535 43,
1514 2476 1633 2528 102.
1674 2502 1738 2513 ——·
1776 2474 2056 2539 Spartiatae
2093 2476 2240 2537 pueri

1303 2560 1403 2595 non
1452 2547 1805 2610 ingemescunt
1840 2543 2107 2593 verberum
2148 2543 2239 2591 do-

1300 2615 1409 2663 lore
1442 2614 1639 2678 laniati,
1689 2614 1761 2663 lb.
1804 2614 1864 2673 5,
1903 2614 1999 2672 27,
2048 2614 2131 2661 77.
2170 2636 2243 2648 -

1304 2680 1583 2747 Spartiatae
1612 2686 1765 2733 etiam
1795 2696 2008 2747 corpora
2028 2681 2241 2731 femina-

1301 2767 1413 2801 rum
1472 2751 1661 2819 flrmari
1727 2751 1901 2801 labore
1954 2750 2241 2810 voluerunt,

1300 2822 1373 2871 Ib.
1422 2822 1483 2881 2,
1543 2819 1777 2879 15,'36.
1846 2844 1906 2855 --
1965 2818 2001 2869 S
2040 2821 2245 2869 artista-

1301 2904 1414 2939 rum
1462 2904 1644 2954 agmen
1688 2889 1920 2955 procedit
1963 2904 1994 2937 a
2064 2889 2241 2937 tibiam

1302 2974 1395 3007 nec
1434 2959 1701 3009 adhibetur
1739 2959 1845 3008 ulla
1880 2959 1990 3006 sinc
2024 2970 2244 3019 anapae-

1302 3030 1394 3077 stis
1425 3029 1643 3093 pedibus
1670 3028 1917 3079 hortat-io,
1954 3026 2029 3074 Ib.
2060 3026 2120 3083 2,
2158 3024 2239 3085 16,

1303 3095 1388 3147 37.
1404 3124 1472 3133 --
1490 3097 1781 3146 Portentum
1799 3096 1863 3143 iis
1882 3092 2107 3143 oblatum
2126 3102 2245 3143 ante

1303 3180 1527 3231 pugnam
1548 3164 1881 3226 Leuctricam,
1920 3163 1983 3212 de
2008 3162 2163 3210 divin.
2190 3162 2242 3221 1,.

1306 3236 1392 3294 34,
1433 3232 1517 3283 76.
1553 3258 1619 3267 -
1653 3230 1936 3296 Spartiatae
1968 3229 2243 3280 Athenien-

1308 3305 1440 3351 sium
1476 3302 1626 3364 potiti
1658 3307 1789 3360 sunt,
1827 3301 1893 3351 ad
1920 3298 2033 3348 Her.
2064 3300 2115 3357 4,
2152 3298 2242 3358 25,

1308 3370 1392 3421 34.
1452 3372 1515 3419 V.
1552 3366 1999 3420 Lacedaemonii.

1147 3456 1150 3459 ’
1240 3451 1379 3517 Spes
1411 3453 1505 3502 dea
1536 3468 1567 3501 a
1586 3450 1811 3501 Calatino
1838 3460 2131 3502 consecrata
2150 3463 2242 3511 est,
