<?xml version="1.0" encoding="UTF-8"?>
<!DOCTYPE html PUBLIC "-//W3C//DTD XHTML 1.0 Transitional//EN"
    "http://www.w3.org/TR/xhtml1/DTD/xhtml1-transitional.dtd">
<html xmlns="http://www.w3.org/1999/xhtml" xml:lang="en" lang="en">
 <head>
  <title>
</title>
<meta http-equiv="Content-Type" content="text/html;charset=utf-8" />
  <meta name='ocr-system' content='tesseract 3.04.00' />
  <meta name='ocr-capabilities' content='ocr_page ocr_carea ocr_par ocr_line ocrx_word'/>
</head>
<body>
  <div class='ocr_page' id='page_1' title='image "./scriptaquaemans04mlgoog_0393.png"; bbox 0 0 2500 3850; ppageno 0'>
   <div class='ocr_carea' id='block_1_1' title="bbox 543 183 2259 268">
    <p class='ocr_par' dir='ltr' id='par_1_1' title="bbox 543 183 2259 268">
     <span class='ocr_line' id='line_1_1' title="bbox 543 183 2259 268; baseline 0.005 -10"><span class='ocrx_word' id='word_1_1' title='bbox 543 183 898 260; x_wconf 72' lang='lat' dir='ltr'>&#39;rEnEN&#39;mA</span> <span class='ocrx_word' id='word_1_2' title='bbox 920 213 1059 259; x_wconf 78' lang='lat' dir='ltr'>LEX</span> <span class='ocrx_word' id='word_1_3' title='bbox 1084 235 1164 246; x_wconf 86' lang='lat'>--</span> <span class='ocrx_word' id='word_1_4' title='bbox 1191 213 1252 262; x_wconf 81' lang='grc' dir='ltr'>ο.</span> <span class='ocrx_word' id='word_1_5' title='bbox 1272 215 1673 263; x_wconf 68' lang='lat' dir='ltr'>‘rnnnnrms</span> <span class='ocrx_word' id='word_1_6' title='bbox 1709 214 1964 264; x_wconf 73' lang='lat' dir='ltr'>VARRO.</span> <span class='ocrx_word' id='word_1_7' title='bbox 2142 204 2259 268; x_wconf 78' lang='lat'>387</span> 
     </span>
    </p>
   </div>
   <div class='ocr_carea' id='block_1_2' title="bbox 213 369 1187 639">
    <p class='ocr_par' dir='ltr' id='par_1_2' title="bbox 213 369 1187 639">
     <span class='ocr_line' id='line_1_2' title="bbox 250 369 1184 432; baseline 0.003 -16"><span class='ocrx_word' id='word_1_8' title='bbox 250 382 365 417; x_wconf 90' lang='lat' dir='ltr'>cero</span> <span class='ocrx_word' id='word_1_9' title='bbox 387 369 706 432; x_wconf 74' lang='lat' dir='ltr'>remissuruS,</span> <span class='ocrx_word' id='word_1_10' title='bbox 723 369 900 420; x_wconf 81' lang='lat' dir='ltr'>adAtt.</span> <span class='ocrx_word' id='word_1_11' title='bbox 926 369 1006 430; x_wconf 91' lang='grc'>11,</span> <span class='ocrx_word' id='word_1_12' title='bbox 1033 369 1113 429; x_wconf 87' lang='lat'>17,</span> <span class='ocrx_word' id='word_1_13' title='bbox 1135 369 1184 419; x_wconf 92' lang='lat'>1.</span> 
     </span>
     <span class='ocr_line' id='line_1_3' title="bbox 246 435 1187 500; baseline 0.002 -14"><span class='ocrx_word' id='word_1_14' title='bbox 246 438 322 486; x_wconf 88' lang='lat' dir='ltr'>lb.</span> <span class='ocrx_word' id='word_1_15' title='bbox 353 435 434 500; x_wconf 88' lang='grc'>11,</span> <span class='ocrx_word' id='word_1_16' title='bbox 459 436 544 497; x_wconf 87' lang='grc'>21,</span> <span class='ocrx_word' id='word_1_17' title='bbox 569 438 616 491; x_wconf 93' lang='lat' dir='ltr'>l.</span> <span class='ocrx_word' id='word_1_18' title='bbox 640 467 706 478; x_wconf 89' lang='grc'>--</span> <span class='ocrx_word' id='word_1_19' title='bbox 722 437 980 498; x_wconf 75' lang='lat' dir='ltr'>,Querelue</span> <span class='ocrx_word' id='word_1_20' title='bbox 1008 439 1074 488; x_wconf 87' lang='lat' dir='ltr'>de</span> <span class='ocrx_word' id='word_1_21' title='bbox 1090 437 1187 488; x_wconf 87' lang='lat' dir='ltr'>Te-</span> 
     </span>
     <span class='ocr_line' id='line_1_4' title="bbox 245 506 1184 568; baseline 0.001 -13"><span class='ocrx_word' id='word_1_22' title='bbox 245 506 437 565; x_wconf 79' lang='lat' dir='ltr'>rentia,</span> <span class='ocrx_word' id='word_1_23' title='bbox 475 506 551 556; x_wconf 88' lang='lat' dir='ltr'>Ib.</span> <span class='ocrx_word' id='word_1_24' title='bbox 576 506 659 568; x_wconf 90' lang='grc'>11,</span> <span class='ocrx_word' id='word_1_25' title='bbox 681 508 766 566; x_wconf 89' lang='grc'>24,</span> <span class='ocrx_word' id='word_1_26' title='bbox 787 506 838 558; x_wconf 91' lang='grc'>3.</span> <span class='ocrx_word' id='word_1_27' title='bbox 883 533 950 544; x_wconf 91' lang='lat'>-—-</span> <span class='ocrx_word' id='word_1_28' title='bbox 979 509 1059 557; x_wconf 84' lang='lat' dir='ltr'>De</span> <span class='ocrx_word' id='word_1_29' title='bbox 1075 509 1184 556; x_wconf 87' lang='lat' dir='ltr'>eius</span> 
     </span>
     <span class='ocr_line' id='line_1_5' title="bbox 213 574 1180 639; baseline 0.002 -16"><span class='ocrx_word' id='word_1_30' title='bbox 213 619 216 626; x_wconf 84' lang='lat'>.</span> <span class='ocrx_word' id='word_1_31' title='bbox 245 581 574 638; x_wconf 74' lang='lat' dir='ltr'>testamento,</span> <span class='ocrx_word' id='word_1_32' title='bbox 609 577 682 630; x_wconf 83' lang='lat' dir='ltr'>lb.</span> <span class='ocrx_word' id='word_1_33' title='bbox 707 576 799 639; x_wconf 84' lang='lat'>12,</span> <span class='ocrx_word' id='word_1_34' title='bbox 823 574 889 626; x_wconf 89' lang='grc'>18</span> <span class='ocrx_word' id='word_1_35' title='bbox 907 591 954 624; x_wconf 85' lang='lat' dir='ltr'>a.</span> <span class='ocrx_word' id='word_1_36' title='bbox 1001 578 1050 626; x_wconf 84' lang='lat'>2.</span> <span class='ocrx_word' id='word_1_37' title='bbox 1113 576 1180 629; x_wconf 81' lang='lat' dir='ltr'>cf.</span> 
     </span>
    </p>
   </div>
   <div class='ocr_carea' id='block_1_3' title="bbox 159 642 1184 707">
    <p class='ocr_par' dir='ltr' id='par_1_3' title="bbox 159 642 1184 707">
     <span class='ocr_line' id='line_1_6' title="bbox 159 642 1184 707; baseline 0.005 -14"><span class='ocrx_word' id='word_1_38' title='bbox 159 655 166 660; x_wconf 80' lang='grc'>’</span> <span class='ocrx_word' id='word_1_39' title='bbox 247 642 634 705; x_wconf 81' lang='lat' dir='ltr'><strong>Ib.12,19‚3.</strong></span> <span class='ocrx_word' id='word_1_40' title='bbox 685 645 1073 707; x_wconf 83' lang='lat' dir='ltr'><strong>Ib.12,21,3.</strong></span> <span class='ocrx_word' id='word_1_41' title='bbox 1115 672 1184 682; x_wconf 91' lang='lat'>—</span> 
     </span>
    </p>
   </div>
   <div class='ocr_carea' id='block_1_4' title="bbox 170 711 1184 3537">
    <p class='ocr_par' dir='ltr' id='par_1_4' title="bbox 241 711 1184 1531">
     <span class='ocr_line' id='line_1_7' title="bbox 243 711 1184 776; baseline 0.002 -14"><span class='ocrx_word' id='word_1_42' title='bbox 243 711 320 763; x_wconf 87' lang='lat' dir='ltr'>De</span> <span class='ocrx_word' id='word_1_43' title='bbox 367 713 628 775; x_wconf 79' lang='lat' dir='ltr'>Terentia,</span> <span class='ocrx_word' id='word_1_44' title='bbox 686 714 823 776; x_wconf 89' lang='lat' dir='ltr'>quod</span> <span class='ocrx_word' id='word_1_45' title='bbox 875 714 978 764; x_wconf 82' lang='lat' dir='ltr'>sibi</span> <span class='ocrx_word' id='word_1_46' title='bbox 1037 729 1184 766; x_wconf 86' lang='lat' dir='ltr'>omne</span> 
     </span>
     <span class='ocr_line' id='line_1_8' title="bbox 247 782 1184 848; baseline 0.002 -16"><span class='ocrx_word' id='word_1_47' title='bbox 247 796 374 832; x_wconf 84' lang='lat' dir='ltr'>onus</span> <span class='ocrx_word' id='word_1_48' title='bbox 397 782 626 847; x_wconf 80' lang='lat' dir='ltr'>imponat</span> <span class='ocrx_word' id='word_1_49' title='bbox 650 783 865 848; x_wconf 78' lang='lat' dir='ltr'>Atticus,</span> <span class='ocrx_word' id='word_1_50' title='bbox 903 797 1004 832; x_wconf 89' lang='lat' dir='ltr'>non</span> <span class='ocrx_word' id='word_1_51' title='bbox 1023 797 1184 848; x_wconf 70' lang='lat' dir='ltr'>agno-</span> 
     </span>
     <span class='ocr_line' id='line_1_9' title="bbox 245 850 1184 918; baseline 0.001 -18"><span class='ocrx_word' id='word_1_52' title='bbox 245 852 340 901; x_wconf 86' lang='lat' dir='ltr'>seit</span> <span class='ocrx_word' id='word_1_53' title='bbox 364 850 540 902; x_wconf 84' lang='lat' dir='ltr'>Cicero</span> <span class='ocrx_word' id='word_1_54' title='bbox 581 853 692 901; x_wconf 87' lang='lat' dir='ltr'>eius</span> <span class='ocrx_word' id='word_1_55' title='bbox 730 852 783 901; x_wconf 89' lang='lat' dir='ltr'>in</span> <span class='ocrx_word' id='word_1_56' title='bbox 819 866 877 902; x_wconf 87' lang='lat' dir='ltr'>se</span> <span class='ocrx_word' id='word_1_57' title='bbox 915 852 1184 918; x_wconf 76' lang='lat' dir='ltr'>indulgen-</span> 
     </span>
     <span class='ocr_line' id='line_1_10' title="bbox 243 917 1182 987; baseline 0.005 -18"><span class='ocrx_word' id='word_1_58' title='bbox 243 920 366 970; x_wconf 77' lang='lat' dir='ltr'>tiam</span> <span class='ocrx_word' id='word_1_59' title='bbox 387 956 402 983; x_wconf 95' lang='lat'>,</span> <span class='ocrx_word' id='word_1_60' title='bbox 460 935 508 969; x_wconf 83' lang='lat' dir='ltr'>a.</span> <span class='ocrx_word' id='word_1_61' title='bbox 542 935 594 970; x_wconf 89' lang='grc' dir='ltr'>ιι.</span> <span class='ocrx_word' id='word_1_62' title='bbox 627 936 670 970; x_wconf 93' lang='lat' dir='ltr'>c.</span> <span class='ocrx_word' id='word_1_63' title='bbox 703 917 846 982; x_wconf 90' lang='grc'>709.,</span> <span class='ocrx_word' id='word_1_64' title='bbox 881 920 954 974; x_wconf 86' lang='lat' dir='ltr'>Ib.</span> <span class='ocrx_word' id='word_1_65' title='bbox 983 921 1065 987; x_wconf 85' lang='lat'><strong>12,</strong></span> <span class='ocrx_word' id='word_1_66' title='bbox 1093 923 1182 983; x_wconf 87' lang='grc'>22,</span> 
     </span>
     <span class='ocr_line' id='line_1_11' title="bbox 244 986 1182 1056; baseline 0.001 -17"><span class='ocrx_word' id='word_1_67' title='bbox 244 988 296 1039; x_wconf 88' lang='grc'>1.</span> <span class='ocrx_word' id='word_1_68' title='bbox 336 990 407 1040; x_wconf 81' lang='lat' dir='ltr'>lb.</span> <span class='ocrx_word' id='word_1_69' title='bbox 433 989 514 1048; x_wconf 85' lang='lat'><strong>12,</strong></span> <span class='ocrx_word' id='word_1_70' title='bbox 535 986 621 1049; x_wconf 84' lang='lat'><strong>23,</strong></span> <span class='ocrx_word' id='word_1_71' title='bbox 649 990 700 1039; x_wconf 91' lang='grc'>2.</span> <span class='ocrx_word' id='word_1_72' title='bbox 737 1016 804 1026; x_wconf 89' lang='grc'><strong>-</strong></span> <span class='ocrx_word' id='word_1_73' title='bbox 841 987 917 1039; x_wconf 89' lang='lat' dir='ltr'>De</span> <span class='ocrx_word' id='word_1_74' title='bbox 935 989 1046 1040; x_wconf 82' lang='lat' dir='ltr'>eins</span> <span class='ocrx_word' id='word_1_75' title='bbox 1064 1005 1182 1056; x_wconf 80' lang='lat' dir='ltr'>per-</span> 
     </span>
     <span class='ocr_line' id='line_1_12' title="bbox 241 1055 1181 1122; baseline 0.002 -16"><span class='ocrx_word' id='word_1_76' title='bbox 241 1057 383 1122; x_wconf 77' lang='lat' dir='ltr'>fidia,</span> <span class='ocrx_word' id='word_1_77' title='bbox 420 1058 487 1108; x_wconf 79' lang='lat' dir='ltr'>ad</span> <span class='ocrx_word' id='word_1_78' title='bbox 506 1056 630 1111; x_wconf 77' lang='lat' dir='ltr'><strong>fam.</strong></span> <span class='ocrx_word' id='word_1_79' title='bbox 652 1060 704 1118; x_wconf 90' lang='lat'>4,</span> <span class='ocrx_word' id='word_1_80' title='bbox 728 1058 809 1118; x_wconf 86' lang='lat'><strong>14,</strong></span> <span class='ocrx_word' id='word_1_81' title='bbox 829 1055 883 1108; x_wconf 83' lang='lat'>3.</span> <span class='ocrx_word' id='word_1_82' title='bbox 912 1083 979 1095; x_wconf 87' lang='lat'>--</span> <span class='ocrx_word' id='word_1_83' title='bbox 996 1058 1181 1109; x_wconf 86' lang='lat' dir='ltr'>Teren-</span> 
     </span>
     <span class='ocr_line' id='line_1_13' title="bbox 245 1124 1176 1188; baseline 0.001 -11"><span class='ocrx_word' id='word_1_84' title='bbox 245 1128 347 1177; x_wconf 79' lang='lat' dir='ltr'>tiae</span> <span class='ocrx_word' id='word_1_85' title='bbox 375 1128 526 1176; x_wconf 78' lang='lat' dir='ltr'>etiam</span> <span class='ocrx_word' id='word_1_86' title='bbox 557 1135 672 1177; x_wconf 77' lang='lat' dir='ltr'>ante</span> <span class='ocrx_word' id='word_1_87' title='bbox 692 1128 828 1178; x_wconf 82' lang='lat' dir='ltr'>diem</span> <span class='ocrx_word' id='word_1_88' title='bbox 857 1124 1176 1188; x_wconf 81' lang='lat' dir='ltr'>solvendum,</span> 
     </span>
     <span class='ocr_line' id='line_1_14' title="bbox 241 1196 1178 1261; baseline 0.003 -16"><span class='ocrx_word' id='word_1_89' title='bbox 241 1197 287 1247; x_wconf 85' lang='lat' dir='ltr'>si</span> <span class='ocrx_word' id='word_1_90' title='bbox 313 1196 504 1261; x_wconf 81' lang='lat' dir='ltr'><strong>possit,</strong></span> <span class='ocrx_word' id='word_1_91' title='bbox 544 1210 591 1246; x_wconf 83' lang='grc' dir='ltr'>ιι.</span> <span class='ocrx_word' id='word_1_92' title='bbox 616 1211 668 1246; x_wconf 90' lang='grc' dir='ltr'>ιι.</span> <span class='ocrx_word' id='word_1_93' title='bbox 703 1212 748 1248; x_wconf 94' lang='lat' dir='ltr'>c.</span> <span class='ocrx_word' id='word_1_94' title='bbox 785 1196 938 1261; x_wconf 90' lang='grc'>710.,</span> <span class='ocrx_word' id='word_1_95' title='bbox 982 1198 1051 1247; x_wconf 75' lang='lat' dir='ltr'>nd</span> <span class='ocrx_word' id='word_1_96' title='bbox 1072 1197 1178 1248; x_wconf 87' lang='lat' dir='ltr'>Att.</span> 
     </span>
     <span class='ocr_line' id='line_1_15' title="bbox 244 1263 1180 1328; baseline 0 -13"><span class='ocrx_word' id='word_1_97' title='bbox 244 1263 326 1327; x_wconf 94' lang='grc'>16,</span> <span class='ocrx_word' id='word_1_98' title='bbox 347 1263 401 1326; x_wconf 89' lang='grc'>6,</span> <span class='ocrx_word' id='word_1_99' title='bbox 424 1264 475 1316; x_wconf 88' lang='grc'>3.</span> <span class='ocrx_word' id='word_1_100' title='bbox 499 1290 566 1303; x_wconf 89' lang='lat'>--</span> <span class='ocrx_word' id='word_1_101' title='bbox 587 1264 663 1315; x_wconf 86' lang='lat' dir='ltr'>Ne</span> <span class='ocrx_word' id='word_1_102' title='bbox 689 1265 956 1315; x_wconf 78' lang='lat' dir='ltr'><strong>Terentiae</strong></span> <span class='ocrx_word' id='word_1_103' title='bbox 973 1267 1180 1328; x_wconf 86' lang='lat' dir='ltr'>quidem</span> 
     </span>
     <span class='ocr_line' id='line_1_16' title="bbox 242 1332 1180 1399; baseline 0.002 -17"><span class='ocrx_word' id='word_1_104' title='bbox 242 1332 412 1384; x_wconf 75' lang='lat' dir='ltr'>adhuc</span> <span class='ocrx_word' id='word_1_105' title='bbox 455 1334 592 1397; x_wconf 85' lang='lat' dir='ltr'>qnod</span> <span class='ocrx_word' id='word_1_106' title='bbox 626 1332 854 1383; x_wconf 75' lang='lat' dir='ltr'>solvatur</span> <span class='ocrx_word' id='word_1_107' title='bbox 883 1336 1180 1399; x_wconf 83' lang='lat' dir='ltr'>expeditum</span> 
     </span>
     <span class='ocr_line' id='line_1_17' title="bbox 241 1401 1179 1469; baseline 0.002 -17"><span class='ocrx_word' id='word_1_108' title='bbox 241 1408 378 1453; x_wconf 76' lang='lat' dir='ltr'>esta.</span> <span class='ocrx_word' id='word_1_109' title='bbox 401 1417 452 1454; x_wconf 87' lang='lat' dir='ltr'>u.</span> <span class='ocrx_word' id='word_1_110' title='bbox 474 1419 518 1453; x_wconf 85' lang='lat' dir='ltr'>c.</span> <span class='ocrx_word' id='word_1_111' title='bbox 533 1401 674 1464; x_wconf 80' lang='grc'>710.,</span> <span class='ocrx_word' id='word_1_112' title='bbox 698 1403 764 1453; x_wconf 77' lang='lat' dir='ltr'>ad</span> <span class='ocrx_word' id='word_1_113' title='bbox 784 1403 888 1459; x_wconf 83' lang='lat' dir='ltr'>Att.</span> <span class='ocrx_word' id='word_1_114' title='bbox 914 1401 1000 1463; x_wconf 83' lang='lat'><strong>16,</strong></span> <span class='ocrx_word' id='word_1_115' title='bbox 1022 1402 1105 1469; x_wconf 87' lang='grc'>15,</span> <span class='ocrx_word' id='word_1_116' title='bbox 1126 1403 1179 1454; x_wconf 88' lang='grc'>5.</span> 
     </span>
     <span class='ocr_line' id='line_1_18' title="bbox 241 1469 871 1531; baseline 0.005 -9"><span class='ocrx_word' id='word_1_117' title='bbox 241 1471 540 1523; x_wconf 76' lang='lat' dir='ltr'>Pseudosal.</span> <span class='ocrx_word' id='word_1_118' title='bbox 555 1474 607 1520; x_wconf 86' lang='lat' dir='ltr'>in</span> <span class='ocrx_word' id='word_1_119' title='bbox 620 1469 724 1522; x_wconf 82' lang='lat' dir='ltr'>Cic.</span> <span class='ocrx_word' id='word_1_120' title='bbox 747 1475 800 1531; x_wconf 85' lang='lat'>2,</span> <span class='ocrx_word' id='word_1_121' title='bbox 818 1469 871 1526; x_wconf 80' lang='grc'>3.</span> 
     </span>
    </p>

    <p class='ocr_par' dir='ltr' id='par_1_5' title="bbox 170 1537 1181 3537">
     <span class='ocr_line' id='line_1_19' title="bbox 173 1537 1179 1606; baseline -0.004 -14"><span class='ocrx_word' id='word_1_122' title='bbox 173 1537 446 1592; x_wconf 73' lang='lat' dir='ltr'>Terentia</span> <span class='ocrx_word' id='word_1_123' title='bbox 467 1547 516 1590; x_wconf 88' lang='lat' dir='ltr'>et</span> <span class='ocrx_word' id='word_1_124' title='bbox 541 1539 715 1591; x_wconf 78' lang='lat' dir='ltr'>Cassia</span> <span class='ocrx_word' id='word_1_125' title='bbox 737 1540 853 1606; x_wconf 83' lang='lat' dir='ltr'>lege</span> <span class='ocrx_word' id='word_1_126' title='bbox 872 1539 1179 1590; x_wconf 81' lang='lat' dir='ltr'>frumentum</span> 
     </span>
     <span class='ocr_line' id='line_1_20' title="bbox 242 1608 1180 1674; baseline -0.001 -14"><span class='ocrx_word' id='word_1_127' title='bbox 242 1609 577 1674; x_wconf 77' lang='lat' dir='ltr'><strong>aequabiliter</strong></span> <span class='ocrx_word' id='word_1_128' title='bbox 603 1611 704 1660; x_wconf 86' lang='lat' dir='ltr'>emi</span> <span class='ocrx_word' id='word_1_129' title='bbox 739 1611 803 1660; x_wconf 82' lang='lat' dir='ltr'>ab</span> <span class='ocrx_word' id='word_1_130' title='bbox 843 1610 1076 1659; x_wconf 82' lang='lat' dir='ltr'>omnibus</span> <span class='ocrx_word' id='word_1_131' title='bbox 1095 1608 1180 1660; x_wconf 80' lang='lat' dir='ltr'>Si-</span> 
     </span>
     <span class='ocr_line' id='line_1_21' title="bbox 241 1678 1177 1746; baseline -0.001 -17"><span class='ocrx_word' id='word_1_132' title='bbox 241 1678 390 1729; x_wconf 79' lang='lat' dir='ltr'>ciliae</span> <span class='ocrx_word' id='word_1_133' title='bbox 407 1679 699 1728; x_wconf 72' lang='lat' dir='ltr'>civitatibus</span> <span class='ocrx_word' id='word_1_134' title='bbox 719 1679 982 1746; x_wconf 78' lang='lat' dir='ltr'>oportebat</span> <span class='ocrx_word' id='word_1_135' title='bbox 995 1715 1010 1742; x_wconf 91' lang='lat'>,</span> <span class='ocrx_word' id='word_1_136' title='bbox 1029 1679 1177 1728; x_wconf 86' lang='lat' dir='ltr'>Verr.</span> 
     </span>
     <span class='ocr_line' id='line_1_22' title="bbox 241 1746 1181 1810; baseline -0.001 -12"><span class='ocrx_word' id='word_1_137' title='bbox 241 1755 467 1800; x_wconf 77' lang='lat' dir='ltr'>accusat.</span> <span class='ocrx_word' id='word_1_138' title='bbox 489 1748 542 1810; x_wconf 84' lang='lat'>5,</span> <span class='ocrx_word' id='word_1_139' title='bbox 562 1746 650 1808; x_wconf 88' lang='grc'>21,</span> <span class='ocrx_word' id='word_1_140' title='bbox 676 1747 762 1801; x_wconf 89' lang='grc'>52.</span> <span class='ocrx_word' id='word_1_141' title='bbox 787 1774 855 1784; x_wconf 92' lang='grc'>-</span> <span class='ocrx_word' id='word_1_142' title='bbox 872 1747 1181 1798; x_wconf 78' lang='lat' dir='ltr'>Memoratur</span> 
     </span>
     <span class='ocr_line' id='line_1_23' title="bbox 242 1814 1179 1881; baseline 0 -14"><span class='ocrx_word' id='word_1_143' title='bbox 242 1818 489 1868; x_wconf 79' lang='lat' dir='ltr'>etiam‘lb.</span> <span class='ocrx_word' id='word_1_144' title='bbox 513 1816 564 1881; x_wconf 83' lang='lat'>3,</span> <span class='ocrx_word' id='word_1_145' title='bbox 605 1814 690 1880; x_wconf 98' lang='grc'>70,</span> <span class='ocrx_word' id='word_1_146' title='bbox 725 1817 838 1869; x_wconf 88' lang='grc'>163.</span> <span class='ocrx_word' id='word_1_147' title='bbox 909 1818 983 1867; x_wconf 91' lang='lat' dir='ltr'>Ib.</span> <span class='ocrx_word' id='word_1_148' title='bbox 1009 1814 1058 1878; x_wconf 92' lang='grc'>3,</span> <span class='ocrx_word' id='word_1_149' title='bbox 1091 1817 1179 1878; x_wconf 86' lang='grc'>75,</span> 
     </span>
     <span class='ocr_line' id='line_1_24' title="bbox 172 1954 1178 2022; baseline -0.001 -14"><span class='ocrx_word' id='word_1_150' title='bbox 172 1954 477 2008; x_wconf 74' lang='lat' dir='ltr'>Terentina</span> <span class='ocrx_word' id='word_1_151' title='bbox 513 1957 677 2007; x_wconf 89' lang='lat' dir='ltr'>tribus</span> <span class='ocrx_word' id='word_1_152' title='bbox 696 1995 712 2018; x_wconf 91' lang='lat'>,</span> <span class='ocrx_word' id='word_1_153' title='bbox 760 1972 852 2022; x_wconf 88' lang='lat' dir='ltr'>pro</span> <span class='ocrx_word' id='word_1_154' title='bbox 881 1956 1088 2007; x_wconf 76' lang='lat' dir='ltr'><strong>Plancio</strong></span> <span class='ocrx_word' id='word_1_155' title='bbox 1127 1956 1178 2019; x_wconf 86' lang='lat'>8,</span> 
     </span>
     <span class='ocr_line' id='line_1_25' title="bbox 239 2024 1175 2089; baseline -0.002 -13"><span class='ocrx_word' id='word_1_156' title='bbox 239 2029 323 2079; x_wconf 90' lang='grc'>21.</span> <span class='ocrx_word' id='word_1_157' title='bbox 365 2026 437 2075; x_wconf 91' lang='lat' dir='ltr'>Ib.</span> <span class='ocrx_word' id='word_1_158' title='bbox 465 2024 546 2087; x_wconf 93' lang='grc'>16,</span> <span class='ocrx_word' id='word_1_159' title='bbox 578 2024 664 2078; x_wconf 89' lang='grc'>38.</span> <span class='ocrx_word' id='word_1_160' title='bbox 715 2026 925 2077; x_wconf 75' lang='lat' dir='ltr'><strong>adram.</strong></span> <span class='ocrx_word' id='word_1_161' title='bbox 953 2026 1005 2089; x_wconf 91' lang='lat'>8,</span> <span class='ocrx_word' id='word_1_162' title='bbox 1037 2025 1090 2086; x_wconf 88' lang='grc'>8,</span> <span class='ocrx_word' id='word_1_163' title='bbox 1124 2025 1175 2075; x_wconf 91' lang='grc'>5.</span> 
     </span>
     <span class='ocr_line' id='line_1_26' title="bbox 170 2091 1179 2159; baseline -0.003 -13"><span class='ocrx_word' id='word_1_164' title='bbox 170 2091 504 2157; x_wconf 83' lang='lat' dir='ltr'>Terentius,</span> <span class='ocrx_word' id='word_1_165' title='bbox 540 2096 690 2159; x_wconf 73' lang='lat' dir='ltr'>poeta</span> <span class='ocrx_word' id='word_1_166' title='bbox 725 2096 964 2149; x_wconf 87' lang='lat' dir='ltr'>comicus.</span> <span class='ocrx_word' id='word_1_167' title='bbox 1037 2094 1179 2144; x_wconf 79' lang='lat' dir='ltr'>Iudi-</span> 
     </span>
     <span class='ocr_line' id='line_1_27' title="bbox 238 2162 1176 2229; baseline 0.002 -16"><span class='ocrx_word' id='word_1_168' title='bbox 238 2166 372 2213; x_wconf 88' lang='lat' dir='ltr'>cium</span> <span class='ocrx_word' id='word_1_169' title='bbox 412 2162 667 2213; x_wconf 84' lang='lat' dir='ltr'>Ciceronis</span> <span class='ocrx_word' id='word_1_170' title='bbox 717 2165 780 2215; x_wconf 85' lang='lat' dir='ltr'>de</span> <span class='ocrx_word' id='word_1_171' title='bbox 832 2181 893 2215; x_wconf 91' lang='lat' dir='ltr'>eo</span> <span class='ocrx_word' id='word_1_172' title='bbox 917 2202 932 2228; x_wconf 90' lang='lat'>,</span> <span class='ocrx_word' id='word_1_173' title='bbox 989 2162 1176 2229; x_wconf 74' lang='lat' dir='ltr'>fragm.</span> 
     </span>
     <span class='ocr_line' id='line_1_28' title="bbox 236 2229 1180 2298; baseline 0.002 -19"><span class='ocrx_word' id='word_1_174' title='bbox 236 2248 289 2297; x_wconf 88' lang='lat' dir='ltr'>p.</span> <span class='ocrx_word' id='word_1_175' title='bbox 313 2229 433 2283; x_wconf 84' lang='lat'><strong>338.</strong></span> <span class='ocrx_word' id='word_1_176' title='bbox 478 2257 546 2267; x_wconf 87' lang='lat'><em>-</em></span> <span class='ocrx_word' id='word_1_177' title='bbox 587 2232 711 2280; x_wconf 85' lang='lat' dir='ltr'>Eius</span> <span class='ocrx_word' id='word_1_178' title='bbox 731 2231 950 2283; x_wconf 79' lang='lat' dir='ltr'>fabellae</span> <span class='ocrx_word' id='word_1_179' title='bbox 969 2240 1180 2298; x_wconf 84' lang='lat' dir='ltr'>propter</span> 
     </span>
     <span class='ocr_line' id='line_1_29' title="bbox 238 2300 1180 2367; baseline 0.001 -17"><span class='ocrx_word' id='word_1_180' title='bbox 238 2300 542 2365; x_wconf 74' lang='lat' dir='ltr'>elegantiam</span> <span class='ocrx_word' id='word_1_181' title='bbox 583 2303 832 2351; x_wconf 86' lang='lat' dir='ltr'>sermonis</span> <span class='ocrx_word' id='word_1_182' title='bbox 873 2301 1180 2367; x_wconf 80' lang='lat' dir='ltr'>putabuntur</span> 
     </span>
     <span class='ocr_line' id='line_1_30' title="bbox 239 2368 1175 2431; baseline 0.002 -12"><span class='ocrx_word' id='word_1_183' title='bbox 239 2387 269 2419; x_wconf 84' lang='lat' dir='ltr'>a</span> <span class='ocrx_word' id='word_1_184' title='bbox 290 2368 345 2419; x_wconf 86' lang='lat' dir='ltr'>C.</span> <span class='ocrx_word' id='word_1_185' title='bbox 366 2369 541 2419; x_wconf 80' lang='lat' dir='ltr'>Laelio</span> <span class='ocrx_word' id='word_1_186' title='bbox 575 2370 762 2431; x_wconf 84' lang='lat' dir='ltr'>scribi,</span> <span class='ocrx_word' id='word_1_187' title='bbox 800 2370 866 2420; x_wconf 77' lang='lat' dir='ltr'>ad</span> <span class='ocrx_word' id='word_1_188' title='bbox 886 2370 989 2420; x_wconf 80' lang='lat' dir='ltr'>Att.</span> <span class='ocrx_word' id='word_1_189' title='bbox 1031 2371 1094 2429; x_wconf 95' lang='grc'>7,</span> <span class='ocrx_word' id='word_1_190' title='bbox 1123 2369 1175 2431; x_wconf 87' lang='grc'>3,</span> 
     </span>
     <span class='ocr_line' id='line_1_31' title="bbox 195 2436 1178 2493; baseline -0.002 -4"><span class='ocrx_word' id='word_1_191' title='bbox 195 2444 202 2447; x_wconf 86' lang='grc'><em>“</em></span> <span class='ocrx_word' id='word_1_192' title='bbox 239 2436 325 2489; x_wconf 93' lang='grc'>10.</span> <span class='ocrx_word' id='word_1_193' title='bbox 365 2464 436 2475; x_wconf 92' lang='lat'><em>-</em></span> <span class='ocrx_word' id='word_1_194' title='bbox 471 2438 697 2493; x_wconf 74' lang='lat' dir='ltr'>Terentii</span> <span class='ocrx_word' id='word_1_195' title='bbox 735 2440 1178 2489; x_wconf 80' lang='lat' dir='ltr'>Heautontimoru-</span> 
     </span>
     <span class='ocr_line' id='line_1_32' title="bbox 237 2504 1176 2572; baseline -0.002 -15"><span class='ocrx_word' id='word_1_196' title='bbox 237 2521 434 2569; x_wconf 87' lang='lat' dir='ltr'>menos,</span> <span class='ocrx_word' id='word_1_197' title='bbox 455 2506 661 2557; x_wconf 86' lang='lat' dir='ltr'>Tuscul.</span> <span class='ocrx_word' id='word_1_198' title='bbox 675 2504 728 2572; x_wconf 93' lang='grc'>3,</span> <span class='ocrx_word' id='word_1_199' title='bbox 749 2510 835 2567; x_wconf 92' lang='grc'>27,</span> <span class='ocrx_word' id='word_1_200' title='bbox 853 2508 940 2559; x_wconf 91' lang='grc'>65.</span> <span class='ocrx_word' id='word_1_201' title='bbox 961 2535 1027 2543; x_wconf 92' lang='grc'>-</span> <span class='ocrx_word' id='word_1_202' title='bbox 1052 2508 1176 2556; x_wconf 85' lang='lat' dir='ltr'>Eius</span> 
     </span>
     <span class='ocr_line' id='line_1_33' title="bbox 235 2575 1175 2641; baseline -0.002 -14"><span class='ocrx_word' id='word_1_203' title='bbox 235 2575 490 2641; x_wconf 81' lang='lat' dir='ltr'>Adelphi,</span> <span class='ocrx_word' id='word_1_204' title='bbox 526 2576 589 2627; x_wconf 88' lang='lat' dir='ltr'>de</span> <span class='ocrx_word' id='word_1_205' title='bbox 610 2589 721 2626; x_wconf 88' lang='lat' dir='ltr'>seu.</span> <span class='ocrx_word' id='word_1_206' title='bbox 742 2576 826 2637; x_wconf 80' lang='lat'><strong>18,</strong></span> <span class='ocrx_word' id='word_1_207' title='bbox 849 2576 935 2627; x_wconf 83' lang='grc'>65.</span> <span class='ocrx_word' id='word_1_208' title='bbox 957 2601 1026 2613; x_wconf 82' lang='grc'><strong>-</strong></span> <span class='ocrx_word' id='word_1_209' title='bbox 1052 2576 1175 2625; x_wconf 84' lang='lat' dir='ltr'>Eius</span> 
     </span>
     <span class='ocr_line' id='line_1_34' title="bbox 237 2643 1178 2707; baseline -0.001 -11"><span class='ocrx_word' id='word_1_210' title='bbox 237 2644 476 2696; x_wconf 81' lang='lat' dir='ltr'>Chremes</span> <span class='ocrx_word' id='word_1_211' title='bbox 497 2681 511 2703; x_wconf 90' lang='lat'>‚</span> <span class='ocrx_word' id='word_1_212' title='bbox 552 2646 616 2695; x_wconf 88' lang='lat' dir='ltr'>de</span> <span class='ocrx_word' id='word_1_213' title='bbox 636 2645 722 2695; x_wconf 83' lang='lat' dir='ltr'>flu.</span> <span class='ocrx_word' id='word_1_214' title='bbox 750 2646 799 2707; x_wconf 90' lang='lat'><strong>1,</strong></span> <span class='ocrx_word' id='word_1_215' title='bbox 823 2644 871 2705; x_wconf 88' lang='lat'>1,</span> <span class='ocrx_word' id='word_1_216' title='bbox 893 2643 944 2697; x_wconf 84' lang='lat'>3.</span> <span class='ocrx_word' id='word_1_217' title='bbox 965 2676 1036 2687; x_wconf 89' lang='lat'>--</span> <span class='ocrx_word' id='word_1_218' title='bbox 1056 2645 1178 2695; x_wconf 86' lang='lat' dir='ltr'>Eius</span> 
     </span>
     <span class='ocr_line' id='line_1_35' title="bbox 233 2715 1175 2780; baseline -0.001 -15"><span class='ocrx_word' id='word_1_219' title='bbox 233 2716 450 2779; x_wconf 74' lang='lat' dir='ltr'>Andria,</span> <span class='ocrx_word' id='word_1_220' title='bbox 473 2715 546 2765; x_wconf 87' lang='lat' dir='ltr'>Ib.</span> <span class='ocrx_word' id='word_1_221' title='bbox 570 2716 622 2775; x_wconf 90' lang='grc'>2,</span> <span class='ocrx_word' id='word_1_222' title='bbox 646 2716 698 2763; x_wconf 87' lang='grc'>4.</span> <span class='ocrx_word' id='word_1_223' title='bbox 733 2716 796 2765; x_wconf 82' lang='lat' dir='ltr'>de</span> <span class='ocrx_word' id='word_1_224' title='bbox 821 2721 929 2779; x_wconf 85' lang='lat' dir='ltr'>opt.</span> <span class='ocrx_word' id='word_1_225' title='bbox 958 2728 1077 2780; x_wconf 80' lang='lat' dir='ltr'>gen.</span> <span class='ocrx_word' id='word_1_226' title='bbox 1100 2730 1175 2769; x_wconf 84' lang='lat' dir='ltr'>or.</span> 
     </span>
     <span class='ocr_line' id='line_1_36' title="bbox 232 2784 1173 2849; baseline -0.002 -14"><span class='ocrx_word' id='word_1_227' title='bbox 232 2784 385 2846; x_wconf 83' lang='lat'><strong>6,18.</strong></span> <span class='ocrx_word' id='word_1_228' title='bbox 398 2810 465 2821; x_wconf 88' lang='grc'>--</span> <span class='ocrx_word' id='word_1_229' title='bbox 480 2784 787 2835; x_wconf 70' lang='lat' dir='ltr'>Memor-atur</span> <span class='ocrx_word' id='word_1_230' title='bbox 810 2784 962 2833; x_wconf 78' lang='lat' dir='ltr'>etiam</span> <span class='ocrx_word' id='word_1_231' title='bbox 983 2784 1047 2835; x_wconf 84' lang='lat' dir='ltr'>de</span> <span class='ocrx_word' id='word_1_232' title='bbox 1066 2791 1173 2849; x_wconf 85' lang='lat' dir='ltr'>opt.</span> 
     </span>
     <span class='ocr_line' id='line_1_37' title="bbox 211 2851 1175 2921; baseline 0 -18"><span class='ocrx_word' id='word_1_233' title='bbox 211 2868 355 2921; x_wconf 62' lang='lat' dir='ltr'>gen.</span> <span class='ocrx_word' id='word_1_234' title='bbox 377 2869 450 2903; x_wconf 88' lang='lat' dir='ltr'>or.</span> <span class='ocrx_word' id='word_1_235' title='bbox 477 2853 525 2915; x_wconf 90' lang='lat'><strong>1,</strong></span> <span class='ocrx_word' id='word_1_236' title='bbox 547 2851 598 2906; x_wconf 84' lang='lat'>3.</span> <span class='ocrx_word' id='word_1_237' title='bbox 621 2877 693 2889; x_wconf 89' lang='lat'>—-</span> <span class='ocrx_word' id='word_1_238' title='bbox 712 2856 906 2905; x_wconf 80' lang='lat' dir='ltr'>Versus</span> <span class='ocrx_word' id='word_1_239' title='bbox 935 2868 1000 2903; x_wconf 84' lang='lat' dir='ltr'>ex</span> <span class='ocrx_word' id='word_1_240' title='bbox 1020 2853 1175 2903; x_wconf 87' lang='lat' dir='ltr'>Adel-</span> 
     </span>
     <span class='ocr_line' id='line_1_38' title="bbox 231 2921 1175 2989; baseline -0.001 -17"><span class='ocrx_word' id='word_1_241' title='bbox 231 2922 380 2989; x_wconf 85' lang='lat' dir='ltr'>phis,</span> <span class='ocrx_word' id='word_1_242' title='bbox 418 2936 511 2986; x_wconf 88' lang='lat' dir='ltr'>pro</span> <span class='ocrx_word' id='word_1_243' title='bbox 533 2921 703 2972; x_wconf 83' lang='lat' dir='ltr'>Caelio</span> <span class='ocrx_word' id='word_1_244' title='bbox 727 2922 807 2982; x_wconf 88' lang='grc'>16,</span> <span class='ocrx_word' id='word_1_245' title='bbox 840 2921 924 2974; x_wconf 84' lang='grc'>38.</span> <span class='ocrx_word' id='word_1_246' title='bbox 958 2923 1175 2973; x_wconf 84' lang='lat' dir='ltr'>—Ver-</span> 
     </span>
     <span class='ocr_line' id='line_1_39' title="bbox 233 2990 1170 3056; baseline -0.001 -13"><span class='ocrx_word' id='word_1_247' title='bbox 233 2990 384 3043; x_wconf 82' lang='lat' dir='ltr'>siculi</span> <span class='ocrx_word' id='word_1_248' title='bbox 418 3007 484 3041; x_wconf 86' lang='lat' dir='ltr'>ex</span> <span class='ocrx_word' id='word_1_249' title='bbox 503 2992 726 3056; x_wconf 82' lang='lat' dir='ltr'>Andria,</span> <span class='ocrx_word' id='word_1_250' title='bbox 764 2992 826 3042; x_wconf 86' lang='lat' dir='ltr'>de</span> <span class='ocrx_word' id='word_1_251' title='bbox 857 2994 962 3042; x_wconf 88' lang='lat' dir='ltr'>inv.</span> <span class='ocrx_word' id='word_1_252' title='bbox 988 2991 1046 3052; x_wconf 90' lang='lat'><strong>1,</strong></span> <span class='ocrx_word' id='word_1_253' title='bbox 1087 2991 1170 3053; x_wconf 83' lang='lat'><strong>19,</strong></span> 
     </span>
     <span class='ocr_line' id='line_1_40' title="bbox 230 3059 1169 3128; baseline 0.001 -16"><span class='ocrx_word' id='word_1_254' title='bbox 230 3062 318 3113; x_wconf 89' lang='grc'>27.</span> <span class='ocrx_word' id='word_1_255' title='bbox 352 3062 426 3115; x_wconf 84' lang='lat' dir='ltr'>lb.</span> <span class='ocrx_word' id='word_1_256' title='bbox 457 3061 505 3126; x_wconf 92' lang='lat'><strong>1,</strong></span> <span class='ocrx_word' id='word_1_257' title='bbox 527 3059 614 3124; x_wconf 87' lang='grc'>23,</span> <span class='ocrx_word' id='word_1_258' title='bbox 639 3059 722 3112; x_wconf 89' lang='grc'>33.</span> <span class='ocrx_word' id='word_1_259' title='bbox 775 3062 836 3111; x_wconf 81' lang='lat' dir='ltr'>de</span> <span class='ocrx_word' id='word_1_260' title='bbox 858 3068 985 3112; x_wconf 78' lang='lat' dir='ltr'>orat.</span> <span class='ocrx_word' id='word_1_261' title='bbox 1009 3062 1061 3121; x_wconf 89' lang='grc'>2,</span> <span class='ocrx_word' id='word_1_262' title='bbox 1083 3061 1169 3128; x_wconf 88' lang='grc'>40,</span> 
     </span>
     <span class='ocr_line' id='line_1_41' title="bbox 231 3128 1170 3193; baseline 0 -12"><span class='ocrx_word' id='word_1_263' title='bbox 231 3130 350 3181; x_wconf 92' lang='grc'>172.</span> <span class='ocrx_word' id='word_1_264' title='bbox 407 3131 482 3182; x_wconf 82' lang='lat' dir='ltr'>lh.</span> <span class='ocrx_word' id='word_1_265' title='bbox 508 3132 558 3190; x_wconf 90' lang='grc'>2,</span> <span class='ocrx_word' id='word_1_266' title='bbox 589 3128 675 3190; x_wconf 89' lang='grc'>80,</span> <span class='ocrx_word' id='word_1_267' title='bbox 709 3129 829 3182; x_wconf 89' lang='grc'>327.</span> <span class='ocrx_word' id='word_1_268' title='bbox 883 3131 950 3180; x_wconf 83' lang='lat' dir='ltr'>ad</span> <span class='ocrx_word' id='word_1_269' title='bbox 977 3130 1098 3183; x_wconf 73' lang='lat' dir='ltr'>sam.</span> <span class='ocrx_word' id='word_1_270' title='bbox 1117 3130 1170 3193; x_wconf 84' lang='lat'>9,</span> 
     </span>
     <span class='ocr_line' id='line_1_42' title="bbox 232 3198 1170 3263; baseline 0 -14"><span class='ocrx_word' id='word_1_271' title='bbox 232 3202 282 3259; x_wconf 92' lang='grc'>7,</span> <span class='ocrx_word' id='word_1_272' title='bbox 317 3198 366 3252; x_wconf 91' lang='grc'>1.</span> <span class='ocrx_word' id='word_1_273' title='bbox 421 3200 495 3249; x_wconf 89' lang='lat' dir='ltr'>Ib.</span> <span class='ocrx_word' id='word_1_274' title='bbox 524 3200 607 3263; x_wconf 90' lang='grc'>12,</span> <span class='ocrx_word' id='word_1_275' title='bbox 628 3199 714 3263; x_wconf 90' lang='grc'>25,</span> <span class='ocrx_word' id='word_1_276' title='bbox 743 3198 794 3251; x_wconf 82' lang='grc'>5.</span> <span class='ocrx_word' id='word_1_277' title='bbox 865 3200 930 3249; x_wconf 83' lang='lat' dir='ltr'>de</span> <span class='ocrx_word' id='word_1_278' title='bbox 953 3212 1061 3252; x_wconf 88' lang='lat' dir='ltr'>sen.</span> <span class='ocrx_word' id='word_1_279' title='bbox 1081 3200 1170 3259; x_wconf 83' lang='lat'><strong>24,</strong></span> 
     </span>
     <span class='ocr_line' id='line_1_43' title="bbox 231 3265 1174 3330; baseline -0.001 -12"><span class='ocrx_word' id='word_1_280' title='bbox 231 3266 318 3318; x_wconf 90' lang='grc'>89.</span> <span class='ocrx_word' id='word_1_281' title='bbox 340 3293 407 3305; x_wconf 88' lang='grc'><strong>-</strong></span> <span class='ocrx_word' id='word_1_282' title='bbox 429 3268 686 3319; x_wconf 73' lang='lat' dir='ltr'>Ver-siculi</span> <span class='ocrx_word' id='word_1_283' title='bbox 706 3283 770 3317; x_wconf 88' lang='lat' dir='ltr'>ex</span> <span class='ocrx_word' id='word_1_284' title='bbox 793 3265 1038 3319; x_wconf 79' lang='lat' dir='ltr'><strong>Eunucho</strong></span> <span class='ocrx_word' id='word_1_285' title='bbox 1053 3304 1068 3330; x_wconf 92' lang='lat'>‚</span> <span class='ocrx_word' id='word_1_286' title='bbox 1107 3269 1174 3317; x_wconf 79' lang='lat' dir='ltr'>ad</span> 
     </span>
     <span class='ocr_line' id='line_1_44' title="bbox 231 3336 1166 3399; baseline -0.003 -12"><span class='ocrx_word' id='word_1_287' title='bbox 231 3336 355 3387; x_wconf 79' lang='lat' dir='ltr'><strong>fam.</strong></span> <span class='ocrx_word' id='word_1_288' title='bbox 391 3336 442 3399; x_wconf 92' lang='lat'>1,</span> <span class='ocrx_word' id='word_1_289' title='bbox 461 3336 514 3399; x_wconf 92' lang='grc'>9,</span> <span class='ocrx_word' id='word_1_290' title='bbox 537 3336 619 3387; x_wconf 90' lang='grc'>19.</span> <span class='ocrx_word' id='word_1_291' title='bbox 667 3338 731 3387; x_wconf 90' lang='lat' dir='ltr'>de</span> <span class='ocrx_word' id='word_1_292' title='bbox 748 3352 798 3385; x_wconf 90' lang='lat' dir='ltr'>n.</span> <span class='ocrx_word' id='word_1_293' title='bbox 825 3337 876 3387; x_wconf 78' lang='lat' dir='ltr'>d.</span> <span class='ocrx_word' id='word_1_294' title='bbox 899 3337 951 3396; x_wconf 90' lang='grc'>2,</span> <span class='ocrx_word' id='word_1_295' title='bbox 975 3336 1061 3396; x_wconf 88' lang='grc'>23,</span> <span class='ocrx_word' id='word_1_296' title='bbox 1082 3336 1166 3386; x_wconf 90' lang='grc'>60.</span> 
     </span>
     <span class='ocr_line' id='line_1_45' title="bbox 230 3403 1170 3468; baseline -0.002 -11"><span class='ocrx_word' id='word_1_297' title='bbox 230 3406 306 3458; x_wconf 85' lang='lat' dir='ltr'>lb.</span> <span class='ocrx_word' id='word_1_298' title='bbox 331 3403 382 3468; x_wconf 91' lang='grc'>3,</span> <span class='ocrx_word' id='word_1_299' title='bbox 409 3403 489 3462; x_wconf 92' lang='grc'>19,</span> <span class='ocrx_word' id='word_1_300' title='bbox 512 3406 597 3456; x_wconf 91' lang='grc'>27.</span> <span class='ocrx_word' id='word_1_301' title='bbox 639 3406 700 3454; x_wconf 84' lang='lat' dir='ltr'>de</span> <span class='ocrx_word' id='word_1_302' title='bbox 721 3420 821 3454; x_wconf 81' lang='lat' dir='ltr'>am.</span> <span class='ocrx_word' id='word_1_303' title='bbox 845 3406 931 3463; x_wconf 83' lang='lat'><strong>25,</strong></span> <span class='ocrx_word' id='word_1_304' title='bbox 960 3404 1043 3459; x_wconf 85' lang='lat'>93.</span> <span class='ocrx_word' id='word_1_305' title='bbox 1083 3404 1170 3465; x_wconf 88' lang='grc'>26,</span> 
     </span>
     <span class='ocr_line' id='line_1_46' title="bbox 230 3472 1170 3537; baseline -0.001 -11"><span class='ocrx_word' id='word_1_306' title='bbox 230 3472 317 3527; x_wconf 89' lang='grc'>99.</span> <span class='ocrx_word' id='word_1_307' title='bbox 357 3475 420 3525; x_wconf 86' lang='lat' dir='ltr'>de</span> <span class='ocrx_word' id='word_1_308' title='bbox 440 3474 526 3525; x_wconf 84' lang='lat' dir='ltr'>off.</span> <span class='ocrx_word' id='word_1_309' title='bbox 551 3474 598 3535; x_wconf 87' lang='lat'>1,</span> <span class='ocrx_word' id='word_1_310' title='bbox 617 3474 702 3537; x_wconf 89' lang='grc'>42,</span> <span class='ocrx_word' id='word_1_311' title='bbox 739 3473 854 3524; x_wconf 88' lang='grc'>150.</span> <span class='ocrx_word' id='word_1_312' title='bbox 891 3474 1096 3525; x_wconf 84' lang='lat' dir='ltr'>Tuscul.</span> <span class='ocrx_word' id='word_1_313' title='bbox 1118 3476 1170 3536; x_wconf 88' lang='lat'>4,</span> 
     </span>
    </p>
   </div>
   <div class='ocr_carea' id='block_1_5' title="bbox 1325 369 2268 846">
    <p class='ocr_par' dir='ltr' id='par_1_6' title="bbox 1325 369 2268 846">
     <span class='ocr_line' id='line_1_47' title="bbox 1328 369 2268 432; baseline 0.003 -11"><span class='ocrx_word' id='word_1_314' title='bbox 1328 369 1412 432; x_wconf 87' lang='grc'>35,</span> <span class='ocrx_word' id='word_1_315' title='bbox 1448 371 1532 422; x_wconf 86' lang='grc'>76.</span> <span class='ocrx_word' id='word_1_316' title='bbox 1566 395 1632 406; x_wconf 89' lang='lat'>—-</span> <span class='ocrx_word' id='word_1_317' title='bbox 1651 371 1903 422; x_wconf 70' lang='lat' dir='ltr'>versiculi</span> <span class='ocrx_word' id='word_1_318' title='bbox 1928 388 1994 424; x_wconf 75' lang='lat' dir='ltr'>cx</span> <span class='ocrx_word' id='word_1_319' title='bbox 2015 373 2268 424; x_wconf 77' lang='lat' dir='ltr'>Heauton-</span> 
     </span>
     <span class='ocr_line' id='line_1_48' title="bbox 1326 440 2265 502; baseline 0.009 -14"><span class='ocrx_word' id='word_1_320' title='bbox 1326 440 1694 502; x_wconf 70' lang='lat' dir='ltr'>timot-ameno,</span> <span class='ocrx_word' id='word_1_321' title='bbox 1734 441 1796 490; x_wconf 85' lang='lat' dir='ltr'>de</span> <span class='ocrx_word' id='word_1_322' title='bbox 1817 441 1903 491; x_wconf 78' lang='lat' dir='ltr'>fin.</span> <span class='ocrx_word' id='word_1_323' title='bbox 1928 443 1979 502; x_wconf 84' lang='grc'>2,</span> <span class='ocrx_word' id='word_1_324' title='bbox 1997 445 2047 502; x_wconf 84' lang='grc'>4,</span> <span class='ocrx_word' id='word_1_325' title='bbox 2074 443 2155 493; x_wconf 91' lang='grc'>14.</span> <span class='ocrx_word' id='word_1_326' title='bbox 2190 443 2265 496; x_wconf 88' lang='lat' dir='ltr'>lb.</span> 
     </span>
     <span class='ocr_line' id='line_1_49' title="bbox 1327 507 2265 573; baseline 0.003 -13"><span class='ocrx_word' id='word_1_327' title='bbox 1327 509 1377 567; x_wconf 89' lang='grc'>5,</span> <span class='ocrx_word' id='word_1_328' title='bbox 1401 507 1487 569; x_wconf 91' lang='grc'>10,</span> <span class='ocrx_word' id='word_1_329' title='bbox 1512 509 1579 559; x_wconf 88' lang='grc'>28</span> <span class='ocrx_word' id='word_1_330' title='bbox 1600 516 1648 557; x_wconf 89' lang='lat' dir='ltr'>et</span> <span class='ocrx_word' id='word_1_331' title='bbox 1668 509 1753 558; x_wconf 88' lang='grc'>29.</span> <span class='ocrx_word' id='word_1_332' title='bbox 1812 510 1879 559; x_wconf 76' lang='lat' dir='ltr'>ad</span> <span class='ocrx_word' id='word_1_333' title='bbox 1906 512 2012 561; x_wconf 81' lang='lat' dir='ltr'>Att.</span> <span class='ocrx_word' id='word_1_334' title='bbox 2044 512 2118 573; x_wconf 86' lang='grc'>12,</span> <span class='ocrx_word' id='word_1_335' title='bbox 2139 511 2191 573; x_wconf 90' lang='grc'>6,</span> <span class='ocrx_word' id='word_1_336' title='bbox 2212 515 2265 564; x_wconf 86' lang='grc'>2.</span> 
     </span>
     <span class='ocr_line' id='line_1_50' title="bbox 1329 576 2263 643; baseline 0.003 -17"><span class='ocrx_word' id='word_1_337' title='bbox 1329 577 1397 626; x_wconf 79' lang='lat' dir='ltr'>nd</span> <span class='ocrx_word' id='word_1_338' title='bbox 1414 576 1535 626; x_wconf 82' lang='lat' dir='ltr'><strong>fam.</strong></span> <span class='ocrx_word' id='word_1_339' title='bbox 1558 579 1608 638; x_wconf 91' lang='grc'>7,</span> <span class='ocrx_word' id='word_1_340' title='bbox 1633 577 1716 641; x_wconf 90' lang='grc'>10,</span> <span class='ocrx_word' id='word_1_341' title='bbox 1747 580 1797 628; x_wconf 91' lang='grc'>4.</span> <span class='ocrx_word' id='word_1_342' title='bbox 1838 578 1903 629; x_wconf 80' lang='lat' dir='ltr'>(le</span> <span class='ocrx_word' id='word_1_343' title='bbox 1921 577 2007 628; x_wconf 83' lang='lat' dir='ltr'>off.</span> <span class='ocrx_word' id='word_1_344' title='bbox 2034 580 2079 643; x_wconf 90' lang='lat'>1,</span> <span class='ocrx_word' id='word_1_345' title='bbox 2102 581 2155 640; x_wconf 91' lang='grc'>9,</span> <span class='ocrx_word' id='word_1_346' title='bbox 2178 579 2263 632; x_wconf 84' lang='grc'>30.</span> 
     </span>
     <span class='ocr_line' id='line_1_51' title="bbox 1326 643 2267 710; baseline 0.004 -16"><span class='ocrx_word' id='word_1_347' title='bbox 1326 645 1391 694; x_wconf 82' lang='lat' dir='ltr'>de</span> <span class='ocrx_word' id='word_1_348' title='bbox 1407 643 1509 710; x_wconf 81' lang='lat' dir='ltr'>leg.</span> <span class='ocrx_word' id='word_1_349' title='bbox 1535 644 1688 709; x_wconf 84' lang='lat'><strong>1,.12,</strong></span> <span class='ocrx_word' id='word_1_350' title='bbox 1710 645 1795 697; x_wconf 91' lang='grc'>33.</span> <span class='ocrx_word' id='word_1_351' title='bbox 1828 673 1895 685; x_wconf 85' lang='lat'>--</span> <span class='ocrx_word' id='word_1_352' title='bbox 1922 648 2177 698; x_wconf 84' lang='lat' dir='ltr'>Versiculi</span> <span class='ocrx_word' id='word_1_353' title='bbox 2202 665 2267 700; x_wconf 81' lang='lat' dir='ltr'>ex</span> 
     </span>
     <span class='ocr_line' id='line_1_52' title="bbox 1325 714 2267 782; baseline 0.006 -18"><span class='ocrx_word' id='word_1_354' title='bbox 1325 714 1660 776; x_wconf 87' lang='lat' dir='ltr'>Phormione,</span> <span class='ocrx_word' id='word_1_355' title='bbox 1696 717 1762 766; x_wconf 87' lang='lat' dir='ltr'>de</span> <span class='ocrx_word' id='word_1_356' title='bbox 1790 729 1840 764; x_wconf 89' lang='lat' dir='ltr'>n.</span> <span class='ocrx_word' id='word_1_357' title='bbox 1878 717 1928 767; x_wconf 86' lang='lat' dir='ltr'>d.</span> <span class='ocrx_word' id='word_1_358' title='bbox 1960 715 2021 782; x_wconf 89' lang='lat'>3,</span> <span class='ocrx_word' id='word_1_359' title='bbox 2062 716 2148 780; x_wconf 88' lang='grc'>30,</span> <span class='ocrx_word' id='word_1_360' title='bbox 2181 718 2267 770; x_wconf 88' lang='grc'>73.</span> 
     </span>
     <span class='ocr_line' id='line_1_53' title="bbox 1330 783 1787 846; baseline 0 -14"><span class='ocrx_word' id='word_1_361' title='bbox 1330 785 1397 834; x_wconf 83' lang='lat' dir='ltr'>ad</span> <span class='ocrx_word' id='word_1_362' title='bbox 1416 784 1520 833; x_wconf 86' lang='lat' dir='ltr'>Att.</span> <span class='ocrx_word' id='word_1_363' title='bbox 1547 784 1599 842; x_wconf 89' lang='grc'>2,</span> <span class='ocrx_word' id='word_1_364' title='bbox 1626 783 1709 846; x_wconf 91' lang='grc'>19,</span> <span class='ocrx_word' id='word_1_365' title='bbox 1739 785 1787 834; x_wconf 90' lang='grc'>1.</span> 
     </span>
    </p>
   </div>
   <div class='ocr_carea' id='block_1_6' title="bbox 1259 848 2264 920">
    <p class='ocr_par' dir='ltr' id='par_1_7' title="bbox 1259 848 2264 920">
     <span class='ocr_line' id='line_1_54' title="bbox 1259 848 2264 920; baseline 0.004 -18"><span class='ocrx_word' id='word_1_366' title='bbox 1259 848 1585 914; x_wconf 80' lang='lat' dir='ltr'>Terentius,</span> <span class='ocrx_word' id='word_1_367' title='bbox 1618 853 1853 902; x_wconf 86' lang='lat' dir='ltr'>tribunus</span> <span class='ocrx_word' id='word_1_368' title='bbox 1883 853 2049 920; x_wconf 85' lang='lat' dir='ltr'>plebis</span> <span class='ocrx_word' id='word_1_369' title='bbox 2071 871 2116 905; x_wconf 79' lang='lat' dir='ltr'>a.</span> <span class='ocrx_word' id='word_1_370' title='bbox 2142 872 2194 906; x_wconf 92' lang='grc' dir='ltr'>ιι.</span> <span class='ocrx_word' id='word_1_371' title='bbox 2219 872 2264 910; x_wconf 91' lang='lat' dir='ltr'>c.</span> 
     </span>
    </p>
   </div>
   <div class='ocr_carea' id='block_1_7' title="bbox 1324 920 1955 984">
    <p class='ocr_par' dir='ltr' id='par_1_8' title="bbox 1324 920 1955 984">
     <span class='ocr_line' id='line_1_55' title="bbox 1324 920 1955 984; baseline 0.006 -14"><span class='ocrx_word' id='word_1_372' title='bbox 1324 920 1468 982; x_wconf 69' lang='lat'>700„</span> <span class='ocrx_word' id='word_1_373' title='bbox 1505 921 1573 970; x_wconf 83' lang='lat' dir='ltr'>ad</span> <span class='ocrx_word' id='word_1_374' title='bbox 1596 926 1697 973; x_wconf 85' lang='lat' dir='ltr'>Att.</span> <span class='ocrx_word' id='word_1_375' title='bbox 1719 924 1771 984; x_wconf 87' lang='grc'>4,</span> <span class='ocrx_word' id='word_1_376' title='bbox 1797 922 1878 982; x_wconf 85' lang='grc'>16,</span> <span class='ocrx_word' id='word_1_377' title='bbox 1903 923 1955 975; x_wconf 89' lang='grc'>6.</span> 
     </span>
    </p>
   </div>
   <div class='ocr_carea' id='block_1_8' title="bbox 1253 986 2267 1125">
    <p class='ocr_par' dir='ltr' id='par_1_9' title="bbox 1253 986 2267 1125">
     <span class='ocr_line' id='line_1_56' title="bbox 1254 986 2264 1056; baseline 0.002 -16"><span class='ocrx_word' id='word_1_378' title='bbox 1254 986 1559 1040; x_wconf 79' lang='lat' dir='ltr'>Terentius</span> <span class='ocrx_word' id='word_1_379' title='bbox 1583 991 1762 1053; x_wconf 82' lang='lat' dir='ltr'>Attici,</span> <span class='ocrx_word' id='word_1_380' title='bbox 1799 992 1867 1041; x_wconf 78' lang='lat' dir='ltr'>ad</span> <span class='ocrx_word' id='word_1_381' title='bbox 1889 992 1991 1042; x_wconf 83' lang='lat' dir='ltr'>Att.</span> <span class='ocrx_word' id='word_1_382' title='bbox 2019 991 2071 1054; x_wconf 89' lang='grc'>6,</span> <span class='ocrx_word' id='word_1_383' title='bbox 2110 991 2157 1056; x_wconf 91' lang='lat'>1,</span> <span class='ocrx_word' id='word_1_384' title='bbox 2183 987 2264 1042; x_wconf 84' lang='lat'>13.</span> 
     </span>
     <span class='ocr_line' id='line_1_57' title="bbox 1253 1056 2267 1125; baseline 0 -17"><span class='ocrx_word' id='word_1_385' title='bbox 1253 1056 1554 1109; x_wconf 82' lang='lat' dir='ltr'>Terentius</span> <span class='ocrx_word' id='word_1_386' title='bbox 1588 1059 1786 1125; x_wconf 78' lang='lat' dir='ltr'>Vespa.</span> <span class='ocrx_word' id='word_1_387' title='bbox 1861 1060 1981 1110; x_wconf 84' lang='lat' dir='ltr'>Eius</span> <span class='ocrx_word' id='word_1_388' title='bbox 2017 1058 2155 1110; x_wconf 79' lang='lat' dir='ltr'>saise</span> <span class='ocrx_word' id='word_1_389' title='bbox 2187 1059 2267 1110; x_wconf 82' lang='lat' dir='ltr'>‹li-</span> 
     </span>
    </p>
   </div>
   <div class='ocr_carea' id='block_1_9' title="bbox 1317 1127 2265 1247">
    <p class='ocr_par' dir='ltr' id='par_1_10' title="bbox 1317 1127 2265 1247">
     <span class='ocr_line' id='line_1_58' title="bbox 1317 1127 2265 1247; baseline 0.005 -72"><span class='ocrx_word' id='word_1_390' title='bbox 1317 1137 1454 1247; x_wconf 56' lang='lat' dir='ltr'>{ggn</span> <span class='ocrx_word' id='word_1_391' title='bbox 1494 1129 1545 1176; x_wconf 91' lang='lat' dir='ltr'>in</span> <span class='ocrx_word' id='word_1_392' title='bbox 1566 1127 1783 1190; x_wconf 84' lang='lat' dir='ltr'>Titium,</span> <span class='ocrx_word' id='word_1_393' title='bbox 1824 1128 1886 1178; x_wconf 86' lang='lat' dir='ltr'>de</span> <span class='ocrx_word' id='word_1_394' title='bbox 1911 1135 2035 1178; x_wconf 79' lang='lat' dir='ltr'>orat.</span> <span class='ocrx_word' id='word_1_395' title='bbox 2074 1130 2137 1186; x_wconf 83' lang='lat'>2.</span> <span class='ocrx_word' id='word_1_396' title='bbox 2176 1128 2265 1190; x_wconf 89' lang='grc'>61,</span> 
     </span>
    </p>
   </div>
   <div class='ocr_carea' id='block_1_10' title="bbox 1219 1261 2268 1318">
    <p class='ocr_par' dir='ltr' id='par_1_11' title="bbox 1219 1261 2268 1318">
     <span class='ocr_line' id='line_1_59' title="bbox 1219 1261 2268 1318; baseline 0.004 -4"><span class='ocrx_word' id='word_1_397' title='bbox 1219 1261 1224 1264; x_wconf 76' lang='grc'><strong>’</strong></span> <span class='ocrx_word' id='word_1_398' title='bbox 1248 1263 1315 1315; x_wconf 76' lang='lat' dir='ltr'>L.</span> <span class='ocrx_word' id='word_1_399' title='bbox 1341 1262 1667 1316; x_wconf 79' lang='lat' dir='ltr'>Terentius.</span> <span class='ocrx_word' id='word_1_400' title='bbox 1706 1266 1764 1316; x_wconf 90' lang='lat' dir='ltr'>L.</span> <span class='ocrx_word' id='word_1_401' title='bbox 1780 1266 2050 1318; x_wconf 79' lang='lat' dir='ltr'>Terentius</span> <span class='ocrx_word' id='word_1_402' title='bbox 2071 1267 2268 1318; x_wconf 84' lang='lat' dir='ltr'>disces·</span> 
     </span>
    </p>
   </div>
   <div class='ocr_carea' id='block_1_11' title="bbox 1320 1333 2266 1540">
    <p class='ocr_par' dir='ltr' id='par_1_12' title="bbox 1320 1333 2266 1540">
     <span class='ocr_line' id='line_1_60' title="bbox 1321 1333 2263 1401; baseline 0.001 -17"><span class='ocrx_word' id='word_1_403' title='bbox 1321 1335 1390 1384; x_wconf 84' lang='lat' dir='ltr'>sit</span> <span class='ocrx_word' id='word_1_404' title='bbox 1422 1349 1487 1384; x_wconf 84' lang='lat' dir='ltr'>ex</span> <span class='ocrx_word' id='word_1_405' title='bbox 1523 1333 1699 1384; x_wconf 77' lang='lat' dir='ltr'>Africa</span> <span class='ocrx_word' id='word_1_406' title='bbox 1733 1335 2069 1401; x_wconf 75' lang='lat' dir='ltr'>Paestumque</span> <span class='ocrx_word' id='word_1_407' title='bbox 2105 1337 2263 1386; x_wconf 81' lang='lat' dir='ltr'>venit.</span> 
     </span>
     <span class='ocr_line' id='line_1_61' title="bbox 1320 1402 2266 1468; baseline 0.003 -17"><span class='ocrx_word' id='word_1_408' title='bbox 1320 1402 1522 1452; x_wconf 76' lang='lat' dir='ltr'>Dicitur</span> <span class='ocrx_word' id='word_1_409' title='bbox 1572 1417 1666 1468; x_wconf 88' lang='lat' dir='ltr'>per</span> <span class='ocrx_word' id='word_1_410' title='bbox 1719 1403 1987 1456; x_wconf 78' lang='lat' dir='ltr'>Nasidium</span> <span class='ocrx_word' id='word_1_411' title='bbox 2047 1406 2266 1455; x_wconf 86' lang='lat' dir='ltr'>emissus</span> 
     </span>
     <span class='ocr_line' id='line_1_62' title="bbox 1322 1473 1955 1540; baseline 0.011 -20"><span class='ocrx_word' id='word_1_412' title='bbox 1322 1487 1453 1537; x_wconf 87' lang='lat' dir='ltr'>esse,</span> <span class='ocrx_word' id='word_1_413' title='bbox 1477 1473 1540 1521; x_wconf 76' lang='lat' dir='ltr'>ad</span> <span class='ocrx_word' id='word_1_414' title='bbox 1560 1475 1667 1525; x_wconf 82' lang='lat' dir='ltr'>Att.</span> <span class='ocrx_word' id='word_1_415' title='bbox 1694 1473 1776 1534; x_wconf 92' lang='lat' dir='ltr'>ll,</span> <span class='ocrx_word' id='word_1_416' title='bbox 1799 1473 1881 1540; x_wconf 88' lang='lat'>17,</span> <span class='ocrx_word' id='word_1_417' title='bbox 1904 1474 1955 1527; x_wconf 86' lang='lat'>3.</span> 
     </span>
    </p>
   </div>
   <div class='ocr_carea' id='block_1_12' title="bbox 1254 1537 2267 1609">
    <p class='ocr_par' dir='ltr' id='par_1_13' title="bbox 1254 1537 2267 1609">
     <span class='ocr_line' id='line_1_63' title="bbox 1254 1537 2267 1609; baseline 0.003 -21"><span class='ocrx_word' id='word_1_418' title='bbox 1254 1538 1324 1605; x_wconf 74' lang='lat' dir='ltr'>Q.</span> <span class='ocrx_word' id='word_1_419' title='bbox 1352 1537 1655 1591; x_wconf 77' lang='lat' dir='ltr'>Terentius</span> <span class='ocrx_word' id='word_1_420' title='bbox 1684 1539 1903 1604; x_wconf 73' lang='lat' dir='ltr'>Culleo,</span> <span class='ocrx_word' id='word_1_421' title='bbox 1918 1541 2149 1609; x_wconf 69' lang='lat' dir='ltr'>pontifex</span> <span class='ocrx_word' id='word_1_422' title='bbox 2167 1544 2267 1591; x_wconf 89' lang='lat' dir='ltr'>mi-</span> 
     </span>
    </p>
   </div>
   <div class='ocr_carea' id='block_1_13' title="bbox 1318 1608 2265 2162">
    <p class='ocr_par' dir='ltr' id='par_1_14' title="bbox 1318 1608 2265 2162">
     <span class='ocr_line' id='line_1_64' title="bbox 1320 1608 2263 1678; baseline 0.002 -20"><span class='ocrx_word' id='word_1_423' title='bbox 1320 1625 1445 1669; x_wconf 89' lang='lat' dir='ltr'>nor,</span> <span class='ocrx_word' id='word_1_424' title='bbox 1482 1611 1546 1660; x_wconf 81' lang='lat' dir='ltr'>de</span> <span class='ocrx_word' id='word_1_425' title='bbox 1569 1608 1779 1676; x_wconf 83' lang='lat' dir='ltr'>harusp.</span> <span class='ocrx_word' id='word_1_426' title='bbox 1818 1626 1954 1678; x_wconf 84' lang='lat' dir='ltr'>resp.</span> <span class='ocrx_word' id='word_1_427' title='bbox 1976 1611 2037 1671; x_wconf 92' lang='grc'>6,</span> <span class='ocrx_word' id='word_1_428' title='bbox 2073 1612 2157 1662; x_wconf 92' lang='grc'>12.</span> <span class='ocrx_word' id='word_1_429' title='bbox 2196 1638 2263 1650; x_wconf 91' lang='grc'><strong>-</strong></span> 
     </span>
     <span class='ocr_line' id='line_1_65' title="bbox 1322 1679 2265 1746; baseline 0 -16"><span class='ocrx_word' id='word_1_430' title='bbox 1322 1679 1451 1730; x_wconf 87' lang='lat' dir='ltr'>Cum</span> <span class='ocrx_word' id='word_1_431' title='bbox 1472 1694 1549 1746; x_wconf 85' lang='lat' dir='ltr'>eo,</span> <span class='ocrx_word' id='word_1_432' title='bbox 1590 1695 1741 1742; x_wconf 85' lang='lat' dir='ltr'>quum</span> <span class='ocrx_word' id='word_1_433' title='bbox 1766 1681 2000 1730; x_wconf 89' lang='lat' dir='ltr'>tribunus</span> <span class='ocrx_word' id='word_1_434' title='bbox 2019 1680 2159 1746; x_wconf 72' lang='lat' dir='ltr'>piebi</span> <span class='ocrx_word' id='word_1_435' title='bbox 2184 1694 2265 1730; x_wconf 76' lang='lat' dir='ltr'>es-</span> 
     </span>
     <span class='ocr_line' id='line_1_66' title="bbox 1320 1747 2263 1815; baseline 0 -17"><span class='ocrx_word' id='word_1_436' title='bbox 1320 1754 1423 1808; x_wconf 83' lang='lat' dir='ltr'>set,</span> <span class='ocrx_word' id='word_1_437' title='bbox 1460 1747 1659 1799; x_wconf 89' lang='lat' dir='ltr'>locutus</span> <span class='ocrx_word' id='word_1_438' title='bbox 1688 1756 1794 1799; x_wconf 78' lang='lat' dir='ltr'>eret</span> <span class='ocrx_word' id='word_1_439' title='bbox 1817 1751 2020 1800; x_wconf 86' lang='lat' dir='ltr'>Atticus</span> <span class='ocrx_word' id='word_1_440' title='bbox 2056 1751 2119 1800; x_wconf 87' lang='lat' dir='ltr'>de</span> <span class='ocrx_word' id='word_1_441' title='bbox 2158 1749 2263 1815; x_wconf 81' lang='lat' dir='ltr'>pri-</span> 
     </span>
     <span class='ocr_line' id='line_1_67' title="bbox 1318 1816 2261 1884; baseline 0.004 -18"><span class='ocrx_word' id='word_1_442' title='bbox 1318 1817 1510 1884; x_wconf 77' lang='lat' dir='ltr'>vilegio</span> <span class='ocrx_word' id='word_1_443' title='bbox 1532 1819 1583 1866; x_wconf 85' lang='lat' dir='ltr'>in</span> <span class='ocrx_word' id='word_1_444' title='bbox 1602 1816 1891 1870; x_wconf 83' lang='lat' dir='ltr'>Ciceronem</span> <span class='ocrx_word' id='word_1_445' title='bbox 1911 1818 2032 1879; x_wconf 79' lang='lat' dir='ltr'>lato,</span> <span class='ocrx_word' id='word_1_446' title='bbox 2068 1819 2134 1868; x_wconf 81' lang='lat' dir='ltr'>ad</span> <span class='ocrx_word' id='word_1_447' title='bbox 2153 1819 2261 1870; x_wconf 79' lang='lat' dir='ltr'>Att.</span> 
     </span>
     <span class='ocr_line' id='line_1_68' title="bbox 1320 1885 2263 1949; baseline -0.001 -11"><span class='ocrx_word' id='word_1_448' title='bbox 1320 1885 1371 1946; x_wconf 82' lang='lat'><strong>3,</strong></span> <span class='ocrx_word' id='word_1_449' title='bbox 1415 1886 1494 1949; x_wconf 89' lang='grc'>15,</span> <span class='ocrx_word' id='word_1_450' title='bbox 1542 1887 1591 1938; x_wconf 88' lang='grc'>5.</span> <span class='ocrx_word' id='word_1_451' title='bbox 1634 1914 1701 1925; x_wconf 86' lang='lat'>--</span> <span class='ocrx_word' id='word_1_452' title='bbox 1739 1887 1911 1939; x_wconf 88' lang='lat' dir='ltr'>Culleo</span> <span class='ocrx_word' id='word_1_453' title='bbox 1950 1888 2186 1940; x_wconf 83' lang='lat' dir='ltr'>discessit</span> <span class='ocrx_word' id='word_1_454' title='bbox 2232 1903 2263 1937; x_wconf 79' lang='lat' dir='ltr'><strong>a</strong></span> 
     </span>
     <span class='ocr_line' id='line_1_69' title="bbox 1320 1956 2261 2025; baseline 0.007 -20"><span class='ocrx_word' id='word_1_455' title='bbox 1320 1956 1387 2009; x_wconf 82' lang='lat' dir='ltr'>M.</span> <span class='ocrx_word' id='word_1_456' title='bbox 1407 1956 1627 2006; x_wconf 88' lang='lat' dir='ltr'>Antonio</span> <span class='ocrx_word' id='word_1_457' title='bbox 1649 1956 1714 2007; x_wconf 79' lang='lat' dir='ltr'>ad</span> <span class='ocrx_word' id='word_1_458' title='bbox 1733 1959 1987 2025; x_wconf 87' lang='lat' dir='ltr'>Lepidum</span> <span class='ocrx_word' id='word_1_459' title='bbox 2003 1997 2017 2020; x_wconf 96' lang='lat'>,</span> <span class='ocrx_word' id='word_1_460' title='bbox 2040 1959 2105 2008; x_wconf 80' lang='lat' dir='ltr'>ad</span> <span class='ocrx_word' id='word_1_461' title='bbox 2136 1957 2261 2012; x_wconf 79' lang='lat' dir='ltr'><strong>fam.</strong></span> 
     </span>
     <span class='ocr_line' id='line_1_70' title="bbox 1322 2024 2259 2086; baseline 0.001 -10"><span class='ocrx_word' id='word_1_462' title='bbox 1322 2024 1405 2086; x_wconf 86' lang='grc'>10,</span> <span class='ocrx_word' id='word_1_463' title='bbox 1444 2024 1529 2085; x_wconf 89' lang='grc'>34,</span> <span class='ocrx_word' id='word_1_464' title='bbox 1561 2027 1611 2076; x_wconf 91' lang='grc'>2.</span> <span class='ocrx_word' id='word_1_465' title='bbox 1630 2052 1702 2064; x_wconf 91' lang='lat'>-—·</span> <span class='ocrx_word' id='word_1_466' title='bbox 1733 2026 1918 2077; x_wconf 76' lang='lat' dir='ltr'>Confer</span> <span class='ocrx_word' id='word_1_467' title='bbox 1938 2028 2091 2077; x_wconf 81' lang='lat' dir='ltr'>etiam</span> <span class='ocrx_word' id='word_1_468' title='bbox 2112 2027 2179 2077; x_wconf 78' lang='lat' dir='ltr'>ad</span> <span class='ocrx_word' id='word_1_469' title='bbox 2199 2025 2259 2086; x_wconf 88' lang='lat' dir='ltr'>Q.</span> 
     </span>
     <span class='ocr_line' id='line_1_71' title="bbox 1319 2094 2083 2162; baseline 0.005 -17"><span class='ocrx_word' id='word_1_470' title='bbox 1319 2094 1383 2148; x_wconf 71' lang='lat' dir='ltr'>fr.</span> <span class='ocrx_word' id='word_1_471' title='bbox 1404 2094 1456 2154; x_wconf 88' lang='grc'>2,</span> <span class='ocrx_word' id='word_1_472' title='bbox 1478 2097 1527 2154; x_wconf 87' lang='grc'>2,</span> <span class='ocrx_word' id='word_1_473' title='bbox 1554 2095 1604 2147; x_wconf 90' lang='grc'>1.</span> <span class='ocrx_word' id='word_1_474' title='bbox 1640 2096 1703 2145; x_wconf 73' lang='lat' dir='ltr'>nd</span> <span class='ocrx_word' id='word_1_475' title='bbox 1735 2098 1837 2149; x_wconf 85' lang='lat' dir='ltr'>Att·</span> <span class='ocrx_word' id='word_1_476' title='bbox 1853 2096 1904 2162; x_wconf 91' lang='lat'>8,</span> <span class='ocrx_word' id='word_1_477' title='bbox 1928 2096 2011 2157; x_wconf 93' lang='grc'>12,</span> <span class='ocrx_word' id='word_1_478' title='bbox 2032 2097 2083 2150; x_wconf 87' lang='grc'>5.</span> 
     </span>
    </p>
   </div>
   <div class='ocr_carea' id='block_1_14' title="bbox 1249 2161 2263 2231">
    <p class='ocr_par' dir='ltr' id='par_1_15' title="bbox 1249 2161 2263 2231">
     <span class='ocr_line' id='line_1_72' title="bbox 1249 2161 2263 2231; baseline 0.002 -16"><span class='ocrx_word' id='word_1_479' title='bbox 1249 2162 1315 2215; x_wconf 82' lang='grc' dir='ltr'>Ρ.</span> <span class='ocrx_word' id='word_1_480' title='bbox 1339 2162 1643 2215; x_wconf 82' lang='lat' dir='ltr'>Terentius</span> <span class='ocrx_word' id='word_1_481' title='bbox 1662 2161 1865 2231; x_wconf 78' lang='lat' dir='ltr'>Hispo,</span> <span class='ocrx_word' id='word_1_482' title='bbox 1889 2164 2145 2216; x_wconf 85' lang='lat' dir='ltr'>Ciceronis</span> <span class='ocrx_word' id='word_1_483' title='bbox 2170 2180 2263 2217; x_wconf 88' lang='lat' dir='ltr'>ue-</span> 
     </span>
    </p>
   </div>
   <div class='ocr_carea' id='block_1_15' title="bbox 1317 2234 2263 2506">
    <p class='ocr_par' dir='ltr' id='par_1_16' title="bbox 1317 2234 2263 2506">
     <span class='ocr_line' id='line_1_73' title="bbox 1320 2234 2263 2300; baseline 0.002 -18"><span class='ocrx_word' id='word_1_484' title='bbox 1320 2234 1591 2298; x_wconf 85' lang='lat' dir='ltr'>cessarius‚</span> <span class='ocrx_word' id='word_1_485' title='bbox 1615 2248 1796 2299; x_wconf 81' lang='lat' dir='ltr'>operas</span> <span class='ocrx_word' id='word_1_486' title='bbox 1822 2236 1873 2282; x_wconf 88' lang='lat' dir='ltr'>in</span> <span class='ocrx_word' id='word_1_487' title='bbox 1900 2241 2049 2300; x_wconf 81' lang='lat' dir='ltr'>portu</span> <span class='ocrx_word' id='word_1_488' title='bbox 2073 2244 2121 2285; x_wconf 87' lang='lat' dir='ltr'>et</span> <span class='ocrx_word' id='word_1_489' title='bbox 2138 2235 2263 2285; x_wconf 86' lang='lat' dir='ltr'>scri-</span> 
     </span>
     <span class='ocr_line' id='line_1_74' title="bbox 1317 2302 2263 2369; baseline 0.002 -18"><span class='ocrx_word' id='word_1_490' title='bbox 1317 2309 1467 2369; x_wconf 74' lang='lat' dir='ltr'>ptura</span> <span class='ocrx_word' id='word_1_491' title='bbox 1508 2302 1664 2354; x_wconf 80' lang='lat' dir='ltr'>Asiae</span> <span class='ocrx_word' id='word_1_492' title='bbox 1703 2318 1798 2369; x_wconf 90' lang='lat' dir='ltr'>pro</span> <span class='ocrx_word' id='word_1_493' title='bbox 1835 2305 2080 2369; x_wconf 74' lang='lat' dir='ltr'>magistro</span> <span class='ocrx_word' id='word_1_494' title='bbox 2120 2304 2263 2355; x_wconf 81' lang='lat' dir='ltr'>dedit</span> 
     </span>
     <span class='ocr_line' id='line_1_75' title="bbox 1319 2372 2259 2437; baseline 0.001 -16"><span class='ocrx_word' id='word_1_495' title='bbox 1319 2386 1366 2421; x_wconf 79' lang='lat' dir='ltr'>a.</span> <span class='ocrx_word' id='word_1_496' title='bbox 1399 2386 1451 2419; x_wconf 91' lang='lat' dir='ltr'>u.</span> <span class='ocrx_word' id='word_1_497' title='bbox 1472 2385 1517 2421; x_wconf 87' lang='lat' dir='ltr'>c.</span> <span class='ocrx_word' id='word_1_498' title='bbox 1542 2372 1663 2425; x_wconf 89' lang='grc'>707.</span> <span class='ocrx_word' id='word_1_499' title='bbox 1688 2409 1702 2431; x_wconf 94' lang='grc'>,</span> <span class='ocrx_word' id='word_1_500' title='bbox 1741 2373 1809 2424; x_wconf 80' lang='lat' dir='ltr'>sd</span> <span class='ocrx_word' id='word_1_501' title='bbox 1827 2373 1931 2426; x_wconf 84' lang='lat' dir='ltr'>Att.</span> <span class='ocrx_word' id='word_1_502' title='bbox 1967 2372 2050 2437; x_wconf 87' lang='lat'>11,</span> <span class='ocrx_word' id='word_1_503' title='bbox 2091 2372 2174 2431; x_wconf 85' lang='lat' dir='ltr'>lo,</span> <span class='ocrx_word' id='word_1_504' title='bbox 2209 2372 2259 2422; x_wconf 86' lang='grc'>1.</span> 
     </span>
     <span class='ocr_line' id='line_1_76' title="bbox 1319 2439 1808 2506; baseline 0 -17"><span class='ocrx_word' id='word_1_505' title='bbox 1319 2440 1384 2489; x_wconf 78' lang='lat' dir='ltr'>ad</span> <span class='ocrx_word' id='word_1_506' title='bbox 1402 2440 1523 2491; x_wconf 70' lang='lat' dir='ltr'><strong>fam.</strong></span> <span class='ocrx_word' id='word_1_507' title='bbox 1551 2440 1633 2497; x_wconf 83' lang='lat'><strong>13,</strong></span> <span class='ocrx_word' id='word_1_508' title='bbox 1650 2439 1736 2506; x_wconf 86' lang='grc'>65,</span> <span class='ocrx_word' id='word_1_509' title='bbox 1761 2441 1808 2492; x_wconf 91' lang='grc'>1.</span> 
     </span>
    </p>
   </div>
   <div class='ocr_carea' id='block_1_16' title="bbox 1244 2505 2261 2574">
    <p class='ocr_par' dir='ltr' id='par_1_17' title="bbox 1244 2505 2261 2574">
     <span class='ocr_line' id='line_1_77' title="bbox 1244 2505 2261 2574; baseline 0.003 -16"><span class='ocrx_word' id='word_1_510' title='bbox 1244 2506 1313 2559; x_wconf 77' lang='lat' dir='ltr'>A.</span> <span class='ocrx_word' id='word_1_511' title='bbox 1343 2505 1645 2559; x_wconf 77' lang='lat' dir='ltr'>Terentius</span> <span class='ocrx_word' id='word_1_512' title='bbox 1672 2508 1849 2560; x_wconf 76' lang='lat' dir='ltr'>Varro</span> <span class='ocrx_word' id='word_1_513' title='bbox 1870 2508 2137 2574; x_wconf 68' lang='lat' dir='ltr'>Murena,</span> <span class='ocrx_word' id='word_1_514' title='bbox 2185 2518 2261 2561; x_wconf 87' lang='lat' dir='ltr'>te-</span> 
     </span>
    </p>
   </div>
   <div class='ocr_carea' id='block_1_17' title="bbox 1314 2578 2259 3053">
    <p class='ocr_par' dir='ltr' id='par_1_18' title="bbox 1314 2578 2259 3053">
     <span class='ocr_line' id='line_1_78' title="bbox 1321 2578 2259 2645; baseline 0.004 -20"><span class='ocrx_word' id='word_1_515' title='bbox 1321 2578 1415 2626; x_wconf 81' lang='lat' dir='ltr'>stis</span> <span class='ocrx_word' id='word_1_516' title='bbox 1463 2578 1515 2626; x_wconf 91' lang='lat' dir='ltr'>in</span> <span class='ocrx_word' id='word_1_517' title='bbox 1550 2592 1706 2628; x_wconf 77' lang='lat' dir='ltr'>cansa</span> <span class='ocrx_word' id='word_1_518' title='bbox 1736 2580 1800 2628; x_wconf 80' lang='lat' dir='ltr'>A.</span> <span class='ocrx_word' id='word_1_519' title='bbox 1840 2578 2117 2644; x_wconf 74' lang='lat' dir='ltr'>Caecinae,</span> <span class='ocrx_word' id='word_1_520' title='bbox 2163 2595 2259 2645; x_wconf 86' lang='lat' dir='ltr'>pro</span> 
     </span>
     <span class='ocr_line' id='line_1_79' title="bbox 1322 2644 2257 2710; baseline 0.003 -15"><span class='ocrx_word' id='word_1_521' title='bbox 1322 2644 1541 2695; x_wconf 76' lang='lat' dir='ltr'>Caecina</span> <span class='ocrx_word' id='word_1_522' title='bbox 1591 2647 1655 2710; x_wconf 87' lang='lat'>9,</span> <span class='ocrx_word' id='word_1_523' title='bbox 1697 2647 1783 2699; x_wconf 88' lang='grc'>25.</span> <span class='ocrx_word' id='word_1_524' title='bbox 1834 2674 1902 2684; x_wconf 90' lang='grc'>-</span> <span class='ocrx_word' id='word_1_525' title='bbox 1945 2649 2013 2700; x_wconf 88' lang='lat' dir='ltr'>A.</span> <span class='ocrx_word' id='word_1_526' title='bbox 2070 2650 2257 2710; x_wconf 72' lang='lat' dir='ltr'>Varro,</span> 
     </span>
     <span class='ocr_line' id='line_1_80' title="bbox 1319 2715 2257 2770; baseline 0.002 -5"><span class='ocrx_word' id='word_1_527' title='bbox 1319 2715 1698 2765; x_wconf 77' lang='lat' dir='ltr'>amantissimus</span> <span class='ocrx_word' id='word_1_528' title='bbox 1725 2715 2006 2770; x_wconf 82' lang='lat' dir='ltr'>Ciceronis.</span> <span class='ocrx_word' id='word_1_529' title='bbox 2078 2718 2143 2768; x_wconf 86' lang='lat' dir='ltr'>Ei</span> <span class='ocrx_word' id='word_1_530' title='bbox 2173 2718 2257 2768; x_wconf 87' lang='lat' dir='ltr'>Ti-</span> 
     </span>
     <span class='ocr_line' id='line_1_81' title="bbox 1316 2785 2255 2841; baseline 0.002 -7"><span class='ocrx_word' id='word_1_531' title='bbox 1316 2799 1493 2836; x_wconf 87' lang='lat' dir='ltr'>ronem</span> <span class='ocrx_word' id='word_1_532' title='bbox 1539 2785 1981 2836; x_wconf 77' lang='lat' dir='ltr'>commendaverat</span> <span class='ocrx_word' id='word_1_533' title='bbox 2021 2801 2067 2837; x_wconf 80' lang='lat' dir='ltr'>a.</span> <span class='ocrx_word' id='word_1_534' title='bbox 2110 2803 2164 2841; x_wconf 91' lang='grc' dir='ltr'>ιι.</span> <span class='ocrx_word' id='word_1_535' title='bbox 2207 2803 2255 2840; x_wconf 87' lang='lat' dir='ltr'>c.</span> 
     </span>
     <span class='ocr_line' id='line_1_82' title="bbox 1318 2852 2259 2923; baseline -0.001 -18"><span class='ocrx_word' id='word_1_536' title='bbox 1318 2852 1459 2918; x_wconf 66' lang='lat'>705„</span> <span class='ocrx_word' id='word_1_537' title='bbox 1481 2854 1546 2904; x_wconf 78' lang='lat' dir='ltr'>sd</span> <span class='ocrx_word' id='word_1_538' title='bbox 1562 2854 1686 2909; x_wconf 80' lang='lat' dir='ltr'><strong>fam.</strong></span> <span class='ocrx_word' id='word_1_539' title='bbox 1714 2854 1799 2917; x_wconf 88' lang='grc'>16,</span> <span class='ocrx_word' id='word_1_540' title='bbox 1827 2854 1911 2923; x_wconf 85' lang='grc'>12,</span> <span class='ocrx_word' id='word_1_541' title='bbox 1932 2854 1985 2907; x_wconf 93' lang='grc'>6.</span> <span class='ocrx_word' id='word_1_542' title='bbox 2005 2857 2259 2905; x_wconf 75' lang='lat' dir='ltr'>—Vnrro</span> 
     </span>
     <span class='ocr_line' id='line_1_83' title="bbox 1315 2923 2256 2990; baseline -0.001 -18"><span class='ocrx_word' id='word_1_543' title='bbox 1315 2924 1524 2973; x_wconf 78' lang='lat' dir='ltr'>Murena</span> <span class='ocrx_word' id='word_1_544' title='bbox 1560 2939 1748 2990; x_wconf 80' lang='lat' dir='ltr'>magno</span> <span class='ocrx_word' id='word_1_545' title='bbox 1790 2937 1942 2990; x_wconf 85' lang='lat' dir='ltr'>opere</span> <span class='ocrx_word' id='word_1_546' title='bbox 1977 2924 2037 2973; x_wconf 89' lang='lat' dir='ltr'>T.</span> <span class='ocrx_word' id='word_1_547' title='bbox 2082 2923 2256 2973; x_wconf 79' lang='lat' dir='ltr'>Manlii</span> 
     </span>
     <span class='ocr_line' id='line_1_84' title="bbox 1314 2990 2256 3053; baseline -0.001 -11"><span class='ocrx_word' id='word_1_548' title='bbox 1314 3006 1470 3043; x_wconf 75' lang='lat' dir='ltr'>causa</span> <span class='ocrx_word' id='word_1_549' title='bbox 1506 2993 1615 3043; x_wconf 86' lang='lat' dir='ltr'>vult</span> <span class='ocrx_word' id='word_1_550' title='bbox 1650 2995 1847 3053; x_wconf 78' lang='lat' dir='ltr'>omnia,</span> <span class='ocrx_word' id='word_1_551' title='bbox 1899 2993 1966 3042; x_wconf 81' lang='lat' dir='ltr'>ad</span> <span class='ocrx_word' id='word_1_552' title='bbox 2005 2991 2125 3041; x_wconf 78' lang='lat' dir='ltr'><strong>fam.</strong></span> <span class='ocrx_word' id='word_1_553' title='bbox 2169 2990 2256 3051; x_wconf 87' lang='grc'>13,</span> 
     </span>
    </p>
   </div>
   <div class='ocr_carea' id='block_1_18' title="bbox 1312 3062 1478 3123">
    <p class='ocr_par' dir='ltr' id='par_1_19' title="bbox 1312 3062 1478 3123">
     <span class='ocr_line' id='line_1_85' title="bbox 1312 3062 1478 3123; baseline -0.006 -10"><span class='ocrx_word' id='word_1_554' title='bbox 1312 3062 1397 3123; x_wconf 86' lang='grc'>22,</span> <span class='ocrx_word' id='word_1_555' title='bbox 1428 3063 1478 3112; x_wconf 91' lang='grc'>1.</span> 
     </span>
    </p>
   </div>
   <div class='ocr_carea' id='block_1_19' title="bbox 1244 3127 2254 3191">
    <p class='ocr_par' dir='ltr' id='par_1_20' title="bbox 1244 3127 2254 3191">
     <span class='ocr_line' id='line_1_86' title="bbox 1244 3127 2254 3191; baseline -0.003 -10"><span class='ocrx_word' id='word_1_556' title='bbox 1244 3128 1307 3181; x_wconf 80' lang='lat' dir='ltr'>C.</span> <span class='ocrx_word' id='word_1_557' title='bbox 1331 3127 1631 3180; x_wconf 82' lang='lat' dir='ltr'>Terentius</span> <span class='ocrx_word' id='word_1_558' title='bbox 1652 3128 1846 3191; x_wconf 77' lang='lat' dir='ltr'>Varro,</span> <span class='ocrx_word' id='word_1_559' title='bbox 1868 3128 2044 3179; x_wconf 85' lang='lat' dir='ltr'>consul</span> <span class='ocrx_word' id='word_1_560' title='bbox 2066 3143 2115 3177; x_wconf 78' lang='lat' dir='ltr'>a.</span> <span class='ocrx_word' id='word_1_561' title='bbox 2136 3144 2187 3178; x_wconf 89' lang='lat' dir='ltr'>u.</span> <span class='ocrx_word' id='word_1_562' title='bbox 2207 3145 2254 3183; x_wconf 89' lang='lat' dir='ltr'>c.</span> 
     </span>
    </p>
   </div>
   <div class='ocr_carea' id='block_1_20' title="bbox 1311 3196 2253 3571">
    <p class='ocr_par' dir='ltr' id='par_1_21' title="bbox 1311 3196 2253 3571">
     <span class='ocr_line' id='line_1_87' title="bbox 1314 3196 2253 3262; baseline -0.002 -13"><span class='ocrx_word' id='word_1_563' title='bbox 1314 3198 1455 3257; x_wconf 67' lang='lat'>538„</span> <span class='ocrx_word' id='word_1_564' title='bbox 1479 3200 1529 3247; x_wconf 91' lang='lat' dir='ltr'>in</span> <span class='ocrx_word' id='word_1_565' title='bbox 1554 3197 1749 3262; x_wconf 85' lang='lat' dir='ltr'>proelio</span> <span class='ocrx_word' id='word_1_566' title='bbox 1763 3196 2011 3247; x_wconf 77' lang='lat' dir='ltr'>Cannensi</span> <span class='ocrx_word' id='word_1_567' title='bbox 2033 3200 2253 3258; x_wconf 82' lang='lat' dir='ltr'>occisus,</span> 
     </span>
     <span class='ocr_line' id='line_1_88' title="bbox 1312 3265 2253 3326; baseline 0 -11"><span class='ocrx_word' id='word_1_568' title='bbox 1312 3267 1451 3315; x_wconf 83' lang='lat' dir='ltr'>Brut.</span> <span class='ocrx_word' id='word_1_569' title='bbox 1480 3265 1563 3326; x_wconf 87' lang='lat'><strong>19,</strong></span> <span class='ocrx_word' id='word_1_570' title='bbox 1586 3266 1671 3319; x_wconf 89' lang='grc'>77.</span> <span class='ocrx_word' id='word_1_571' title='bbox 1695 3292 1761 3301; x_wconf 93' lang='grc'>-</span> <span class='ocrx_word' id='word_1_572' title='bbox 1796 3265 1853 3317; x_wconf 90' lang='lat' dir='ltr'>C.</span> <span class='ocrx_word' id='word_1_573' title='bbox 1880 3268 2103 3316; x_wconf 86' lang='lat' dir='ltr'>Terentii</span> <span class='ocrx_word' id='word_1_574' title='bbox 2121 3270 2253 3318; x_wconf 79' lang='lat' dir='ltr'>Var-</span> 
     </span>
     <span class='ocr_line' id='line_1_89' title="bbox 1311 3334 2253 3402; baseline 0.004 -19"><span class='ocrx_word' id='word_1_575' title='bbox 1311 3336 1451 3384; x_wconf 88' lang='lat' dir='ltr'>ronis</span> <span class='ocrx_word' id='word_1_576' title='bbox 1481 3336 1533 3384; x_wconf 91' lang='lat' dir='ltr'>in</span> <span class='ocrx_word' id='word_1_577' title='bbox 1568 3334 1822 3385; x_wconf 83' lang='lat' dir='ltr'>Cannensi</span> <span class='ocrx_word' id='word_1_578' title='bbox 1860 3337 2141 3402; x_wconf 77' lang='lat' dir='ltr'>ignominia</span> <span class='ocrx_word' id='word_1_579' title='bbox 2176 3343 2253 3387; x_wconf 80' lang='lat' dir='ltr'>te-</span> 
     </span>
     <span class='ocr_line' id='line_1_90' title="bbox 1313 3403 2246 3472; baseline 0.004 -19"><span class='ocrx_word' id='word_1_580' title='bbox 1313 3404 1592 3455; x_wconf 80' lang='lat' dir='ltr'>meritatem</span> <span class='ocrx_word' id='word_1_581' title='bbox 1612 3403 1707 3453; x_wconf 86' lang='lat' dir='ltr'>luit</span> <span class='ocrx_word' id='word_1_582' title='bbox 1724 3404 1922 3472; x_wconf 79' lang='lat' dir='ltr'>college</span> <span class='ocrx_word' id='word_1_583' title='bbox 1941 3404 2001 3459; x_wconf 90' lang='lat' dir='ltr'>L.</span> <span class='ocrx_word' id='word_1_584' title='bbox 2020 3405 2246 3467; x_wconf 79' lang='lat' dir='ltr'>Paullus,</span> 
     </span>
     <span class='ocr_line' id='line_1_91' title="bbox 1314 3470 1838 3571; baseline 0 -48"><span class='ocrx_word' id='word_1_585' title='bbox 1314 3472 1377 3523; x_wconf 83' lang='lat' dir='ltr'>de</span> <span class='ocrx_word' id='word_1_586' title='bbox 1396 3488 1503 3525; x_wconf 85' lang='lat' dir='ltr'>sen.</span> <span class='ocrx_word' id='word_1_587' title='bbox 1520 3470 1605 3540; x_wconf 87' lang='grc'>20,</span> <span class='ocrx_word' id='word_1_588' title='bbox 1619 3472 1704 3524; x_wconf 83' lang='grc'>75.</span> <span class='ocrx_word' id='word_1_589' title='bbox 1813 3540 1838 3571; x_wconf 43' lang='grc' dir='ltr'>,α</span> 
     </span>
    </p>
   </div>
  </div>
 </body>
</html>
