2500 3850
421 191 486 250 Q.
510 188 709 237 cano.
735 185 1034 234 METELL.
1067 185 1216 232 mus
1243 183 1466 234 semo
1496 205 1573 220 -·
1594 185 1661 244 Q.
1688 183 1884 232 cAEc.
1914 183 2080 232 Mur.
2107 183 2256 232 cm..
2306 173 2387 234 53

385 343 562 396 Archia
584 345 648 406 4,
681 343 730 393 7.
753 366 824 376 —
843 341 918 389 lb.
942 339 974 389 5
993 378 1008 403 ‚
1028 339 1078 388 9.
1113 366 1176 374 --
1201 337 1315 392 Cos·

385 429 490 462 cum
517 411 658 461 Sulla
680 411 743 460 Π.
775 423 825 461 a.
848 423 898 458 u.
932 424 977 461 c.
997 407 1117 459 674.
1133 442 1148 469 ,
1171 409 1315 457 Verr.

383 489 600 532 accusat.
644 478 702 542 1,
733 476 833 537 50,
874 475 995 529 130.
1033 503 1098 512 —
1125 475 1183 533 Q.
1215 475 1320 524 Me-

382 549 530 600 tellus
559 548 680 597 Pius
722 544 897 594 consul
932 544 1198 609 praetoriis
1233 557 1319 592 co-

383 621 564 680 mitiis,
609 621 815 680 petente
861 612 918 672 Q.
960 611 1188 675 Gaudio,
1224 626 1318 676 po-

383 687 500 753 pulo
517 685 668 735 Rom.
684 681 1011 746 supplicavit,
1030 695 1124 746 pro
1139 680 1312 729 Plane.

381 755 474 819 29,
512 753 596 806 69.
639 779 707 788 -
739 754 797 801 In
834 751 944 799 eius
989 757 1152 798 castra
1201 763 1317 797 cum

383 831 551 871 contra
576 821 744 870 socios
777 817 981 868 Italicos
1004 817 1196 867 bellum
1208 833 1319 881 ge-

383 898 539 952 reiet,
581 888 812 951 confugit
857 883 1187 950 Oppianicus,
1217 900 1317 966 pto

383 958 608 1008 Cluentio
639 955 701 1019 8,
736 957 822 1006 24.
854 979 924 990 —·
954 954 1151 1004 Vulnus
1188 955 1231 1002 ei
1266 955 1319 1002 in

381 1027 674 1091 Hispaniam
714 1022 1052 1088 proficiscenti
1075 1023 1317 1071 inflictum

381 1111 412 1145 a
443 1096 496 1146 C.
534 1093 793 1157 Cethego,
818 1105 910 1154 pro
941 1087 1082 1140 Sulla
1113 1091 1206 1155 25,
1228 1089 1313 1144 70.

377 1187 447 1200 --
491 1162 618 1212 Cum
659 1174 718 1210 eo
763 1161 1008 1209 adversus
1044 1158 1319 1209 Serton‘um

378 1230 568 1281 bellum
608 1236 814 1294 gerente
866 1241 1064 1291 semper
1113 1227 1209 1277 fuit
1257 1228 1315 1277 L.

381 1298 642 1348 Cornelius
658 1295 872 1356 Balbus,
891 1310 984 1360 pro
1002 1294 1158 1344 Balbo
1179 1297 1210 1344 2
1226 1333 1241 1356 ,
1265 1296 1314 1346 5.

377 1394 446 1403 -
470 1366 530 1425 Q
559 1364 792 1415 Metellus
815 1365 934 1414 Pius
955 1364 1016 1413 de
1039 1365 1145 1414 suis
1168 1367 1317 1419 rebus

380 1436 535 1486 scribi
574 1435 838 1499 cupiebat,
879 1431 1316 1513 1>er

379 1505 464 1556 26.
371 1504 634 1576 μ-(ὶ.
656 1502 868 1552 Fabium
893 1499 1222 1564 Saguntinum
1244 1502 1317 1549 ci·-

371 1561 534 1623 vitate
557 1571 796 1634 donavit,
826 1584 920 1635 pro
940 1568 1094 1618 Balbo
1115 1570 1198 1630 22,
1224 1566 1311 1618 50.

382 1641 449 1692 cf.
469 1639 671 1693 Cornel.
687 1639 833 1705 prim.
855 1637 1036 1702 fragm.
1056 1639 1104 1687 2.
1123 1651 1174 1700 p.
1193 1636 1313 1686 204.

379 1708 650 1757 —Munus
682 1707 1042 1771 gladiatorium
1068 1707 1116 1754 ei
1146 1705 1317 1754 datum

382 1793 412 1826 a
424 1777 482 1829 P.
499 1774 734 1826 Cornelio
747 1775 984 1838 Scipione
1001 1773 1198 1836 Nasica,
1223 1788 1313 1837 pro

379 1845 544 1895 Sestio
575 1843 672 1907 58,
711 1844 828 1896 124.
853 1867 920 1879 -·
949 1842 1092 1891 Hunc
1124 1840 1315 1891 scilicet

376 1913 435 1963 P.
474 1912 696 1964 Cornelii
723 1910 974 1979 Scipionis
1011 1909 1224 1960 Nasicae
1252 1925 1315 1959 ex

378 1982 585 2031 Licinia—
623 1979 786 2031 filium
831 1980 1121 2043 adoptavit,
1169 1980 1315 2029 cuius

375 2064 560 2102 nomen
589 2057 863 2113 propterea
894 2049 960 2098 ad
994 2047 1116 2100 fam.
1159 2047 1220 2105 8,
1262 2046 1313 2097 8.

374 2118 521 2183 plene
540 2119 617 2167 sic
637 2117 865 2167 effertur:
890 2116 946 2175 Q.
979 2114 1226 2165 Caecilius
1252 2114 1312 2173 Q.

375 2188 431 2235 F.
455 2184 691 2237 Metellus
714 2185 834 2236 Pius
858 2184 1049 2249 Scipio

316 2254 382 2319 Q.
408 2252 690 2305 Caecilius
716 2253 784 2320 Q.
805 2252 868 2302 F.
892 2250 1154 2303 Metellus
1177 2249 1313 2303 Pius

377 2320 600 2403 Scipio,
625 2322 882 2402 Scipionis
901 2321 1140 2384 Nasicae,
1167 2318 1314 2371 Sera-

376 2393 546 2455 pionis
579 2393 807 2456 nepotiS,
845 2404 908 2440 ex
934 2389 1131 2438 Licinia
1159 2388 1312 2453 filius,

377 2460 532 2511 frater
560 2460 619 2509 L.
656 2456 852 2523 Crassi,
889 2458 1160 2522 adoptatus
1190 2472 1220 2505 a
1252 2456 1312 2515 Q.
1336 2508 1349 2527 ς

376 2528 577 2579 Metello
613 2527 702 2577 Pio
742 2528 833 2580 Cn.
872 2526 1101 2591 Pompeii
1142 2524 1316 2590 Magni

377 2610 520 2647 socer
539 2597 657 2647 etin
677 2598 821 2645 tertio
841 2595 1104 2645 consulatu
1123 2608 1168 2644 a.
1187 2608 1238 2644 ιι.
1264 2610 1310 2646 c.

376 2664 496 2716 702.
553 2663 778 2744 collega,
835 2662 1143 2729 (stemmatis
1198 2660 1313 2723 29.)

375 2732 586 2783 Plenum
609 2735 717 2783 eius
740 2746 942 2792 nomen,
963 2732 1028 2781 ad
1047 2730 1168 2779 fam.
1190 2728 1238 2787 8,
1259 2731 1309 2780 8.

376 2801 442 2850 V.
495 2802 546 2851 in
593 2797 868 2851 Corneliis
929 2796 1307 2869 Scipionibus.

375 2894 444 2904 —
470 2870 525 2922 P.
556 2868 730 2933 Scipio
759 2882 1014 2933 pronepos
1040 2866 1097 2925 Q.
1120 2864 1311 2915 Metelli

374 2937 706 2999 Macedonici,
727 2937 788 2985 de
806 2938 954 2987 domo
973 2950 1067 2985 sua
1082 2935 1166 2999 47,
1190 2934 1307 2985 123.

376 3006 520 3055 —In
539 3003 728 3055 Metelli
760 3006 835 3054 Pii
861 3004 1105 3054 honorem
1125 3016 1311 3051 munus

373 3074 735 3139 gladiatorium
773 3074 961 3133 edidit,
1004 3086 1098 3137 pro
1144 3070 1310 3120 Sestio

373 3141 460 3205 58,
484 3142 599 3192 124.
609 3142 774 3203 -Α,
801 3157 853 3197 ιι.
877 3158 923 3193 c.
951 3140 1072 3193 684.
1093 3139 1309 3189 advoca·

375 3220 458 3259 tus
493 3209 548 3263 G.
583 3211 787 3271 Verris,
824 3212 964 3263 Verr.
1000 3214 1219 3259 accusat.
1253 3210 1307 3269 4,

376 3277 474 3340 36,
497 3276 581 3331 79.
605 3278 745 3327 -P.
773 3246 978 3343 Scipio,
1010 3275 1308 3327 adolescens

1463 339 1547 390 ts.
1582 353 1632 403 p.
1658 338 1777 388 211.
1815 365 1887 377 —
1918 336 2124 405 Collega
2152 338 2219 387 M.
2249 339 2391 388 Bruti

1460 409 1513 456 in
1542 407 1835 471 pontificatu
1866 406 1935 468 (a.
1976 423 2029 462 ιι.
2066 423 2113 461 c.
2141 406 2259 459 697.
2279 443 2292 466 ,
2324 407 2389 456 de

1460 476 1571 524 har.
1592 489 1727 538 resp.
1752 473 1785 524 6
1799 510 1814 536 ,
1834 476 1925 538 12)
1944 475 2070 526 bene
2090 484 2139 524 et
2157 475 2296 538 loqui
2314 477 2391 523 vi-

1462 543 1675 593 debatur
1694 550 1743 592 et
1764 543 1927 592 dicere
1941 580 1955 603 ‚
1986 545 2127 594 Brut.
2148 543 2245 608 58,
2267 545 2388 596 212.

1461 638 1528 648 --
1555 613 1839 665 Accusatus
1869 626 1899 661 a
1922 611 2166 671 Favonio,
2191 628 2223 660 a
2249 611 2390 662 Cice-

1457 695 1579 730 rone
1612 679 1852 730 defensus
1887 694 1935 730 a.
1967 694 2017 728 u.
2049 696 2093 729 c.
2134 679 2284 742 694.·,
2323 679 2391 729 ad

1458 753 1561 800 Att.
1586 750 1617 798 2
1633 783 1649 812 ,
1670 748 1721 808 1,
1742 746 1793 802 9.
1816 773 1882 803 -τ
1902 747 1961 806 Q.
1985 747 2231 798 Caecilius
2252 749 2309 806 Q.
2332 749 2386 795 F.

1457 817 1685 867 Metellus
1718 816 1839 866 Pius
1890 815 2089 880 Scipio,
2144 815 2275 866 Cael.
2324 817 2390 866 ad

1456 885 1575 936 fam.
1597 885 1657 950 8,
1681 884 1731 948 8,
1758 885 1791 934 5
1813 891 1860 934 et
1879 885 1927 936 6.
1964 912 2029 920 -
2052 885 2170 934 Eius
2190 893 2387 934 senteu-

1455 955 1527 1004 tia
1547 956 1609 1004 de
1628 955 1949 1003 successione
1969 952 2243 1003 Galliarum
2266 968 2311 1005 a.
2336 969 2387 1002 u.

1458 1039 1501 1072 c.
1526 1023 1665 1086 703„
1686 1022 1757 1071 Ib.
1782 1022 1832 1082 9,
1854 1023 1905 1075 5.
1931 1049 1995 1060 -
2019 1023 2252 1072 Decrevit
2269 1037 2391 1087 sup-

1458 1090 1754 1157 plicationes
1786 1106 1831 1144 a.
1859 1107 1911 1143 u.
1940 1108 1984 1140 c.
2018 1091 2167 1156 704„
2200 1093 2273 1142 lb.
2306 1091 2390 1153 11,

1458 1163 1512 1212 2.
1538 1187 1603 1197 -
1621 1159 1677 1211 P.
1699 1159 1871 1224 Scipio
1896 1161 2125 1210 Metellus
2143 1173 2391 1224 proavum

1458 1244 1605 1279 suum
1637 1225 1927 1292 Scipionem
1952 1228 2279 1292 Serapionem
2302 1241 2392 1276 ne-

1459 1300 1552 1347 scit
1583 1310 1841 1346 censorem
1867 1311 1967 1346 nou
1995 1296 2181 1359 fuisse,
2204 1298 2270 1346 ad
2288 1296 2389 1344 Au.

1459 1366 1511 1427 6,
1535 1366 1584 1428 l,
1608 1365 1690 1415 17.
1732 1365 1801 1412 lb.
1826 1366 1876 1425 7,
1900 1366 1951 1426 4,
1982 1365 2031 1412 2.
2055 1365 2258 1412 —Erut
2278 1379 2392 1412 cum

1458 1431 1736 1497 irnperioa.
1761 1446 1875 1482 u.c.
1898 1431 2018 1481 705.
2054 1431 2201 1494 Ib.8,
2231 1431 2311 1492 15,
2335 1430 2387 1483 3.

1458 1501 1582 1550 Eius
1612 1500 1883 1548 creditores
1919 1500 2185 1549 convenire
2217 1500 2392 1549 dicun-

1459 1578 1556 1627 tur,
1576 1569 1641 1618 ad
1659 1567 1764 1617 Att.
1784 1567 1835 1632 9,
1859 1567 1943 1629 11,
1964 1569 2014 1618 4.
2034 1567 2287 1633 —Scipio
2307 1567 2391 1616 vel

1460 1640 1511 1686 in
1532 1605 1725 1702 Syriam
1745 1636 2107 1704 proficiscitur,
2129 1645 2289 1699 sorte,
2313 1636 2391 1684 vel

1456 1721 1569 1756 cum
1600 1720 1788 1771 genero
1830 1705 1942 1767 (Cn.
1974 1673 2261 1771 Pompeio),
2298 1705 2391 1754 ho-

1454 1782 1625 1842 ueste,
1650 1773 1732 1824 vel
1752 1774 2015 1825 Caesarem
2036 1773 2166 1840 fugit
2187 1775 2388 1836 iratum,

1455 1844 1521 1894 ad
1546 1810 1821 1908 Ai't.9,1,
1854 1844 1903 1892 4.
1927 1844 2075 1892 —In
2098 1841 2226 1892 bello
2250 1842 2387 1892 civili

1456 1911 1605 1963 foede
1623 1912 1801 1977 periit,
1824 1910 1890 1962 ad
1908 1910 2029 1961 fam.
2050 1910 2099 1975 9,
2135 1911 2215 1973 18,
2252 1912 2301 1961 2.
2324 1938 2389 1947 --

1452 1982 1506 2031 P.
1540 1981 1737 2046 Scipio,
1778 1980 2095 2031 clarissimus⁴
2121 1982 2199 2029 vir
2234 1980 2391 2029 maio-

1454 2065 1664 2113 rumque
1696 2064 1901 2099 suorum
1922 2049 2238 2111 simillimus,
2274 2049 2390 2098 Phi-

1454 2118 1581 2182 lipp.
1610 2117 1691 2183 13,
1717 2118 1800 2182 14,
1833 2117 1919 2169 29.
1951 2116 2220 2167 -Metelli
2251 2116 2387 2177 villa,

1454 2188 1521 2235 ad
1552 2186 1670 2236 fam.
1706 2186 1800 2249 12,
1832 2187 1891 2251 2,
1932 2187 1975 2238 1.
2024 2186 2143 2235 Eius
2175 2185 2391 2235 Tiburti-

1455 2268 1603 2318 num,
1642 2255 1865 2319 Philipp.
1902 2255 1961 2319 5,
2001 2255 2064 2317 7,
2106 2252 2185 2303 19.
2228 2253 2289 2303 cl.
2324 2252 2389 2301 ad

1456 2325 1559 2375 Att
1585 2322 1773 2385 1,1,3.

1389 2406 1456 2473 Q.
1482 2401 1761 2455 Caecilius
1785 2401 2047 2454 Metellus
2067 2402 2269 2467 Nepos,
2289 2404 2388 2453 Ba·

1455 2472 1615 2523 liarici
1657 2472 1823 2535 filius,
1860 2471 2168 2519 Macedonici
2204 2485 2383 2535 nepos,

1454 2541 1764 2605 (stemmatis
1803 2536 1919 2604 17.)
1958 2539 2132 2588 consul
2169 2555 2282 2589 cum
2325 2541 2386 2589 T.

1454 2610 1603 2659 Didio
1642 2625 1689 2659 a.
1726 2625 1780 2663 u.
1820 2623 1865 2660 c.
1904 2606 2053 2671 656.
2099 2607 2224 2658 lator
2256 2608 2385 2672 legis

1456 2676 1700 2729 Caeciliae
1724 2686 1773 2728 et
1800 2676 1997 2727 Didiae.
2038 2644 2164 2727 lluic
2200 2678 2385 2726 oratio-

1450 2762 1539 2799 nes
1561 2746 1884 2798 scribebatL.
1909 2745 2114 2811 Aelius,
2135 2745 2270 2795 Brut.
2296 2746 2381 2805 56,

1450 2817 1571 2868 206.

1386 2903 1455 2970 Q.
1526 2902 1804 2954 Caecilius
1858 2900 2121 2953 Metellus
2177 2898 2382 2965 Nepos,

1450 2973 1795 3036 praecedentis
1862 2970 1998 3019 filius
2069 2968 2382 3033 (stemmatis

1451 3039 1586 3103 23.).
1625 3039 1684 3099 Q.
1709 3039 1957 3092 Metelli.
2004 3020 2382 3093 ‚adolescentia

1451 3109 1517 3159 ud
1544 3123 1793 3157 summam
1812 3108 2015 3158 laudem
2042 3106 2276 3155 omnibus
2304 3118 2381 3153 re-

1448 3179 1542 3228 bus
1562 3185 1763 3243 ornata,
1789 3175 1984 3227 Cornel.
2014 3176 2165 3240 prim.
2192 3174 2377 3238 fragm.

1450 3248 1500 3298 2.
1527 3260 1579 3309 p.
1604 3242 1724 3297 209.

377 3360 576 3395 summa
600 3345 892 3403 nobilitate,
919 3346 1102 3397 eximia
1125 3346 1309 3394 virtute
1381 3340 1449 3408 Q.
1485 3335 1767 3388 Caecilius
1794 3336 2055 3389 Metellus
2086 3335 2281 3396 Celer,
2317 3334 2375 3391 Q·

375 3414 669 3479 praeditus,
710 3414 903 3466 Coi-uel.
935 3415 1084 3480 prim.
1119 3413 1303 3477 fragm.

1447 3406 1633 3456 Metelli
1670 3404 1878 3466 Nepotis
1914 3420 2019 3456 cos.
2066 3405 2187 3455 656.
2226 3404 2375 3458 filius
