2500 3850
740 203 1029 250 MENTOR
1054 224 1141 237 --
1168 183 1670 254 ammomum.

186 360 416 412 Mentor
438 359 659 409 caelator
678 360 875 424 argenti
898 361 1188 424 primariuS,

259 431 427 479 floruit
446 444 493 481 a.
520 436 635 477 ante
656 426 767 477 Chr.
787 443 836 476 n.
852 429 971 480 356.
1008 429 1191 478 Pocula

257 499 535 561 quaedam,
575 511 705 560 quae
740 496 989 548 Thericlia
1028 499 1192 548 nomi-

257 575 472 626 nantur,
521 565 765 626 Mentoris
803 581 958 616 manu
994 581 1190 618 summo

256 635 470 686 artificio
507 635 669 698 facta,
720 650 749 684 a
784 633 1005 686 Diodoro
1044 635 1190 685 Meli-

256 705 387 754 tensi
412 704 617 754 abstulit
638 703 691 752 C.
722 705 918 768 Verres,
941 705 1087 756 Verr.
1110 720 1190 752 ac·-

255 780 413 824 cusat.
434 776 485 831 4,
514 773 595 834 18,
618 771 699 823 38.

184 841 417 893 Menula
436 843 754 908 Anagninus.
790 842 845 890 P.
879 841 1085 892 Clodius
1124 843 1195 892 le-

258 927 375 977 gem
431 911 494 960 de
547 911 743 961 iniuriis
798 911 1015 975 publicis
1082 911 1192 961 tulit

255 983 527 1046 Anagnino
547 981 716 1030 nescio
750 981 831 1028 cui
853 980 1083 1030 Menulae
1103 993 1195 1044 per

256 1051 500 1116 gratiam,
537 1050 625 1111 qui
662 1047 738 1097 illi
776 1049 839 1098 ob
880 1063 991 1098 eam
1027 1049 1193 1114 legem

258 1127 473 1168 statuam
496 1120 547 1166 in
578 1117 835 1168 Ciceronis
866 1118 1077 1168 aedibus
1098 1132 1193 1182 po·-

256 1190 374 1246 suit,
412 1189 475 1238 de
494 1189 644 1236 domo
663 1201 757 1236 sua
776 1185 861 1250 30,
882 1185 966 1237 81.

186 1254 573 1306 Mercuriales.
648 1255 931 1320 Collegium
974 1255 1187 1315 Romae,

238 1325 506 1374 ·Mercurio
542 1325 794 1383 dicatum,
827 1326 879 1373 in
916 1339 1015 1389 quo
1054 1334 1192 1374 erant

259 1395 409 1442 etiam
444 1396 636 1456 equites
654 1393 889 1454 Romani,
927 1394 994 1442 ad
1024 1394 1087 1452 Q:
1124 1394 1187 1443 i'r.

261 1465 308 1521 2,
328 1463 379 1522 5,
399 1464 449 1512 2.

184 1527 521 1582 Mercurius.
559 1533 623 1580 V.
666 1530 925 1582 Hermes.
962 1556 1025 1566 -—
1063 1529 1192 1580 Mer-

257 1601 428 1649 curius
446 1614 585 1650 unus-
600 1597 747 1650 Caelo
772 1609 931 1663 patre,
966 1599 1066 1648 Dia
1084 1615 1190 1649 ma·

255 1679 334 1718 tre
357 1677 503 1718 natus
518 1673 549 1729 ,’
572 1667 697 1716 alter
714 1667 939 1718 Valentis
962 1676 1008 1717 et
1037 1667 1191 1718 Coro-

256 1738 396 1786 nidis
450 1735 623 1795 filius,
668 1739 845 1786 tertius
889 1738 1006 1786 Iove
1043 1740 1191 1787 tertio

258 1812 406 1856 natus
440 1813 489 1856 et
515 1805 679 1868 Maia,
717 1816 927 1868 quartus
955 1805 1071 1856 Nilo
1098 1821 1192 1872 pa-

255 1889 359 1941 tre,
400 1877 631 1938 quintus,
672 1891 819 1939 quem
860 1874 1030 1925 colunt
1060 1875 1189 1926 Phe·

254 1954 463 2007 neatae,
504 1946 566 1994 de
606 1960 656 1993 n.
692 1947 744 2000 d.
770 1944 830 2004 3,
868 1945 964 2005 22,
997 1944 1082 1995 56.
1123 1972 1190 1981 --

255 2014 531 2065 Mercurius
554 2022 601 2063 et
620 2014 783 2064 Diana
816 2015 979 2079 prima
1006 2028 1191 2079 paren-

254 2093 333 2134 tes
370 2083 635 2148 Cupidinis
674 2085 861 2149 primi,
914 2082 1191 2134 Mercurius

256 2160 305 2200 et
336 2153 513 2203 Venus
556 2153 779 2203 secunda
822 2159 1057 2217 parentes
1096 2152 1191 2203 Cu-

254 2222 445 2285 pidinis
484 2222 728 2282 secundi,
763 2223 827 2271 de
851 2236 901 2274 n.
926 2222 979 2271 d.
1002 2221 1062 2281 3,
1102 2220 1187 2281 23,

252 2288 323 2339 59
342 2297 390 2339 et
408 2288 493 2343 60.
516 2318 581 2327 --·
608 2290 888 2341 Mercurius
916 2290 1187 2352 secundus,

255 2361 367 2408 eius
386 2358 543 2409 frater
564 2359 899 2423 Aesculapius
917 2360 1189 2423 secundus,

257 2428 321 2477 de
340 2442 389 2476 n.
414 2430 463 2478 d.
485 2427 536 2490 3,
568 2429 653 2488 22,
681 2428 769 2481 57.
812 2455 879 2464 --
914 2426 1191 2478 Mercurius

256 2496 466 2559 eiusque
524 2499 731 2563 signum
776 2498 1000 2562 positum
1054 2512 1085 2545 a
1133 2497 1187 2548 G.

252 2564 427 2626 Verre,
454 2566 597 2616 Verr.
619 2572 841 2621 accusat.
864 2564 897 2615 5
914 2602 930 2628 ,
953 2566 1047 2629 72,
1070 2564 1188 2617 185.

255 2663 322 2673 -
358 2635 598 2685 Mercurii
633 2635 796 2700 stella,
836 2630 1089 2700 στίλβων,
1128 2634 1192 2684 de

255 2719 309 2757 n.
333 2703 383 2755 d.
421 2704 471 2764 2,
493 2703 580 2768 26,
611 2704 695 2757 53.
730 2730 795 2740 —-
836 2702 1021 2753 Sancta
1058 2701 1191 2753 Mer-

256 2774 386 2822 curii
414 2773 560 2823 stella
583 2780 633 2823 et
653 2772 861 2835 Lucifer
882 2786 1083 2823 cursum
1103 2772 1193 2823 ha·

254 2844 374 2891 bent
385 2839 518 2892 Solis
528 2842 773 2893 celeritati
784 2856 977 2907 parem,
988 2840 1121 2894 Tim.
1140 2840 1191 2901 9,

257 2904 323 2959 de
341 2926 384 2963 r.
406 2926 461 2975 p.
485 2910 645 2971 6217,-
665 2912 748 2961 17.
970 2908 975 2914 “

180 2978 440 3044 Merope,
459 2978 643 3038 Pleias,
666 2983 804 3030 Arat.
824 2995 875 3031 V.
896 2978 1017 3031 269.

185 3046 249 3099 L.
271 3043 581 3098 Mescinius
600 3046 808 3112 Rufus,
846 3056 1081 3113 quaestor
1108 3048 1190 3098 Ci-

254 3119 457 3167 ceronis
490 3117 544 3165 in
575 3114 785 3176 Cilicia,
811 3118 1191 3168 commendatur

255 3184 367 3235 Ser.
390 3186 643 3249 Sulpicio,
677 3187 743 3235 ad
774 3186 894 3235 fam.
918 3186 1013 3253 13,
1032 3186 1120 3251 26,
1144 3185 1205 3234 1.‘

251 3252 328 3306 lh.
351 3252 435 3316 13,
454 3253 539 3314 28,
564 3253 609 3303 1.
651 3256 723 3303 Ib.
743 3253 826 3315 16,
847 3257 897 3319 4,
919 3255 970 3309 3.
1008 3256 1082 3305 Ib.
1109 3254 1190 3315 16,

252 3320 306 3381 9,
327 3323 380 3370 4.
394 3348 461 3357 -
479 3322 771 3384 Mescinius,
788 3322 939 3373 homo
962 3324 1108 3385 levis,
1129 3324 1193 3371 li-

250 3390 551 3453 bidinosae,
578 3406 767 3457 sagax.
783 3392 849 3441 ad
868 3393 970 3442 Att.
992 3392 1044 3457 6,
1067 3390 1118 3454 3,
1142 3393 1189 3441 1.

252 3484 323 3495 —-—
360 3457 501 3507 Nihil
548 3461 715 3509 minus
752 3461 957 3524 probari
996 3467 1192 3525 poterat

2143 195 2277 258 249.

1333 375 1484 422 quam
1505 369 1738 422 quaestor
1752 363 2039 425 Mescinius,
2059 365 2132 418 lb.
2145 365 2197 427 6,
2213 369 2267 428 4,

1335 430 1387 482 1.
1429 430 1502 478 lb.
1525 429 1576 484 6,
1616 431 1674 494 7,
1711 431 1762 484 2.
1809 459 1875 468 -
1910 433 2168 484 Laudatur
2199 435 2270 485 ad

1334 497 1455 550 fam.
1479 498 1532 562 5,
1573 498 1653 552 19.
1695 525 1762 538 —-
1799 501 1922 558 Eius
1957 503 2176 568 epistola
2201 504 2270 554 ad

1332 565 1648 632 Ciceronem,
1697 570 1762 619 ad
1801 569 1923 624 fam.
1963 571 2026 630 5,
2071 571 2156 626 20.
2199 600 2266 610 -

1331 635 1578 686 Eumdem
1619 637 1910 688 consolatur
1948 638 2118 690 Cicero
2141 679 2154 702 ,
2194 642 2269 690 Ib.

1330 705 1382 766 5,
1407 705 1492 757 21.
2039 739 2044 743 ·

1263 770 1677 839 Mesopotamia
1696 775 1836 840 regio
1851 775 2007 826 Asiae
2027 779 2156 826 inter
2167 778 2270 826 Eu-

1333 841 1565 906 phratem
1592 849 1640 893 et
1661 844 1938 908 Tigridem.
2013 846 2136 896 Eam
2169 847 2268 897 fer-

1335 911 1476 960 tilem
1507 912 1660 962 efficit
1677 911 1962 977 Euphrates
1984 951 1999 975 ,
2035 915 2100 964 de
2135 913 2265 970 n.'d.

1334 983 1394 1041 2,
1438 981 1535 1042 52,
1576 979 1692 1032 130.
1717 1007 1782 1017 —-
1816 980 2008 1032 Graece
2036 986 2269 1035 scribitur

1333 1047 1776 1114 Μεσοποταμία,
1811 1052 1878 1101 ad
1896 1052 2002 1100 Att.
2036 1052 2190 1114 9,11,
2211 1055 2264 1110 4.

1263 1117 1534 1237 ΜθὲῗιιΙει.
1590 1119 1656 1168 V.
1695 1117 1774 1168 Μ.
1814 1117 2072 1172 Valerius
2111 1121 2274 1172 Mes-

1333 1203 1359 1236 ιι
1421 1201 1472 1237 a.

1263 1254 1527 1306 Messana
1573 1257 1694 1304 urbs
1731 1255 1938 1306 Siciliae
1982 1259 2047 1307 ad
2084 1257 2268 1308 fretum

1333 1326 1527 1390 posita,
1567 1339 1696 1386 quae
1727 1332 1776 1374 et
1811 1324 2109 1376 Mamertina
2147 1329 2268 1378 civi-

1332 1402 1412 1442 tas
1449 1393 1661 1452 dicitur,
1697 1393 1843 1442 Verr.
1887 1395 1948 1454 2,
1985 1395 2046 1450 5,
2080 1393 2163 1445 13.
2199 1423 2266 1434 —-

1333 1464 1564 1512 Messana
1584 1462 1806 1512 omnium
1819 1463 1997 1513 Verris
2021 1465 2267 1515 furtorum

1333 1547 1392 1580 ac
1415 1531 1714 1596 praedarum
1733 1534 2002 1596 receptrix,
2013 1535 2164 1584 Verr.
2187 1549 2269 1582 ac-

1335 1607 1494 1650 cusat.
1523 1601 1582 1664 4,
1629 1598 1728 1664 67,
1774 1600 1892 1651 150.
1928 1628 1998 1638 -
2032 1601 2268 1652 Messana

1333 1669 1559 1720 adiutrix
1591 1669 1840 1718 scelerum
1865 1668 1918 1718 C.
1941 1672 2132 1732 VerriS,
2151 1672 2271 1722 libi·
2291 1705 2299 1710 -

1333 1739 1510 1788 diuum
1539 1739 1712 1799 testie,
1753 1739 2059 1803 praedarum
2084 1755 2143 1789 ac
2166 1740 2271 1789 fur-

1327 1816 1494 1856 torum
1514 1809 1788 1872 receptrix,
1807 1808 1954 1858 Verr.
1976 1817 2200 1859 accusat.
2213 1811 2267 1870 4,

1329 1875 1380 1937 8,
1406 1877 1485 1927 17.

1261 1943 1587 2009 Mossidius,
1626 1947 1690 1995 ad
1709 1946 1770 2005 Q.
1792 1946 1857 1999 fr.
1879 1946 1929 2007 3,
1954 1948 2003 2008 1,
2026 1946 2074 1997 1.
2102 1948 2152 2010 3.
2179 1947 2228 1997 1.

1263 2012 1327 2065 Ρ.
1372 2011 1692 2064 Μ’θοοὶθιιιιε
1715 2051 1728 2078 ,
1785 2030 1941 2078 eques
1988 2014 2264 2075 RomanuS,

1333 2084 1714 2135 commendatur
1734 2084 1787 2132 P.
1818 2083 2013 2149 Caesio,
2053 2086 2117 2135 ad
2141 2085 2261 2137 sam.

1261 2221 1324 2271 C.
1363 2218 1629 2285 Messius,
1663 2222 1894 2272 tribunus
1929 2220 1998 2286 pl.
2039 2236 2090 2272 a.
2126 2236 2175 2269 ιι.
2220 2237 2264 2270 c.

1329 2289 1448 2341 697.
1487 2290 1677 2355 Legem
1713 2291 1982 2355 separatim
2021 2290 2166 2339 initio
2203 2290 2268 2339 de

1329 2360 1492 2409 salute
1507 2360 1764 2409 Ciceronis
1778 2358 2136 2423 promulgavit,
2152 2366 2268 2422 post

1330 2428 1437 2478 red.
1465 2428 1516 2476 in
1537 2440 1644 2477 sen.
1669 2426 1730 2489 8,
1762 2428 1850 2479 21.
1881 2454 1949 2464 —-
1980 2428 2195 2475 Messius
2218 2441 2266 2481 a.

1331 2513 1384 2549 ιι.
1446 2512 1490 2547 c.
1535 2495 1658 2547 697.
1726 2496 1840 2562 lege
1894 2509 1988 2545 sua
2024 2495 2268 2559 Pompeio

1331 2566 1496 2615 omnis
1526 2564 1772 2629 pecuniae
1797 2565 1937 2614 dedit
1965 2571 2266 2627 potestatem

1331 2642 1380 2684 et
1411 2634 1644 2683 adiunxit
1663 2632 1877 2683 classem
1911 2641 1960 2683 et
1989 2634 2262 2683 exercitum
2331 2680 2336 2684 .

1335 2711 1382 2753 et
1410 2703 1574 2753 maius
1596 2703 1865 2767 imperium
1895 2704 1948 2752 in
1964 2702 2266 2768 provincii5‚

1331 2786 1484 2835 quam
1517 2780 1654 2823 esset
1673 2788 1878 2833 eorum,
1907 2773 1994 2836 qui
2021 2784 2106 2821 eas
2137 2772 2258 2821 obti-

1333 2847 1527 2902 nerent,
1565 2842 1631 2892 ad
1649 2843 1752 2891 Aa.
1777 2846 1829 2903 4,
1867 2842 1915 2903 1,
1949 2842 1999 2889 7.
2039 2870 2106 2877 -
2132 2840 2262 2890 Mes·

1331 2912 1438 2959 sius
1473 2924 1522 2959 a„
1553 2926 1608 2961 ιι.
1642 2926 1686 2960 c.
1728 2912 1846 2963 700.
1906 2910 2264 2960 defendebatur

1331 2994 1362 3028 a
1396 2979 1667 3043 Cicerone,
1708 2997 1735 3029 e
1770 2980 2025 3045 legatione
2061 2991 2266 3027 revoca-

1329 3058 1428 3097 tus.
1459 3046 1585 3097 Nam
1607 3062 1718 3097 eum
1735 3048 1938 3099 Caesari
1959 3048 2152 3112 legarat
2164 3047 2267 3109 Ap-

1334 3120 1470 3180 pius,
1508 3117 1577 3166 ad
1600 3118 1704 3169 Att.
1727 3118 1777 3175 4,
1800 3116 1882 3177 15,
1901 3116 1950 3167 9.
1973 3142 2038 3151 ——
2059 3113 2115 3164 C.
2137 3114 2268 3163 Mes-

1333 3187 1462 3244 sius,
1501 3184 1768 3234 familiaris
1788 3183 2034 3247 Pompeii,
2069 3184 2134 3233 ad
2161 3183 2262 3235 Att.

1333 3254 1385 3316 8,
1408 3254 1493 3303 11.
1513 3252 1573 3301 D.
1593 3254 1646 3301 2.

1263 3322 1673 3386 Metapontum,
1692 3320 1908 3385 Magnae
1919 3318 2158 3370 Graeciae
2179 3335 2268 3385 op-

1332 3391 1511 3455 pidum
1528 3390 1748 3454 primum
1765 3404 1796 3439 a
1809 3390 2024 3439 Tarento
2045 3390 2112 3439 ad
2129 3404 2269 3439 mare

1333 3459 1512 3524 situm,
1542 3459 1606 3509 de
1625 3458 1710 3508 fin.
1737 3460 1788 3523 5,
1812 3460 1862 3519 2,
1882 3460 1936 3509 4.
