2500 3850
554 208 1015 258 POMPULENUS
1053 185 1123 238 —-'
1153 206 1423 255 pomus
1447 205 1769 253 euxinus,

10 364 13 429 l
202 368 286 417 ad.
305 366 424 415 farn.
462 368 556 431 15,
597 367 659 425 4,
707 366 762 417 9.
835 363 934 414 Sed
973 364 1132 413 multo

10 436 13 451 ''
171 458 176 465 ·
203 442 316 485 ante
337 435 622 484 Ciceronem
644 448 672 483 a
702 435 968 499 provincia
989 434 1130 493 abiit,

202 505 267 553 ad
287 505 390 556 Att.
415 506 461 565 5,
483 504 566 564 21,
601 502 650 553 9.
705 504 780 556 Ib.
803 502 853 563 6,
889 503 940 561 3,
964 503 1012 551 1.
1069 504 1135 552 ad

199 574 318 622 fam.
341 576 392 633 2,
417 572 496 634 15,
516 574 568 621 4.
605 572 680 623 Ib.
705 572 756 637 3,
786 570 866 633 10,
891 570 940 623 3.

125 654 508 719 Pompulenus
535 646 730 703 occisus
767 669 796 702 a
817 653 1010 703 familia
1032 655 1134 703 An·-

201 724 454 773 chariana.
475 724 662 775 Varen.
678 722 860 787 fragm.
879 723 927 773 5.
943 738 994 787 p.
1014 724 1132 773 244.

125 806 279 856 Pons
301 809 625 874 argenteae,
647 806 714 855 ad
732 806 852 855 fam.
880 805 960 867 10,
983 808 1068 867 34,
1087 806 1134 857 3.

195 877 269 924 Ib.
295 876 378 936 10,
403 875 484 938 35,
517 877 567 923 2.
593 903 664 911 —-
683 874 918 935 MulviUS,
940 876 1007 923 ad
1029 876 1134 923 Att.

197 942 416 1071 {333}
453 946 504 993 4.
543 970 611 981 —
657 944 899 1005 TirenUS,
939 946 1012 994 lb.
1050 943 1134 1007 16,

124 1096 439 1148 Pontianus
458 1134 472 1161 ,
513 1099 577 1149 ad
597 1100 702 1147 Att.
733 1101 814 1161 12,
835 1101 920 1162 44,
945 1101 992 1149 2.

123 1182 420 1245 Pontidia,
459 1187 525 1235 ad
544 1186 647 1235 Att.
671 1188 719 1247 5,
745 1185 829 1245 21,
855 1186 939 1235 14.
981 1186 1056 1234 lb.
1083 1186 1131 1249 6,

196 1256 248 1316 1,
273 1254 353 1304 10.

120 1322 206 1373 Μ.
254 1321 551 1373 Pontidius
577 1360 591 1387 ,
647 1331 812 1373 orator
853 1322 1132 1384 Romanus),

192 1392 332 1440 Brut.
356 1392 446 1457 70,
479 1392 600 1443 246.
630 1398 710 1427 ’-
748 1393 987 1440 Facetum
1026 1393 1134 1441 eius

199 1462 386 1510 dictum
405 1498 418 1520 ,
462 1460 524 1509 de-
543 1469 668 1509 orat.
689 1462 740 1525 2,
761 1460 848 1519 68,
870 1460 988 1509 275.

122 1525 396 1579 Pontifex
414 1526 694 1578 Maximus
714 1530 959 1593 privatuS,
984 1527 1128 1581 Catil.

197 1599 246 1657 1,
283 1598 332 1657 1,
371 1596 419 1648 3.
466 1598 530 1646 de
566 1597 697 1648 offic.
729 1597 777 1661 1,
815 1599 898 1655 22,
943 1597 1029 1650 76.
1065 1624 1131 1633 —-

195 1666 470 1715 Creabatur
491 1682 520 1715 a
539 1667 702 1716 XVII.
740 1666 974 1714 tribubus
998 1675 1132 1715 sorte

195 1737 380 1797 ductiS,
421 1736 483 1785 de
502 1735 616 1801 lege
635 1751 745 1802 agr.
770 1736 820 1799 2,
842 1736 892 1796 7,
918 1734 1000 1785 18.

121 1802 438 1856 Pontifices
453 1812 648 1854 veteres
668 1820 699 1855 a
712 1804 892 1863 Numa,
909 1812 963 1853 ut
983 1806 1134 1853 etiam

193 1875 433 1925 ludorum
469 1875 678 1939 epulare
711 1872 1013 1923 sacrificium
1060 1873 1134 1921 fa-

10 1997 13 2028 Ι
193 1954 390 2064 egrem,
426 1945 672 2004 instituti,
713 1944 775 1993 de
803 1950 926 1992 orat.
959 1943 991 1993 3
1009 1981 1023 2003 ,
1048 1941 1130 2004 19,

10 2075 32 2152 ξ
121 2077 417 2134 Pontificii
442 2079 558 2129 libri
590 2080 846 2130 declarant
886 2095 1133 2145 provoca-

10 2169 12 2178 ⁵
189 2155 387 2204 tionem*
405 2151 555 2198 etiam
579 2164 608 2197 a
629 2150 838 2215 regibus
857 2149 1034 2208 fuisse,
1069 2149 1132 2198 de

192 2239 235 2270 r.
262 2236 312 2284 p.
330 2223 377 2274 2,
402 2217 488 2280 31,
512 2219 596 2268 54.
637 2219 701 2268 de
717 2234 768 2271 n.
793 2219 842 2268 d.
868 2219 914 2283 1,
937 2217 1024 2280 30,
1040 2218 1128 2269 84.

193 2315 263 2324 —
283 2286 579 2336 Pontificum
601 2287 815 2352 libri,de
836 2295 960 2337 orat.
981 2288 1026 2347 l,
1042 2287 1129 2348 43,

194 2357 314 2410 193.
337 2385 402 2392 -—
433 2355 728 2406 Pontificum
761 2357 1129 2418 commentarii,

188 2427 332 2477 Brut.
361 2426 444 2483 14,
465 2426 550 2476 55.

120 2491 362 2546 Pontius
397 2492 674 2556 Glaucus,
710 2495 892 2560 poema
929 2493 1129 2544 Cicero·

190 2567 292 2624 nie,
326 2564 508 2629 fragm.
529 2579 581 2628 p.
601 2562 720 2616 303.
743 2619 750 2623 ,

121 2631 392 2697 Pontiae,
425 2631 680 2697 Scipionis
710 2633 937 2682 Africani
967 2633 1130 2683 mino-

191 2704 267 2752 ris
307 2702 593 2752 familiaris.
670 2703 792 2751 Eius
832 2700 1022 2750 dictum
1069 2701 1132 2749 de

189 2773 514 2836 acipensere,
559 2772 741 2836 fragm.
783 2771 902 2820 libri
931 2771 993 2819 de
1027 2769 1130 2818 fato

121 2906 386 2970 Pontius,
427 2909 646 2958 collusor
679 2917 728 2958 et
760 2909 950 2958 sodalis
974 2909 1132 2957 Anto-

193 2979 297 3040 nii,
334 2978 556 3043 Philipp.
589 2978 669 3036 13,
687 2980 740 3038 2,
761 2977 809 3028 3.

127 3046 188 3096 C.
245 3046 482 3098 Pontius
535 3045 856 3098 Herennius
905 3045 1130 3110 Samnis,

193 3124 338 3181 pater
360 3117 469 3166 eius
504 3117 557 3167 C.
592 3119 758 3168 Pontii
783 3115 1062 3176 Thelesini,
1103 3129 1134 3163 a

194 3200 294 3248 quo
329 3184 555 3236 Caudino
597 3185 791 3252 proelio
827 3185 916 3250 Sp.
949 3185 1132 3234 Postu-

191 3255 326 3304 mius
363 3254 420 3305 T.
465 3255 706 3306 Veturius
760 3271 889 3306 coss.
951 3254 1133 3302 iterum

193 3339 242 3372 a.
266 3339 316 3372 u.
342 3339 386 3372 c.
409 3322 528 3374 433.
585 3326 813 3390 superati
843 3328 985 3374 sunt:
1020 3337 1134 3372 cum

193 3408 252 3442 eo
303 3392 583 3443 collocutus
627 3393 834 3459 fingitur
883 3390 1134 3455 Archytas

188 3461 513 3524 Tarentinus,
551 3463 614 3512 de
635 3479 743 3514 sen.
771 3463 853 3525 12,
874 3459 958 3510 41.

2086 190 2209 253 317

1208 362 1273 413 C.
1317 359 1551 412 Pontius
1605 358 1933 423 Telesinus,
1973 359 2211 409 Herennii

1276 432 1436 492 filine,
1476 429 1712 491 Samnis,
1750 428 1973 479 Caudino
2015 427 2209 494 proelio

1274 500 1363 565 Sp.
1380 500 1695 549 Postumium
1711 500 2040 547 T.Veturium
2076 512 2209 547 coss.

1276 569 1458 618 it‘erum
1484 585 1528 617 a.
1550 585 1601 618 u.
1628 584 1671 620 c.
1684 567 1806 619 433.
1847 568 2122 631 superavit,
2145 566 2210 615 de

1276 654 1383 689 sen.
1411 638 1611 697 12,41.
1660 638 1723 687 de
1754 636 1838 685 off.
1872 634 1932 699 3,
1972 634 2055 697 30,
2090 635 2211 687 109.

1276 736 1346 745 -
1378 706 1617 755 Eiusdem
1649 708 1835 755 dictum
1868 705 2212 769 memorabile,

1251 776 1344 826 'de
1366 775 1450 826 off.
1472 777 1522 835 2,
1544 776 1629 836 21,
1650 776 1734 825 75.

1207 844 1272 895 L.
1289 842 1525 894 Pontius
1546 841 1769 909 Aquila,
1808 844 1873 893 ad
1898 843 2001 892 Att.
2027 841 2072 901 1,
2099 840 2210 899 1,3.

1278 944 1346 953 -—-
1360 915 1553 977 Hospes
1570 912 1826 963 Ciceronis
1849 913 1898 960 in
1907 910 2213 969 Trebulano,

1279 985 1347 1032 ad
1370 983 1470 1032 Ait.
1495 982 1545 1045 5,
1578 984 1628 1043 2,
1664 983 1713 1031 1.
1772 982 1844 1031 lb.
1874 982 1926 1032 5.
1954 980 2003 1040 3,
2029 981 2076 1029 1.
2135 980 2209 1031 lb.

1279 1054 1309 1102 5
1328 1088 1341 1113 ,
1362 1056 1421 1107 4,
1446 1052 1493 1101 1.
1542 1052 1616 1099 Ib.
1640 1052 1689 1115 7,
1718 1052 1769 1109 2,
1792 1051 1839 1101 2.
1876 1051 1950 1101 Ib.
1976 1050 2024 1109 7,
2047 1048 2096 1108 3,
2130 1049 2211 1098 12.

1279 1147 1345 1155 —
1379 1120 1676 1184 Indignatur
1698 1120 1871 1168 Cicero
1896 1120 2065 1170 Pontii
2083 1116 2215 1167 Nea--

1276 1189 1559 1253 politanum
1582 1204 1609 1237 a
1624 1187 1857 1251 Servilia,
1873 1188 2014 1237 Bruti
2036 1195 2212 1248 matre,

1316 1258 1531 1307 ossideri
1550 1294 1565 1317 ,
1618 1258 1855 1307 donatum
1908 1274 1939 1306 a
1984 1256 2215 1314 Caesare,

1302 1328 1347 1375 b.
1394 1325 1485 1384 14,
1518 1326 1579 1375 21
1605 1363 1619 1385 ,
1672 1326 1719 1377 3.
1758 1353 1827 1362 —-
1866 1326 1923 1373 L.
1970 1326 2215 1374 Plancum

1275 1394 1745 1459 praestantissimus
1765 1396 1861 1456 vir,
1875 1394 2079 1459 Aquila,
2098 1392 2216 1441 Pol-

1276 1464 1433 1512 lentia
1470 1461 1695 1525 expulit,
1748 1468 1795 1509 et
1827 1462 2033 1524 quidem
2073 1477 2215 1512 crure

1276 1532 1469 1591 fracto,
1508 1530 1730 1593 Philipp.
1757 1530 1850 1586 11,
1888 1523 1967 1590 6,‘
1992 1533 2071 1581 14.
2137 1531 2212 1580 lb.

1278 1598 1360 1662 13,
1387 1600 1468 1658 12,
1490 1602 1577 1652 27.
1615 1600 1709 1663 Ep.
1732 1600 1798 1648 ad
1816 1598 1958 1653 Brut.
1975 1600 2023 1663 1,
2046 1600 2131 1651 15.
2148 1629 2215 1638 —

1274 1669 1488 1718 Pontius·
1508 1669 1693 1730 Aquila
1709 1706 1723 1728 ,
1756 1668 1953 1733 legatus
1971 1669 2034 1719 D.
2053 1669 2213 1730 Bruti,

1276 1738 1461 1787 cecidit
1482 1739 1533 1785 in
1552 1737 1746 1786 Hirtino
1766 1736 1981 1803 proelio,
2004 1739 2070 1788 ad
2090 1738 2191 1787 fam

1205 1873 1277 1929 T.
1308 1873 1555 1926 Pontius
1578 1876 1831 1938 centurio,
1871 1876 2093 1925 maximo
2131 1891 2213 1925 ro-

1273 1947 1397 1995 bore
1438 1945 1728 2010 praedituS,
1770 1946 1831 1994 de
1867 1960 1971 1994 sen.
1998 1943 2093 2003 10,
2124 1944 2209 1995 33.

1272 2013 1347 2064 De
1382 2014 1557 2064 eodem
1611 2013 1863 2074 Lucilius,
1918 2015 1980 2062 de
2031 2014 2116 2065 fin.
2165 2014 2215 2065 1.

1274 2082 1334 2147 3,
1370 2082 1420 2132 9.

1202 2149 1444 2202 Pontius
1468 2148 1793 2203 Titinianus
1811 2187 1825 2214 ,
1865 2151 1923 2208 Q.
1947 2151 2124 2199 Titinii
2153 2149 2213 2198 fi-

1274 2221 1375 2271 lius
1412 2235 1441 2270 a
1470 2221 1647 2270 Pontio
1684 2222 1983 2284 adoptatuS,
2015 2219 2214 2268 timoris

1275 2305 1428 2340 causa
1471 2291 1601 2339 inter
1658 2289 1891 2340 Caesaris
1945 2288 2213 2338 adseculas

1274 2359 1370 2408 ruit
1391 2375 1437 2408 a.
1461 2374 1511 2406 u.
1536 2375 1579 2407 c.
1604 2359 1743 2416 705„
1772 2359 1839 2407 ad
1859 2359 1961 2409 An.
1986 2356 2036 2415 9,
2060 2355 2143 2416 19,
2162 2357 2215 2405 2.

1201 2427 1453 2490 Pontus,
1503 2429 1646 2492 regio
1694 2427 1851 2476 Asiae
1894 2425 1960 2474 ad
2002 2425 2216 2472 Pontum

1273 2497 1547 2546 Euxinum.
1588 2523 1654 2530 —
1693 2495 1921 2559 Populus
1956 2493 2215 2542 Romanus

1274 2565 1476 2630 aperuit
1529 2563 1590 2612 L.
1653 2563 1868 2613 Lucullo
1937 2563 2215 2626 imperante

1273 2635 1486 2684 Pontum
1506 2640 1555 2680 et
1573 2633 1733 2697 regiis
1754 2631 2007 2694 quondam
2030 2632 2212 2695 opibus

1272 2703 1458 2767 etipsa
1487 2709 1665 2752 natura
1693 2703 1919 2768 regionis
1956 2699 2211 2763 vallatum,

1273 2787 1365 2837 pro
1387 2771 1575 2822 Archia
1601 2770 1662 2830 9,
1690 2773 1773 2822 21.
1797 2799 1869 2808 —
1888 2771 2007 2820 Eius
2028 2770 2215 2819 mentio

1268 2841 1325 2890 fit
1346 2841 1496 2890 etiam
1525 2841 1743 2904 de'imp.
1766 2839 1854 2890 Cn.
1876 2839 2053 2904 Pomp.
2083 2838 2133 2903 3,
2162 2840 2212 2887 7.

1271 2911 1345 2960 Ib.
1368 2911 1419 2972 8,
1448 2911 1533 2960 21.
1582 2910 1656 2962 Ib.
1683 2910 1765 2968 15,
1798 2909 1883 2961 45.
1936 2909 1999 2958 de
2030 2908 2144 2973 lege
2168 2908 2195 2956 1

1274 2981 1325 3039 2,
1349 2978 1399 3031 6.
1437 2980 1511 3027 lb.
1540 2978 1592 3043 2,
1616 2979 1698 3040 19,
1715 2979 1803 3030 51.

1203 3046 1422 3098 Pontus
1480 3044 1751 3098 Euxinus.
1828 3047 1911 3096 Ad
1953 3046 2213 3094 introitum

1272 3119 1421 3168 Ponti
1462 3124 1569 3167 erat
1591 3117 1793 3182 signum
1823 3116 1961 3165 lovis
1990 3115 2215 3178 Impera·

1271 3187 1415 3248 toria,
1449 3185 1789 3250 pulcherrime
1820 3185 2026 3243 factum,
2063 3185 2209 3232 Verr.

1274 3261 1495 3305 accusat.
1546 3257 1608 3314 4,
1655 3253 1755 3314 58,
1797 3253 1913 3302 129.
1958 3280 2030 3289 -—
2067 3252 2213 3301 Ponti

1276 3325 1482 3383 natium,
1518 3322 1719 3371 Tuscul.
1748 3323 1794 3382 1,
1823 3322 1910 3385 20,
1937 3323 2025 3372 45.
2060 3321 2138 3372 Ib.
2169 3321 2214 3378 1,

1275 3391 1361 3452 39,
1393 3392 1479 3442 94.
1526 3417 1587 3427 —-
1621 3391 1769 3439 Ponti
1799 3391 1956 3454 vada,
1998 3391 2137 3440 Arat.
2164 3404 2214 3436 V.
