2500 3850
96 186 180 250 38

163 353 213 412 3,
239 353 318 412 ll,
337 352 421 403 46.
456 351 522 400 ad
538 349 642 400 Att.
662 352 714 411 2,
734 353 785 411 2,
805 353 855 400 2.
877 377 944 388 -
965 353 1030 402 de
1045 366 1096 400 n.

165 423 214 471 d.
233 423 285 482 2,
299 421 385 481 29,
400 421 485 472 74.
501 447 566 456 -—
579 433 670 483 pro
691 419 856 469 Sestio
869 420 956 480 67,
977 420 1094 474 141.

161 517 228 526 --
249 491 393 539 Verr.
418 495 637 540 accusat.
667 489 729 546 4,
760 488 855 549 60,
889 487 1006 539 135.
1045 489 1096 550 5,

161 559 246 617 37,
267 559 352 611 98.
375 585 441 594 -
461 556 681 621 Philipp.
709 557 736 606 1
753 593 770 621 ,
791 557 841 618 1,
875 557 924 606 1.
961 557 1012 617 5,
1045 557 1097 620 5,

163 628 244 679 14.
269 652 337 662 -—
358 627 424 676 ad
444 626 566 677 fam.
592 624 642 686 1,
661 625 714 687 9,
735 624 818 675 18.
855 627 908 686 4,
933 625 1022 686 12,
1044 627 1094 676 5.

159 695 534 760 ——der.p.2,
563 693 865 752 l,2.-de
895 703 1018 744 orat.
1044 695 1095 759 2,

161 765 246 826 37,
267 763 384 816 155.
410 762 460 824 3,
479 762 566 821 20,
587 761 670 812 75.
691 789 758 798 —-
781 762 844 812 de
865 763 1021 812 divin.
1045 763 1095 825 1,

159 832 225 884 43
242 870 255 891 ,
285 831 370 885 95.
406 833 480 885 lb.
507 832 552 892 1,
577 829 661 891 54,
683 831 798 880 122.
822 857 888 866 -
909 833 974 882 de
991 831 1092 896 leg.

157 903 210 961 2,
234 901 299 951 16
316 937 330 960 ,
365 902 451 953 40.
471 927 541 936 -
561 907 685 952 orat.
707 899 766 956 8,
797 899 881 953 25,
923 900 982 960 9,
1003 898 1092 952 31.

158 971 327 1049 partit.
343 983 413 1019 or.
432 968 518 1030 34,
536 967 651 1018 118.
665 967 883 1016 -Βι-αι.
901 969 985 1030 13,
1002 970 1089 1024 49.

89 1035 352 1101 Athenio,
373 1052 466 1086 rex
483 1006 848 1101 fugitivorum
835 1053 887 1086 in
901 1037 1090 1099 Sicilia,

159 1109 307 1156 Verr.
329 1112 548 1156 accusat.
580 1103 628 1166 3,
658 1105 755 1166 26,
775 1106 858 1158 66.
897 1108 970 1157 lb.
973 1107 1090 1176 „Q

162 1177 277 1245 125.
311 1176 373 1225 de
399 1175 604 1238 harusp.
633 1189 770 1238 resp.
795 1175 884 1232 12,
915 1175 1001 1229 26.
1024 1202 1092 1212 -—

158 1228 404 1304 Athenio,
456 1251 660 1294 vocatur
705 1243 823 1292 SeX.
863 1243 1090 1305 ClodiuS,

160 1314 276 1376 quia
311 1313 406 1362 fuit
444 1313 548 1361 dux
591 1326 850 1361 servotum
902 1313 1092 1363 Romae

157 1381 594 1441 tumultuantium,
626 1388 680 1429 ut
712 1381 926 1431 Athenio
957 1382 1092 1447 fugi-

155 1451 402 1513 tivorum,
469 1453 690 1512 itemque
751 1448 980 1512 SiculuS,
1035 1459 1091 1501 ut

159 1518 407 1580 Athenio,
429 1520 494 1568 ad
515 1522 618 1568 Att.
640 1519 691 1578 2,
715 1518 798 1578 12,
819 1520 870 1572 2.

85 1586 478 1638 Athenodorus
515 1587 802 1648 Tarsensis,
839 1587 1088 1638 Sandonis

153 1656 317 1715 filius,
372 1654 590 1705 Stoicus.
665 1655 788 1704 Eius
843 1660 1090 1707 sententia

155 1719 284 1787 περὶ
303 1692 611 1787 εὐγενείας,
632 1723 700 1772 ad
719 1724 841 1772 fam.
864 1725 923 1786 3,
947 1727 1006 1786 7,
1036 1726 1086 1776 5.

155 1795 392 1842 Fortasse
410 1793 544 1842 idem

83 1859 476 1911 Athenodorus
502 1859 736 1926 Calvus,
773 1863 839 1910 ad
868 1862 972 1912 Att.
1003 1862 1086 1926 16,

154 1930 240 1992 11,
265 1932 316 1981 5.
350 1932 424 1981 Ib.
455 1946 533 1994 ep.
560 1930 641 1989 14,
663 1932 712 1979 4.

82 1996 454 2050 Atherianum
477 1998 571 2048 Ins
586 2034 600 2061 ,
623 2015 670 2047 v.
689 1996 1082 2050 Haterianum.

80 2066 292 2130 Athos,
329 2081 472 2117 mons
501 2067 854 2128 Macedoniae,
893 2069 1086 2133 perfos-

152 2152 290 2186 susa
317 2136 518 2197 Xerxe,
551 2136 614 2185 de
632 2135 716 2184 fin.
740 2138 802 2198 2,
831 2134 926 2197 34,
965 2138 1081 2188 112.

147 2206 360 2257 -der.
387 2218 438 2268 p.
461 2202 512 2253 3.
551 2204 734 2269 fragm.
763 2205 940 2254 incert.
960 2205 1044 2256 49.

79 2269 246 2336 Atia,
294 2272 400 2321 filia
433 2272 500 2325 M.
542 2273 648 2321 Atii
683 2272 828 2322 Balbi
866 2274 1080 2337 Aricini,

148 2349 308 2391 mater
341 2340 570 2390 Caesaris
603 2340 890 2402 Octaviani,
923 2344 1085 2408 signi-

146 2408 326 2460 ficatur
344 2409 566 2475 Philipp.
590 2411 641 2473 3,
663 2410 714 2471 6,
737 2412 818 2463 16.
859 2411 922 2465 cl.
959 2411 1084 2462 Sue-

148 2488 254 2529 ton.
274 2478 446 2529 Octav.
470 2495 514 2531 c.
541 2480 592 2531 4.

76 2543 332 2611 Atinius,
363 2548 417 2600 C.
449 2549 622 2598 Verris
655 2550 882 2599 minister
910 2552 963 2599 in
994 2551 1083 2600 de-

150 2618 310 2665 cumis
325 2654 339 2677 ,
360 2617 504 2669 Verr.
526 2625 747 2667 accusat.
771 2618 818 2675 3,
839 2617 923 2677 32,
943 2618 1027 2669 75.

76 2681 266 2744 Atilii,
291 2701 337 2736 v.
362 2682 569 2734 Attilii.

76 2750 274 2816 Atina,
307 2754 553 2818 oppidum
581 2754 884 2805 Volscorum
912 2756 964 2804 in
983 2755 1081 2805 La-

145 2823 244 2882 tio,
267 2836 356 2885 pro
377 2821 583 2871 Plancio
603 2823 687 2888 12,
711 2822 793 2874 30.

74 2886 273 2939 Atinas
318 2904 526 2955 campus
571 2904 730 2955 prope
777 2893 982 2942 Atinam
1026 2896 1079 2943 in

147 2974 270 3022 agro
291 2958 625 3020 Volscorum,
648 2961 711 3010 de
729 2961 887 3015 divin.
915 2962 964 3024 1,
992 2963 1076 3025 28,

140 3027 228 3077 59.
264 3028 517 3090 lb.2,67,
539 3029 657 3080 137.

72 3093 269 3145 Atinas
298 3096 643 3160 praefectura,
666 3113 761 3163 pro
789 3098 992 3150 Plancio
1023 3100 1076 3162 8,

147 3164 228 3217 19.
265 3166 338 3215 Ib.
359 3168 409 3228 S.
431 3167 518 3218 21.

71 3230 264 3282 Atinia
300 3234 412 3291 lex,
449 3235 594 3287 Verr.
635 3242 856 3285 accusat.

146 3300 264 3351 109.
302 3270 528 3381 Philipp.
553 3302 678 3367 3,6,
702 3302 788 3357 16.

77 3364 142 3417 G.
164 3366 388 3420 Atinius
409 3370 598 3421 Labeo
632 3374 760 3423 bona
784 3372 842 3431 Q.
869 3370 1076 3429 Metelli,

141 3437 481 3503 Macedonici,
521 3441 609 3502 qui
645 3455 761 3489 eum
797 3454 862 3487 ex
898 3446 1076 3487 senatu

897 3237 1075 3296 1,,42

763 197 1074 245 ΑΤΗΕΝῙΟ
1103 219 1176 229 <-
1203 197 1263 243 Ρ.
1290 195 1516 244 ATIUS.

1241 366 1420 400 censor
1454 351 1697 407 eiecerat,
1734 351 2071 409 consecravit,
2110 351 2173 402 de

1239 421 1389 470 domo
1410 435 1499 468 sua
1518 419 1584 469 47
1600 455 1615 479 ,
1639 416 1754 468 123.

1167 486 1333 538 Atius
1358 504 1401 541 8.
1430 483 1650 550 Attius,
1681 488 2073 552 pigmentarius,
2104 489 2171 539 ad

1238 557 1359 606 fam.
1384 557 1467 616 15,
1492 555 1575 616 17,
1594 556 1645 610 2.

1171 625 1234 676 G.
1270 622 1433 676 Atius
1463 624 1731 689 Pelignus,
1771 622 2013 674 Sulmone
2049 638 2172 688 ape-

1236 696 1337 743 ruit
1363 695 1583 744 Antonio
1611 703 1784 758 portas
1809 707 1857 746 a.
1889 709 1939 742 u.
1964 709 2007 744 c.
2030 693 2171 754 705.,

1237 765 1304 814 ad
1326 767 1430 813 Att.
1450 763 1501 822 8,
1522 764 1573 821 4,
1594 762 1644 817 3.

1165 830 1242 882 M.
1266 828 1429 882 Atius
1450 830 1664 881 Balbus
1682 868 1696 896 ‚
1728 832 1991 892 Aricinus,
2024 840 2171 896 pater

1233 903 1413 960 Atiae,
1446 900 1501 950 C.
1526 899 1755 950 Caesaris
1777 899 2038 950 Octaviani
2062 917 2171 951 ma-

1231 971 1325 1018 tris
1340 1007 1353 1030 ,
1374 968 1593 1033 Philipp.
1616 967 1647 1019 3
1664 1006 1679 1030 ,
1710 969 1769 1029 6,
1795 969 1878 1020 16.
1906 995 1970 1006 —-
1987 970 2083 1019 Per
2102 971 2171 1019 ir-

1230 1039 1471 1089 risionem
1488 1046 1697 1087 vocatur
1714 1039 1941 1102 Pompeii
1974 1037 2172 1103 collega

1232 1109 1287 1156 in
1336 1107 1682 1172 vigintiviratu
1738 1121 1860 1172 agro
1912 1106 2169 1172 Campano

1231 1177 1373 1240 plebi
1401 1175 1515 1241 lege
1534 1176 1661 1224 Iulia
1682 1176 1953 1226 dividendo
1976 1191 2023 1229 a.
2045 1191 2097 1224 u.
2120 1191 2166 1229 c.

1227 1243 1368 1304 695.,
1391 1245 1457 1294 ad
1475 1245 1578 1296 Att.
1602 1245 1651 1303 2,
1677 1244 1757 1304 12,
1781 1245 1831 1296 1.

1161 1311 1325 1363 Atius
1346 1330 1391 1364 s.
1405 1311 1593 1363 Attius
1613 1310 1939 1379 Dionysius,
1958 1315 2025 1363 ad
2043 1313 2165 1367 fam.

1234 1382 1327 1445 12,
1350 1380 1433 1442 30,
1454 1382 1503 1434 5.
1529 1396 1579 1434 v·
1599 1379 1925 1446 Dionysius.

1164 1449 1230 1516 Q.
1265 1447 1427 1499 Atius
1465 1447 1699 1515 (Attius)
1729 1447 2038 1514 Labienus,
2073 1466 2167 1516 pa-

1230 1526 1373 1568 truus
1392 1518 1449 1567 T.
1475 1519 1579 1568 Atii
1599 1518 1835 1579 Labieni,
1856 1534 1971 1568 cum
1992 1517 2167 1569 Satur-

1229 1589 1349 1638 nino
1367 1586 1669 1653 Capitolium
1683 1602 1837 1650 quum
1852 1596 2165 1653 occupasset,

1227 1658 1303 1706 ibi
1331 1657 1529 1706 occisus
1559 1663 1634 1706 est
1666 1671 1714 1706 a.
1737 1672 1787 1705 u.
1819 1671 1864 1705 c.
1890 1655 2007 1708 654.
2025 1693 2039 1718 ,
2073 1671 2163 1720 pro

1229 1724 1284 1775 C.
1308 1726 1511 1775 Rabirio
1534 1725 1677 1790 perd.
1702 1724 1754 1782 5,
1777 1725 1839 1776 14
1866 1732 1915 1773 et
1932 1728 1983 1786 7,
2003 1725 2091 1776 20.

1160 1791 1229 1842 Τ.
1264 1792 1425 1844 Atius
1461 1791 1697 1860 (Attius)
1727 1791 2034 1857 Labienus,
2072 1795 2165 1842 tri-

1225 1863 1391 1911 bunus
1412 1862 1483 1926 pl.
1512 1878 1559 1913 a.
1584 1877 1631 1911 U.
1657 1877 1701 1914 c.
1735 1861 1876 1923 691.,
1905 1869 2166 1912 accusator

1229 1930 1284 1980 C.
1319 1931 1541 1992 Rabirii,
1586 1946 1676 1996 pro
1711 1930 1765 1980 C.
1808 1932 1977 1980 Rabir.
2012 1932 2160 1995 perd.

1225 2001 1260 2049 2
1277 2037 1291 2060 ,
1322 1998 1356 2049 6
1374 2016 1484 2062 sqq.
1507 2028 1575 2036 —
1594 2000 1815 2065 Legatus
1836 2000 1889 2053 C.
1914 1998 2162 2059 CaesariS,

1226 2070 1293 2119 ad
1323 2068 1381 2127 Q.
1406 2068 1468 2117 fr.
1492 2069 1551 2131 3,
1572 2070 1623 2129 7,
1648 2070 1809 2119 2.1b.
1844 2066 1905 2129 3,
1936 2068 1993 2132 8,
2023 2069 2164 2119 2.-

1221 2137 1347 2187 Eius
1372 2138 1579 2187 divitiae
1611 2136 1841 2187 Caesaris
1872 2136 2163 2186 liberalitati

1225 2206 1423 2257 debitae
1438 2243 1451 2267 ,
1474 2208 1540 2257 ad
1559 2207 1662 2259 Att.
1686 2209 1738 2267 7,
1759 2209 1809 2264 7,
1830 2204 1881 2259 6.
1916 2206 2163 2255 Discessit

1227 2277 1290 2325 ab
1310 2273 1521 2325 Caesare
1542 2276 1588 2325 a.
1610 2291 1661 2325 u,
1678 2292 1719 2325 c.
1744 2273 1881 2332 705.,
1907 2275 1980 2325 lb.
1999 2276 2049 2335 7,
2074 2274 2157 2334 11,

1227 2344 1274 2396 1.
1319 2345 1385 2394 ad
1412 2344 1533 2398 fam.
1573 2344 1662 2403 14,
1697 2344 1778 2403 14,
1799 2344 1851 2392 2.
1880 2368 1948 2378 -
1966 2344 2031 2393 ad
2050 2345 2155 2391 Att.

1225 2413 1415 2477 7,12,
1440 2412 1679 2465 5.—1b.
1713 2414 1772 2473 7,
1806 2410 1887 2461 13.
1916 2426 1963 2463 a.
1999 2407 2048 2464 1.
2092 2412 2159 2460 ad.

1222 2480 1344 2530 fam.
1370 2482 1461 2541 16,
1498 2482 1591 2541 12,
1618 2482 1669 2534 4.
1708 2482 1929 2529 Teanum
1949 2481 2085 2529 venit
2106 2495 2153 2532 a.

1223 2550 1277 2599 d.
1308 2548 1399 2601 IX.
1432 2550 1542 2598 Kal.
1582 2549 1701 2602 705.
1748 2551 1826 2598 Ibi
1858 2549 2158 2614 Pompeium

1221 2618 1555 2681 consulesque
1586 2620 1849 2677 convenit,
1880 2620 1945 2668 ad
1972 2619 2079 2671 Att.
2105 2619 2155 2677 7,

1223 2687 1307 2738 13.
1326 2688 1378 2739 b.
1403 2689 1453 2741 7.
1474 2713 1540 2724 -
1561 2686 1628 2740 cl.
1651 2686 1721 2735 ib.
1744 2688 1793 2746 7,
1816 2686 1899 2747 15,
1918 2685 1968 2737 3.
1997 2688 2047 2746 7,
2071 2686 2155 2746 16,

1218 2757 1271 2810 2.
1294 2756 1438 2805 —Iu
1469 2771 1527 2806 eo
1560 2770 1736 2820 parum
1768 2765 1845 2804 est
1875 2756 2153 2821 dignitatiS,

1217 2825 1297 2877 Ib.
1338 2825 1397 2886 8,
1443 2825 1503 2888 2,
1555 2824 1604 2878 3.
1643 2850 1712 2861 -
1747 2825 1823 2873 Ex
1861 2823 2155 2874 Pharsalica

1217 2894 1341 2958 fuga
1372 2894 1625 2944 interitum
1655 2894 1905 2943 exercitus
1931 2892 2155 2958 Dyrrha-

1215 2963 1319 3012 chii
1338 2964 1585 3012 nuntiavit
1618 2961 1859 3022 Ciceroni,
1893 2962 1956 3010 de
1990 2961 2148 3011 divin.

1219 3033 1266 3095 l,
1295 3031 1379 3092 32,
1408 3031 1493 3082 68.

1147 3098 1211 3149 Ρ.
1240 3098 1403 3150 Atius
1444 3097 1675 3163 (Attius)
1702 3099 1907 3159 Varus,
1934 3098 2150 3161 Pompe·

1217 3170 1388 3227 ianus,
1430 3167 1628 3229 Cinguli
1662 3167 1845 3231 agebat
1874 3180 2045 3213 mense
2071 3167 2149 3213 Ia-

1215 3238 1395 3287 nuario
1414 3249 1463 3283 a.
1478 3250 1529 3282 u.
1552 3250 1596 3284 c.
1620 3234 1761 3293 705„
1780 3234 1847 3282 ad
1866 3234 1968 3281 Att.
1992 3234 2042 3291 7,
2066 3231 2149 3281 13.

1214 3306 1267 3353 b.
1286 3306 1335 3354 7.
1374 3303 1447 3353 lb.
1470 3303 1517 3361 7,
1538 3302 1630 3361 15,
1653 3300 1703 3352 3.
1741 3304 1793 3362 7,
1813 3299 1909 3360 20,
1935 3301 1981 3353 1.
2002 3326 2071 3337 —-
2088 3300 2145 3349 P.

1215 3372 1365 3420 Atius
1386 3368 1603 3435 (Attius)
1623 3372 1788 3420 Varus
1802 3406 1815 3429 ,
1835 3369 1921 3431 qui
1946 3377 2150 3433 praetor

1216 3438 1443 3488 Africam
1462 3439 1764 3500 obtinuerat,
1783 3447 2007 3503 tempore
2027 3437 2145 3489 belli
