2500 3850
191 150 313 211 404
403 162 475 207 M.
511 158 802 205 TULLIUS
837 180 920 189 --
954 160 1025 204 M.
1062 158 1355 206 TULLIUS
1387 160 1457 205 M.
1486 160 1549 206 F.
1584 161 1654 207 M.
1688 160 1755 205 N.
1793 158 2066 207 CICERO.

259 318 358 366 tius
400 318 603 379 sapiens
641 330 790 378 quam
827 315 1096 379 eloquens,
1137 316 1199 363 dc

261 396 386 435 orat.
412 385 439 434 1
457 420 471 447 ,
495 382 554 443 9,
577 382 660 435 37.
685 411 753 420 ——
770 382 980 433 Servius
999 382 1198 433 Tullius

259 468 378 515 rex,
419 460 723 503 memoratus
760 454 812 502 in
849 454 988 503 Accii
1023 452 1196 510 Brute,

189 521 516 657 Mpssulslitslts·
533 521 894 655 ‚bzegezsierius
922 588 1196 656 Ciceronis,

261 660 326 709 ad
349 662 449 709 Att.
471 658 627 721 8,11.
663 660 714 709 B.
740 661 791 711 4.

191 727 269 779 Μ.
309 725 537 779 Tullius
572 726 956 777 Albinovanus
994 729 1200 790 quidam

261 814 309 850 a.
344 813 395 847 u.
429 812 471 847 c.
503 796 624 851 698.
661 798 722 846 de
751 798 801 846 vi
831 797 1106 861 postulavit
1141 798 1196 849 P.

259 865 509 925 Sestium,
533 866 598 915 acl
619 865 676 924 Q.
699 866 763 917 fr.
797 868 848 931 2,
870 865 920 930 3,
943 866 993 919 5.
1026 867 1079 915 in
1098 868 1201 916 Va-

259 937 352 987 tin.
379 935 426 990 1,
447 933 496 984 3.

189 1002 267 1053 Μ.
293 999 520 1053 Tullius
543 1002 754 1053 Decnla
775 1001 951 1053 consul
973 1016 1084 1050 cum
1107 1000 1194 1049 Cn.

261 1072 490 1121 Cornelio
514 1071 772 1119 Dolabeiia
801 1086 850 1124 u.
882 1086 936 1122 u.
971 1084 1017 1119 c.
1053 1068 1196 1130 673„

261 1141 325 1189 de
344 1141 457 1204 lege
477 1140 659 1203 agr.·2,
691 1137 773 1199 14,
793 1138 879 1191 35.
900 1162 972 1175 --
989 1138 1055 1188 M.
1077 1137 1198 1186 Tui-

233 1210 240 1215 '
262 1209 386 1272 liuS,
409 1208 664 1257 aedilitate
682 1210 1002 1271 praeterituS,
1024 1208 1199 1256 consul

261 1285 336 1327 est
358 1278 519 1327 factus
536 1314 548 1334 ,
570 1290 662 1341 pro
683 1276 856 1331 Plane.
880 1277 964 1335 21,
989 1276 1072 1326 51.

189 1346 269 1397 Μ.
291 1344 517 1397 Tullius
537 1344 781 1409 Laurea,
803 1345 1056 1395 Ciceronis
1077 1348 1201 1395 scri-

258 1416 348 1475 ba,
372 1416 437 1465 ad
457 1418 558 1465 Att.
587 1415 650 1478 5,
675 1417 738 1475 4,
763 1415 810 1467 1.
843 1417 916 1465 Ib.
941 1414 1022 1473 13,
1045 1416 1130 1481 22,
1148 1417 1199 1464 4.

190 1481 268 1532 Μ.
314 1482 540 1533 Tullius
558 1520 571 1545 ‚
612 1483 866 1534 Ciceronis
905 1484 1095 1543 scriba,
1137 1484 1202 1532 ad

261 1550 385 1603 farn.
416 1554 464 1616 5,
487 1550 572 1611 20,
596 1552 643 1601 1.
682 1553 752 1604 Ib.
777 1556 827 1613 5,
851 1554 934 1615 20,
957 1552 990 1602 8
1011 1560 1058 1601 et
1077 1552 1128 1607 9.

190 1616 269 1671 Μ.
293 1619 518 1672 Tullius
540 1620 734 1687 Lepta.
773 1624 836 1672 V.
862 1620 928 1686 Q.
950 1619 1147 1687 Lepta.

190 1686 286 1741 M'.
311 1688 536 1739 Tullius
565 1688 791 1757 Longus
821 1691 1062 1755 patricius
1087 1706 1198 1739 cum

261 1757 403 1811 Serv,
447 1757 675 1823 Sulpicio
717 1760 975 1809 Camerino
1023 1760 1198 1808 consul

260 1841 392 1876 anno
413 1828 607 1877 decimo
630 1834 744 1891 post
764 1836 970 1892 exactos
985 1842 1130 1893 reges
1152 1844 1196 1879 a.

260 1911 309 1945 u.
337 1913 382 1947 c.
405 1896 524 1948 254.
543 1935 556 1957 ‚
598 1898 732 1946 Brut.
758 1895 838 1962 16,
873 1896 958 1950 62.

191 1962 253 2016 L.
278 1961 503 2016 Tullius
537 1964 762 2029 Cicero,
799 1975 1006 2030 patruus
1033 1973 1200 2016 orato-

261 2036 359 2094 τῖε,
393 2049 440 2084 a.
467 2051 514 2085 u.
546 2053 587 2086 c.
609 2035 727 2084 651.
753 2051 867 2084 cum
889 2037 955 2084 M.
982 2037 1199 2085 Antonio

260 2112 456 2152 oratore
487 2105 539 2162 iu
563 2103 788 2152 Ciliciam
819 2105 1072 2168 profectus
1102 2119 1200 2154 una

260 2171 572 2235 decesserat,
615 2172 678 2220 de
715 2179 838 2220 orat.
863 2173 922 2232 2,
961 2173 1016 2237 1,
1045 2174 1098 2226 2.
1131 2201 1199 2212 --

259 2239 381 2287 Eius
400 2238 534 2287 fitius
557 2247 690 2289 erat:

189 2305 252 2358 12.
303 2304 530 2358 Tullius
569 2306 766 2358 Cicero
806 2306 868 2357 L.
905 2305 968 2356 F.
1013 2308 1199 2360 ‘frater

261 2375 516 2428 Ciceronis
575 2379 876 2444 cognatione
934 2379 1197 2444 patruelis„

257 2461 430 2495 amore
460 2449 763 2512 germanus’
783 2473 854 2485 --
874 2462 976 2498 una
994 2463 1109 2500 cum
1131 2449 1196 2500 M.

260 2514 497 2564 Cicerone
520 2515 730 2565 Athenis
765 2517 995 2567 audierat
1019 2517 1199 2566 Antio-

259 2581 424 2645 chum,
443 2585 504 2632 de
525 2585 608 2633 flu.
631 2585 680 2644 5,
705 2585 752 2642 l,
775 2584 822 2634 l.
841 2584 978 2634 —L.
1007 2584 1195 2650 Cicero,

259 2650 324 2702 M.
351 2651 473 2709 etQ.
499 2653 650 2702 frater
667 2653 928 2716 patruelis,
949 2655 1093 2703 Verr.
1117 2669 1198 2703 ac·

260 2726 418 2767 cusat.
445 2722 506 2783 4,
530 2721 614 2783 61,
642 2720 755 2770 137.
780 2747 845 2757 ·—
867 2721 1084 2772 Senatus
1104 2720 1198 2787 Sy-

259 2799 536 2836 racusanus
555 2789 792 2848 decrevit,
814 2797 868 2837 ut
893 2804 1007 2838 curn
1027 2804 1084 2839 eo
1103 2789 1196 2839 ho-

257 2854 463 2918 spitium
500 2855 702 2920 publice
725 2855 866 2906 fieret
881 2892 895 2916 ,
927 2859 1000 2910 Ib.
1024 2859 1086 2918 4,
1107 2857 1195 2921 65,

259 2923 376 2976 145.
415 2925 486 2976 Ib.
512 2927 570 2982 4,
594 2925 655 2975 11
674 2960 687 2986 ,
718 2924 802 2975 25.
823 2950 893 2961 —
915 2925 1038 2975 Eius
1063 2943 1195 2979 mor-

254 3001 356 3042 tem
377 3009 420 3041 a.
449 3011 498 3042 u.
521 3011 562 3046 c.
585 2993 703 3045 686.
739 2993 874 3044 dolet
895 2995 1068 3046 Cicero
1089 3034 1100 3055 ,
1131 2998 1196 3048 ad

258 3065 360 3112 Att.
390 3063 413 3110 1
457 3063 490 3112 5
547 3064 592 3114 1.

185 3124 263 3179 M.
291 3099 516 3182 'Pullius
545 3129 771 3194 Cicero,
809 3147 934 3182 avus
961 3134 1028 3187 M.
1061 3142 1109 3184 et
1130 3136 1188 3195 Q.

255 3196 579 3262 Ciceronum,
627 3202 702 3250 vir
736 3200 984 3268 singulari
1011 3204 1193 3254 virtute

254 3267 306 3314 in
328 3269 559 3332 Arpinati
593 3271 868 3335 municipio
887 3307 899 3328 ‚
929 3274 1093 3334 quoad
1119 3274 1194 3322 vi-

253 3335 348 3396 xit,
382 3339 562 3387 restitit
591 3337 656 3385 M.
681 3336 937 3398 Gratidio,
969 3341 1112 3390 cuius
1140 3342 1192 3388 in

230 3405 575 3453 ·matrimonio
608 3419 832 3454 sororem
869 3408 1034 3455 aviam
1078 3423 1190 3458 ora-

1338 316 1463 365 toris
1497 314 1746 373 habebat,
1790 314 1968 363 ferenti
2008 314 2177 379 legem
2208 324 2282 364 ta-

1340 384 1598 433 bellarium
1615 419 1629 443 ,
1653 383 1887 432 laudatus
1906 383 2021 431 ideo
2041 399 2070 433 a
2092 384 2158 432 Μ.
2182 384 2283 433 Ae-

1341 453 1479 501 milio
1502 452 1689 501 Scauro
1713 466 1818 504 cos,
1846 466 1893 504 a.
1917 468 1968 501 u.
1991 467 2032 501 c.
2054 450 2197 509 639„
2220 454 2283 502 dc

1340 524 1437 587 leg.
1465 520 1515 580 3,
1539 520 1623 577 26,
1648 520 1733 572 36.
1759 548 1825 556 —-
1846 520 1967 569 Eius
1990 521 2195 578 dictum,
2220 522 2281 571 de

1343 598 1467 643 orat.
1490 592 1539 648 2,
1562 590 1646 648 66,
1668 590 1787 640 265.

1271 658 1349 709 Μ.
1372 657 1599 710 Tullius
1626 656 1820 707 Cicero
1837 694 1852 722 ,
1874 668 2019 723 pater
2044 660 2279 722 oratoriS,

1341 730 1403 778 (le
1424 736 1545 779 orat.
1572 729 1629 790 2,
1667 728 1691 777 1
1710 764 1725 789 ,
1755 728 1805 779 2.
1828 754 1893 763 --
1912 728 2141 777 Decessit
2159 743 2208 776 a.
2230 729 2279 779 d.

1340 798 1449 847 1111.
1474 797 1583 845 Kal.
1605 796 1906 845 Decembres
1926 812 1975 845 a.
1997 812 2047 849 u.
2074 812 2119 849 c.
2139 796 2280 856 686„

1326 868 1406 921 ,act
1426 866 1527 919 Att.
1553 866 1599 925 1,
1624 864 1675 927 6,
1693 867 1740 914 2.
1763 890 1831 901 —
1856 865 1979 914 Eius
2006 880 2137 915 uxor
2164 865 2281 914 Hel-

1344 937 1450 998 via,
1475 934 1533 993 Q.
1558 933 1733 984 Cicero
1754 935 1818 983 ad
1838 934 1961 986 fam.
1994 934 2082 994 16,
2104 935 2171 985 26
2189 972 2204 996 ,
2226 936 2277 983 2.

1274 1005 1585 1065 Quamquam
1624 1003 1676 1052 in
1706 1002 2118 1053 Memor-abilibus
2152 1005 2282 1053 vitae

1343 1074 1593 1123 Ciceronis
1610 1087 1708 1133 per
1726 1086 1885 1122 annos
1906 1074 2131 1137 diyestis,
2156 1087 2283 1135 quae

1342 1140 1583 1191 volumini
1611 1142 1767 1204 priori
1788 1142 1943 1206 partis
1974 1141 2170 1205 primae
2188 1141 2282 1190 hu-

1341 1212 1421 1259 ius
1481 1210 1714 1259 editionis
1774 1211 2128 1275 praemisimus
2147 1247 2162 1273 ,
2220 1210 2281 1259 de

1340 1281 1447 1330 eius
1470 1279 1571 1328 vita
1590 1294 1649 1327 ac
1668 1280 1887 1345 scriptis,
1904 1279 2117 1329 adiectis
2135 1280 2283 1329 etiam

1340 1346 1559 1413 singulis
1612 1348 1849 1397 librorum
1895 1348 2045 1412 iociS,
2095 1348 2281 1397 dictum

1340 1425 1416 1467 est
1432 1454 1445 1479 ,
1470 1425 1637 1469 tamen
1657 1416 1883 1467 hocloco
1904 1424 2105 1467 auctore
2124 1417 2282 1481 potis-

1342 1488 1523 1536 simum
1554 1484 1737 1535 Oreliio
1773 1488 1880 1535 eius
1903 1501 1983 1535 res
2012 1494 2183 1550 gestas
2207 1487 2282 1533 in-

1340 1555 1469 1605 dicis
1493 1556 1603 1605 loco
1621 1569 2002 1619 percurramus:

1271 1622 1349 1674 Μ.
1392 1621 1620 1675 Tullius
1653 1622 1731 1673 Μ.
1768 1622 1831 1673 F.
1871 1623 1949 1673 Μ.
1977 1622 2044 1673 Ν.
2082 1619 2279 1673 Cicero

1341 1700 1487 1743 natus
1506 1708 1553 1741 a.
1579 1710 1627 1741 u.
1663 1708 1707 1745 c.
1732 1692 1851 1743 648.
1886 1692 1935 1742 C.
1975 1692 2137 1742 Acilio
2167 1692 2283 1742 Ser·

1342 1778 1463 1811 rano
1500 1762 1557 1821 Q.
1592 1760 1807 1811 Servilio
1842 1760 2092 1825 Caepione
2128 1776 2281 1821 coss„

1342 1832 1479 1879 Brut.
1511 1830 1604 1888 43,
1656 1828 1799 1895 161.,
1838 1845 1884 1883 a.
1914 1832 1967 1883 d.
1998 1831 2081 1878 Ill.
2112 1828 2281 1880 Nonas

1342 1903 1479 1962 Inn.,
1504 1899 1567 1949 ad
1591 1900 1692 1948 Att.
1719 1903 1779 1960 7,
1800 1899 1861 1960 5,
1888 1899 1938 1951 3.
1976 1900 2048 1949 lb.
2075 1896 2168 1964 13,
2193 1901 2278 1954 42.

1341 1973 1421 2029 2.,
1446 1971 1497 2019 in
1521 1968 1639 2017 viiia
1661 1968 1921 2034 Arpinati,
1946 1969 2010 2020 de
2029 1969 2128 2032 leg.
2152 1969 2204 2034 2,
2231 1969 2278 2029 1,

1342 2037 1393 2088 3.
1434 2065 1499 2072 --
1537 2039 1709 2098 ltaque
1747 2041 1873 2088 duas
1914 2039 2151 2088 censebat
2185 2038 2282 2086 sibi

1340 2121 1453 2156 csse
1480 2105 1700 2171 patriaS,
1737 2123 1888 2156 unam
1920 2115 2129 2156 naturae
2158 2104 2279 2168 (Ar-

1340 2173 1578 2240 pinum),
1628 2174 1835 2226 alteram
1890 2176 2109 2227 civitatis
2150 2174 2280 2240 (Ro-

1340 2250 1524 2308 mam),
1557 2245 1665 2292 sive
1684 2245 1891 2294 alteram
1918 2245 2047 2305 loci,
2072 2243 2281 2294 aiteram

1340 2315 1493 2376 iuriS,
1529 2313 1592 2362 de
1622 2313 1723 2380 leg.
1754 2315 1817 2373 2,
1848 2314 1881 2366 2
1900 2350 1913 2371 ,
1944 2317 2003 2366 5-
2032 2339 2099 2348 —-·
2130 2311 2280 2362 Ortus

1340 2390 1445 2434 erat
1502 2383 1660 2447 stirpe
1712 2383 2069 2444 antiquissima
2086 2416 2101 2442 ,
2168 2381 2279 2432 loco

1340 2451 1590 2515 equestri,
1612 2451 1671 2510 Q.
1696 2452 1798 2504 Cic.
1822 2452 1883 2500 de
1903 2451 2045 2516 petit.
2066 2465 2208 2501 cons,
2226 2452 2277 2510 4,

1345 2521 1426 2572 13.
1460 2534 1555 2585 pro
1592 2519 1764 2570 Plane.
1804 2521 1889 2581 24,
1926 2520 2046 2582 59.,
2088 2518 2281 2570 familia

1340 2596 1506 2639 autem
1526 2589 1751 2654 plebeia,
1774 2604 1902 2652 quae
1930 2590 1983 2637 in
2001 2589 2133 2638 tribu
2160 2587 2279 2639 Cor-

1339 2659 1470 2708 nelia
1488 2659 1811 2720 censebatur,
1834 2658 1976 2708 Brut.
1999 2656 2081 2719 16,
2104 2657 2190 2709 62.

1410 2727 1474 2776 Α.
1504 2743 1556 2777 ιι.
1587 2743 1633 2776 e.
1668 2726 1791 2780 663.
1822 2727 2000 2778 aetatis
2026 2724 2164 2776 XVI.
2198 2727 2279 2778 Ci-

1339 2809 1450 2845 cero
1476 2805 1678 2860 sumpta
1707 2796 1843 2846 virili
1870 2804 1989 2860 toga
2020 2795 2073 2844 in
2112 2794 2278 2845 forum

1336 2865 1490 2914 venit.
1520 2891 1588 2901 —
1612 2866 1737 2916 Eum
1773 2865 2158 2930 cupidissimum
2191 2879 2280 2914 au·

1338 2933 1510 2983 diendi
1541 2941 1763 2988 oratores
1784 2935 1979 3000 primus
2002 2933 2146 2984 dolor
2162 2949 2279 2997 per-

1336 3003 1521 3064 cussit,
1556 3002 1700 3053 Cotta
1729 3018 1879 3066 quum
1913 3011 1988 3052 est
2019 3000 2274 3066 expulsus,

1334 3069 1574 3131 Reliquos
1595 3071 1881 3134 frequenter
1904 3070 2111 3121 audiens
2130 3084 2274 3118 acer-

1334 3140 1459 3188 rimo
1502 3140 1669 3191 studio
1704 3141 1963 3192 tenebatur
1988 3138 2276 3200 cotidieque

1336 3215 1384 3256 et
1404 3209 1631 3258 scribens
1662 3218 1713 3258 et
1742 3210 1917 3276 legens
1948 3215 1997 3258 et
2026 3223 2278 3258 commen·

1332 3284 1445 3324 tans
1468 3277 1697 3327 oratoriis
1714 3286 1880 3328 tamen
1904 3277 2276 3327 exercitationi-

1333 3344 1438 3462 gg}
1462 3351 1725 3396 contentus
1744 3361 1841 3396 non
1864 3354 1998 3405 erat,
2022 3345 2164 3397 Brut.
2192 3343 2278 3406 89,
