2500 3850
637 228 1025 277 socRATmA
1055 229 1268 277 RATIO
1308 250 1392 262 —-
1424 228 1673 277 somn.
2084 221 2207 285 371

177 362 492 443 constantia,
523 384 726 434 Tuscul.
751 385 800 444 1,
819 385 906 445 40,
929 373 996 437 97
1016 400 1131 449 sqq.
1203 382 1482 436 Socratici
1501 382 1813 451 philosophi,
1836 384 1898 433 de
1918 384 2107 445 orat.3,
2130 384 2215 446 19,

179 456 262 505 lb.
287 455 339 515 1,
357 452 445 515 43,
467 451 586 506 103.
615 454 678 503 de
697 468 746 503 n.
769 454 840 507 d..
862 452 911 518 3,
935 452 1020 514 33,
1041 454 1129 508 82.

179 523 423 572 ——Illius
461 536 612 571 verae
641 522 989 588 elegantisque
1016 521 1136 587 phi·

181 591 475 658 Iosophiae,
523 604 653 653 quae
682 592 835 641 ducta
861 605 892 640 a
922 590 1134 641 Socrate

182 663 240 710 in
271 660 624 724 Peripateticis
657 659 825 709 adhuc
853 662 1134 727 permansit

180 728 416 779 ·-nnlla
443 728 550 778 fere
579 735 694 777 sunt
730 736 816 777 aut
844 743 1010 793 pauca
1042 730 1133 779 ad-

179 800 398 850 modum
409 797 592 847 Latina
612 804 954 863 monumenta,
973 797 1128 851 Tusc.

180 870 242 929 4,
272 867 324 933 3,
353 866 404 917 6.
424 892 498 903 -—
515 865 746 917 Socrates
776 868 1019 931 princeps
1039 865 1136 915 fuit

183 950 383 995 eornm,
415 935 503 997 qui
532 948 564 985 a
596 951 650 984 re
675 935 810 985 civili
829 935 987 985 animi
1009 947 1135 996 quo-

183 1005 308 1055 dam
334 1002 522 1053 iudicio
554 1002 900 1068 abhorrerent,
933 1004 1138 1054 dicendi

185 1074 601 1124 exercitationem
635 1075 952 1138 exagitarent
986 1080 1135 1136 atque

185 1149 566 1193 contemnerent
586 1148 700 1205 etc„
735 1142 798 1191 de
819 1149 944 1192 orat.
968 1140 1019 1204 3,
1050 1142 1131 1201 16,

185 1212 276 1264 59.
307 1236 380 1248 --
403 1211 646 1261 Litteram
682 1210 873 1260 nullam
905 1210 1130 1273 reliquit,

182 1282 262 1335 Ib.
285 1280 335 1342 3.
359 1278 448 1333 60.
471 1305 541 1315 -
567 1278 840 1329 Dissociati
869 1294 899 1328 a
927 1277 1132 1329 Socrate

185 1350 363 1400 diserti
395 1364 426 1397 a
455 1348 622 1398 doctis
651 1354 700 1398 et
723 1348 964 1412 deinceps
985 1362 1016 1397 a
1035 1346 1132 1397 So-

187 1418 391 1469 craticis
411 1419 533 1467 item
553 1417 810 1477 omnibus,
837 1416 1132 1481 philosophi

185 1487 530 1551 eloquentiam
565 1488 930 1552 despexerunt,
967 1493 1131 1535 orato-

184 1552 1128 1690 ⁰⁸332333225histriatis}

185 1652 258 1664 -·
1113 1660 1128 1686 2

189 1696 252 1745 de
271 1696 378 1743 inv.
409 1695 459 1757 1,
494 1694 581 1757 31,
615 1693 700 1745 51.
721 1718 790 1727 —-
817 1692 1052 1743 Socrates
1079 1693 1134 1743 in

185 1764 410 1813 Platonis
445 1762 637 1829 Gorgia
667 1761 933 1811 cavillatur
966 1767 1131 1811 orato·

186 1847 314 1897 rem,
350 1832 412 1881 de
432 1839 559 1885 orat.
581 1830 634 1889 3,
661 1830 748 1890 31,
781 1830 901 1883 122.
919 1856 991 1867 —-
1006 1830 1132 1880 Eius

188 1900 438 1952 iudicium
472 1901 536 1951 de
556 1899 794 1951 Archelai
819 1898 949 1950 falsa
971 1899 1133 1950 beati-

185 1971 363 2022 tudine
381 1970 436 2019 in
451 1969 678 2020 Platonis
692 1969 901 2035 Gorgia,
922 1969 1129 2020 Tuscul.

188 2041 346 2102 5,12,
367 2039 452 2091 34.
466 2066 536 2076 —
558 2038 689 2099 Quid
709 2040 936 2105 disputet
954 2039 1007 2087 in
1018 2039 1131 2089 Pla-

186 2109 322 2160 tonis
339 2107 628 2168 Phaedone,
659 2121 753 2172 pro
774 2106 965 2158 Scauro
993 2109 1045 2168 2,
1077 2109 1128 2160 4.

188 2203 260 2213 —
294 2175 548 2242 Socrates,
589 2177 677 2239 qui
715 2184 791 2226 est
819 2177 872 2225 ln
897 2175 1130 2227 Phaedro

189 2245 412 2297 Platonis
457 2253 578 2307 etc„
611 2246 674 2295 de
707 2251 833 2295 orat.
868 2245 918 2304 l,
955 2248 1005 2306 7,
1043 2244 1129 2296 28.

190 2340 259 2351 -
295 2316 354 2364 In
391 2313 622 2364 Phaedro
659 2313 920 2379 sophistas
973 2313 1130 2376 λογο-

191 2375 503 2440 ὃαιὸαέλους
522 2382 763 2448 appellat,
787 2387 914 2431 orat.
940 2381 1022 2446 12,
1041 2380 1127 2433 39.

188 2474 257 2486 -
284 2452 555 2502 In·eodem
583 2452 788 2516 dialogo
821 2449 996 2499 laudat
1024 2450 1130 2500 Iso·

191 2526 396 2582 cratem,
431 2521 509 2572 Ib.
546 2520 630 2581 13,
668 2521 756 2572 41.
787 2544 860 2555 —
895 2516 1131 2568 Socrates

191 2590 329 2655 apud
368 2589 630 2640 Platonem
678 2588 776 2637 sibi
819 2601 926 2636 rem
979 2586 1127 2650 publ.

188 2659 299 2723 ipse
315 2657 480 2718 fluxit,
512 2659 576 2707 de
594 2674 637 2707 r.
658 2670 710 2721 p.
731 2659 780 2720 2,
816 2655 866 2720 1,
894 2654 945 2706 3.
979 2655 1056 2704 Ib.
1078 2655 1130 2718 2,

190 2726 274 2792 11,
307 2728 392 2780 22.
430 2727 506 2776 lb.
539 2727 590 2786 2,
619 2725 706 2786 29,
739 2724 824 2777 51.
861 2725 934 2773 Ib.
955 2723 1008 2782 2,
1043 2720 1130 2783 30,

191 2794 275 2847 52.
292 2819 366 2830 —
392 2792 626 2844 Socrates
653 2795 707 2842 in
739 2792 966 2841 Platonis
993 2791 1130 2840 Poli-

189 2865 278 2928 tia,
309 2863 373 2912 de
395 2863 554 2914 divin.
579 2863 626 2919 1,
649 2859 735 2920 29,
759 2858 844 2911 60.
864 2886 935 2896 -
953 2857 1131 2911 Socra-

191 2940 268 2981 tes
286 2944 402 2979 cum
422 2929 680 2980 Critobulo
710 2929 932 2992 loquitur
955 2930 1008 2978 in
1027 2929 1130 2980 Xe-

191 2999 467 3064 nophontis
503 2998 832 3049 Oeconomico
849 3035 862 3058 ,
910 2999 973 3050 de
1017 3015 1128 3049 sen.

193 3069 275 3136 17,
297 3068 380 3121 59.
397 3095 468 3106 -
486 3065 719 3118 Socrates
739 3083 913 3118 scurra
931 3069 1130 3119 Atticus

1273 454 1341 503 72
1361 461 1411 502 et
1428 453 1513 505 73.
1536 478 1608 487 -
1622 453 1809 503 Eorum
1828 454 1973 515 quasi
1990 453 2217 505 familiae

1275 522 1631 572 dissentientes
1670 522 1803 571 inter
1836 537 1892 570 se
1926 530 1974 571 et
2001 523 2215 573 multum

1275 590 1580 650 disiunctae,
1613 591 1687 643 lb.
1708 589 1761 650 3,
1795 589 1882 653 16,
1911 590 1997 641 61.
2020 618 2090 628 -
2110 591 2214 641 Ma-

1274 667 1395 709 nent
1430 660 1483 710 in
1521 662 1844 722 antiquorum
1886 656 2219 727 philosopho-

1275 743 1386 778 rum
1420 730 1673 779 sententia
1700 728 1763 779 de
1782 729 2112 793 divinatione,
2155 729 2218 778 de

1278 798 1440 849 divin.
1480 799 1529 856 1,
1568 796 1619 859 3,
1660 798 1712 849 5.
1744 825 1813 833 ——
1848 796 2219 847 Socraticorum

1276 867 1413 928 libri,
1443 866 1603 919 Acad.
1626 873 1759 930 post.
1784 866 1832 926 1,
1857 868 1909 927 4,
1934 866 2015 917 16.
2038 892 2108 901 —-
2128 865 2219 916 Ur-

1274 936 1425 984 banis
1451 941 1499 984 et
1518 935 1696 985 facetis
1716 936 1865 985 dictis
1882 934 2218 1002 philosopho-

1274 1018 1386 1053 rum
1445 1002 1821 1055 Socraticorum
1874 1004 1990 1054 libri
2043 1004 2218 1054 referti

1276 1080 1408 1131 sunt,
1428 1073 1493 1123 de
1515 1072 1599 1122 off.
1625 1072 1673 1135 1,
1696 1071 1781 1137 29,
1808 1072 1926 1124 104.
1946 1100 2018 1109 -
2036 1072 2218 1123 Socra-

1276 1143 1364 1191 tici
1406 1142 1459 1191 in
1496 1144 1745 1192 sermonis
1785 1141 1960 1208 lepore
1993 1144 2219 1193 maxime

1274 1210 1546 1272 excellunt,
1577 1211 1652 1265 Ib.
1685 1212 1733 1277 1,
1766 1208 1853 1275 37,
1886 1210 2004 1263 134.
2025 1238 2095 1249 --
2116 1212 2218 1261 Eos

1274 1280 1452 1345 legunt
1489 1292 1681 1344 omnes,
1722 1281 1873 1328 etiam
1909 1282 1997 1343 qui
2038 1295 2215 1330 eorum

1272 1349 1556 1399 doctrinam
1590 1362 1693 1398 non
1731 1349 1969 1411 probant,
2005 1347 2217 1400 Tuscul.

1273 1418 1323 1480 2,
1361 1416 1410 1476 3,
1450 1416 1501 1467 8.
1540 1442 1612 1453 —-
1648 1414 1901 1466 Socratici
1936 1430 2218 1477 sermones,

1274 1486 1337 1535 de
1357 1486 1487 1538 or'at.
1510 1482 1563 1548 3,
1597 1482 1681 1546 18,
1711 1484 1799 1535 67.
1821 1512 1890 1521 —
1916 1482 2151 1535 Socrates
2167 1492 2220 1535 et

1274 1551 1522 1603 Socratici
1556 1553 1674 1616 viri,
1715 1552 1783 1602 ad
1809 1555 1911 1602 Att.
1954 1553 2035 1614 14,
2072 1553 2125 1613 9,
2166 1554 2215 1604 1.

1274 1622 1338 1672 de
1356 1623 1459 1672 inv.
1488 1623 1537 1681 1,
1570 1619 1657 1682 35,
1688 1620 1775 1673 61.

1203 1688 1325 1741 Sol.
1378 1689 1468 1741 Sol
1499 1689 1635 1740 unde
1660 1690 1845 1751 dictus,
1884 1692 1950 1739 de
1985 1706 2035 1743 n.
2074 1691 2124 1741 d.
2163 1694 2215 1749 2,

1272 1760 1358 1825 27,
1394 1758 1479 1813 68,
1512 1786 1584 1796 -·
1618 1758 1708 1809 801
1738 1761 1881 1820 deus,
1914 1775 2029 1810 eum
2056 1758 2217 1825 Apol-

1272 1829 1429 1879 linem
1458 1828 1636 1879 Graeci
1663 1835 1873 1893 putant,
1921 1829 1995 1879 lb.
2034 1828 2096 1889 3,
2128 1829 2215 1888 20,

1273 1898 1359 1951 51.
1398 1922 1471 1936 ——
1510 1896 1625 1962 Sol,
1662 1904 1809 1962 pater
1843 1896 2040 1959 Circes,
2076 1896 2218 1948 Pasi-

1273 1967 1463 2033 phaes,
1500 1969 1718 2029 Aeetae,
1757 1982 1883 2019 avus
1916 1964 2133 2017 Medeae
2169 1975 2219 2017 et

1272 2035 1511 2101 Absyrti,
1564 2038 1640 2090 1b.
1678 2035 1738 2096 3,
1779 2036 1865 2098 19,
1901 2033 1989 2091 48.
2021 2061 2091 2072 -
2126 2033 2219 2085 Sol

1273 2107 1326 2155 in
1381 2120 1583 2156 currum
1636 2105 1798 2156 filium
1850 2103 2217 2155 Phaethontem

1272 2174 1497 2238 sustulit,
1527 2176 1601 2226 Ib.
1622 2173 1675 2236 3,
1712 2173 1800 2236 31,
1838 2174 1923 2225 76.
1951 2197 2025 2213 -
2051 2173 2141 2224 Sol
2168 2183 2219 2224 et

1270 2242 1553 2307 Phaethon,
1592 2246 1656 2296 de
1683 2243 1770 2297 off.
1810 2243 1862 2309 3,
1900 2243 1986 2304 25,
2023 2241 2109 2297 94.
2145 2271 2216 2282 -

1275 2309 1363 2362 Sol
1401 2314 1643 2379 princeps
1680 2320 1729 2363 et
1755 2313 2041 2364 moderator
2062 2311 2217 2362 lumi-

1275 2397 1393 2430 num
1422 2381 1754 2448 reliquorum,
1783 2395 1929 2432 mens
1953 2381 2134 2431 mundi
2168 2388 2218 2430 et

1272 2451 1587 2514 temperatio,
1617 2451 1681 2500 de
1703 2466 1746 2504 r.
1767 2464 1818 2515 p.
1840 2448 1890 2508 6,
1918 2449 2001 2512 17,
2031 2449 2116 2502 17.
2147 2475 2217 2485 --

1273 2517 1412 2568 Solis
1448 2519 1837 2577 circumvectio,
1891 2516 2019 2568 T'rm.
2058 2517 2109 2568 9.
2148 2543 2218 2556 -

1271 2587 1393 2636 Eius
1418 2601 1614 2647 cursus,
1648 2587 1713 2638 de
1738 2602 1789 2636 n.
1811 2587 1861 2640 d.
1888 2587 1939 2644 2,
1972 2587 2059 2648 40,
2094 2585 2214 2640 102.

1272 2682 1342 2692 —-
1365 2653 1499 2706 Solis
1528 2657 1888 2721 proprietates,
1922 2654 2050 2705 Tim.
2074 2653 2125 2706 9.
2146 2681 2218 2694 -ο

1275 2723 1420 2774 Soles
1442 2725 1590 2775 multi
1610 2740 1643 2774 a
1664 2725 1920 2790 theologis
1944 2724 2217 2791 proferun-

1271 2802 1372 2856 tur,
1412 2793 1476 2844 de
1513 2808 1563 2847 n.
1601 2795 1651 2844 d.
1691 2792 1743 2855 3,
1780 2793 1869 2855 21,
1909 2793 1995 2846 54.

1200 2859 1502 2914 Solentini.
1568 2865 1633 2915 V.
1673 2859 1973 2914 Soluntini.

1201 2929 1347 2997 Soli,
1385 2934 1507 2984 urbs
1546 2931 1771 2992 Ciliciae,
1808 2933 1897 2981 ubi
1922 2930 2217 2980 Alexander

1271 3002 1574 3066 deposuisse
1602 3003 1874 3068 pecuniam
1906 2999 2117 3061 dicitur,
2152 2999 2215 3048 de

1269 3069 1372 3135 leg.
1414 3073 1463 3135 2,
1505 3070 1588 3133 16,
1624 3070 1711 3122 41.

197 3138 356 3189 dictus
375 3152 403 3186 a
423 3137 620 3188 Zenone
639 3138 897 3204 Epicurio,
920 3139 984 3188 de
1006 3152 1055 3192 n.
1075 3139 1127 3190 d.
1200 3136 1395 3202 Solon,
1429 3138 1774 3199 AtheniensiS,
1809 3137 1899 3200 qui
1930 3145 1979 3186 et
2011 3136 2215 3200 sapien-

193 3206 275 3270 34,
303 3205 388 3257 93.
419 3207 625 3258 Tuscul.
647 3209 700 3268 5,
729 3207 780 3268 9,
801 3207 885 3258 26.
918 3208 980 3256 (10
1000 3223 1050 3255 u.
1074 3207 1126 3259 d.

196 3277 243 3335 1,
260 3279 307 3335 2,
327 3275 379 3337 6,
407 3275 489 3328 18.
510 3277 588 3330 11).
605 3277 653 3340 3,
677 3276 760 3338 11,
785 3276 870 3326 26.
893 3277 958 3326 (10
978 3273 1128 3335 01123,

196 3343 276 3404 19,
296 3347 378 3396 77.
403 3343 586 3410 fragm.
611 3359 665 3412 p.
689 3345 809 3397 266.
839 3345 911 3397 lb.
933 3359 985 3409 p.
1006 3342 1126 3394 285.

129 3409 410 3466 Socratica
433 3411 580 3464 ratio
605 3422 779 3464 contra
793 3412 1000 3463 alterius
1015 3411 1128 3475 opi-

195 3482 394 3532 nionem
413 3483 718 3549 disserendi,
744 3481 894 3534 Tusc.
918 3482 966 3546 1,
998 3481 1048 3547 4,
1071 3477 1124 3535 8,

1270 3208 1497 3256 tissimus
1528 3207 1627 3255 fuit
1658 3221 1722 3256 ex
1748 3211 1943 3271 septem
1969 3211 2019 3254 et
2043 3204 2215 3269 legum

1270 3277 1490 3338 scriptor
1532 3274 1674 3324 solus
1718 3290 1781 3324 ex
1832 3280 2055 3339 septem,
2106 3287 2217 3321 rem

1269 3341 1531 3408 publicam
1558 3344 1754 3394 duabus
1785 3343 1938 3394 rebus
1968 3341 2213 3393 contineri

1270 3412 1417 3478 dixit,
1456 3414 1685 3477 praemio
1723 3421 1772 3463 et
1800 3427 1989 3478 poena,
2024 3425 2103 3476 ep.
2145 3409 2212 3458 ad

1268 3480 1410 3535 Brut.
1438 3481 1490 3548 1,
1533 3482 1615 3534 15.
1653 3507 1718 3520 —
1752 3481 1936 3584 Qpinio
1964 3489 2039 3532 est
2062 3477 2211 3531 Solo-
