2500 3850
862 201 1187 251 ouMANus
1218 201 1290 235 —-·
1319 189 1411 250 M’.
1449 203 1714 252 comus

303 371 533 422 manum,
556 358 681 407 villa
702 355 961 408 Ciceronis
976 397 989 418 ,
1014 360 1079 408 ad
1099 357 1157 417 Q.
1182 359 1245 410 fr.

303 427 352 484 2,
379 427 443 476 12
462 426 617 492 (14),
642 427 689 476 1.
726 429 792 477 ad
815 427 937 476 fam.
965 427 1055 488 16,
1081 429 1163 486 10,
1195 429 1242 481 1.

300 495 374 543 Ib.
397 494 481 559 12,
503 496 589 557 20.
610 525 677 532 -
696 495 926 561 Pompeii
947 496 1068 546 villa
1088 511 1248 562 prope

304 563 518 627 Cumas,
544 566 613 616 ad
631 565 739 615 Att.
761 568 811 625 4,
840 563 921 629 10,
943 568 993 618 2.

238 631 517 753 Οιέῐιιαῐιιιε
541 651 693 702 ager,
732 635 795 684 de
813 635 928 700 lege
948 650 1057 702 ag-r.
1082 636 1133 697 2,
1158 636 1244 698 25,

239 769 557 838 Cupidines.
593 771 781 824 Audax
800 774 1069 824 consilium
1092 774 1245 824 Grae-

305 843 381 890 cia
411 843 665 906 suscepit,
695 843 833 905 quod
864 842 1167 909 Cupidinum
1199 851 1247 893 et

303 913 548 961 Amorum
572 911 846 964 simulacra
875 913 928 961 in
964 915 1247 980 gymnasiis

306 981 649 1051 consecravit,
701 981 765 1031 de
804 982 907 1047 leg.
953 983 1015 1031 11.
1061 982 1242 1048 fragm.

241 1116 454 1185 Cupido
475 1119 629 1181 deuS,
653 1119 715 1169 de
736 1134 787 1168 n.
810 1120 862 1170 d.
883 1121 939 1179 2,
961 1121 1045 1182 23,
1070 1121 1154 1174 61.
1174 1148 1238 1158 -

306 1187 499 1253 Cupido
521 1189 717 1254 primus
744 1189 991 1240 Mercurio
1014 1199 1061 1240 et
1080 1190 1245 1250 Diana

304 1259 467 1322 prima
513 1267 661 1307 natus
718 1258 930 1322 dicitur,
992 1261 1245 1310 secundus

304 1327 552 1393 Mercurio
575 1334 623 1377 et
642 1328 839 1378 Venere
860 1331 1087 1380 secunda
1102 1366 1115 1389 ‚
1144 1337 1244 1378 ter-

304 1398 430 1458 tius,
454 1398 695 1462 quiidem
715 1404 792 1446 est
813 1399 1027 1449 Anteros
1044 1435 1059 1462 ‚
1088 1399 1245 1447 Marte

302 1474 351 1515 et
372 1467 571 1516 Venere
588 1468 764 1530 tertia,
794 1468 869 1516 Ib.
894 1466 944 1529 3,
965 1468 1050 1528 23,
1071 1466 1154 1520 60.
1179 1493 1247 1504 --

306 1533 501 1601 Cupido
530 1535 813 1600 secundus,
842 1545 991 1586 natus
1020 1553 1086 1586 ex
1116 1539 1247 1586 Mer-

306 1606 448 1656 curio
470 1613 519 1655 et
542 1606 744 1655 Venere
761 1607 955 1671 prima,
979 1607 1055 1661 Ib.
1077 1605 1135 1668 3,
1160 1605 1247 1669 23,

306 1673 390 1728 59.
431 1702 498 1710 -
539 1672 734 1740 Cupido
767 1675 1008 1740 pinnatus
1044 1676 1247 1740 genitus

308 1759 373 1794 ex
390 1743 557 1794 Diana
574 1746 739 1808 prima
753 1781 768 1806 ,
789 1745 863 1796 Ib.
886 1743 937 1806 3,
966 1743 1051 1807 23,
1072 1744 1157 1794 58.
1181 1771 1249 1780 --

308 1813 507 1879 Cupido
528 1821 800 1879 argenteus
839 1829 955 1863 cum
991 1813 1248 1878 lampade,

305 1883 452 1933 Verr.
482 1891 701 1937 accusat.
730 1884 792 1947 2,
814 1884 901 1945 47,
927 1883 1043 1935 115.
1064 1909 1132 1918 -
1153 1881 1248 1933 Cu-

304 1954 496 2018 pidinis
522 1955 727 2020 signum
760 1968 1101 2006 marmoreum
1126 1952 1249 2002 Pra-

305 2022 451 2072 xiteli
485 2038 639 2073 manu
660 2023 853 2073 factum
880 2031 931 2073 et
963 2023 1067 2073 alia
1100 2023 1249 2088 signa

308 2109 371 2143 ex
424 2093 539 2141 Heii
586 2094 875 2143 Mamertini
937 2094 1161 2143 sacrario
1220 2107 1249 2140 a

304 2163 463 2213 Verre
513 2161 710 2224 ablata,
747 2162 893 2212 Verr.
934 2169 1150 2213 accusat.
1196 2163 1249 2221 4,

306 2233 356 2296 2,
375 2233 427 2285 4.
464 2232 541 2282 Ib.
563 2234 625 2293 4,
644 2229 732 2296 60,
755 2229 874 2281 135.
896 2260 965 2271 -—
986 2230 1177 2282 Veneri
1204 2238 1251 2279 et

309 2300 553 2366 Cupidini
568 2307 687 2353 vota
714 2301 901 2351 debere
921 2301 1106 2363 dicitur
1123 2300 1252 2349 Ver-

304 2386 414 2429 res,
436 2370 511 2420 Ib.
532 2372 584 2432 4,
606 2370 691 2434 55,
718 2368 839 2421 123.

242 2437 303 2491 C.
331 2474 339 2489 .
360 2436 726 2505 Cupiennius.
796 2439 973 2490 Cicero
1018 2440 1084 2489 ad
1134 2454 1249 2489 eum

308 2509 514 2574 scripsit
538 2510 601 2559 de
619 2523 773 2559 causa
793 2508 1055 2561 Buthrotia
1073 2509 1139 2558 ab
1159 2511 1252 2558 At-

307 2580 405 2628 tico
428 2586 695 2643 suscepta,
720 2579 787 2629 ad
808 2579 913 2632 Att.
940 2577 1023 2638 16,
1043 2578 1124 2630 16.
1149 2577 1213 2627 D.

244 2661 449 2728 Cures,
481 2664 783 2724 Sabinorum
813 2671 993 2729 caput,
1028 2663 1094 2713 ad
1126 2664 1248 2715 fam.

310 2734 402 2793 15,
434 2732 533 2799 20,
568 2734 613 2783 1.
634 2760 707 2773 -·
724 2734 889 2784 Numa
908 2733 1127 2783 Curibus
1149 2734 1250 2782 Ro—

310 2818 444 2853 mam
464 2805 657 2855 accitus
672 2840 686 2865 ,
708 2804 772 2854 de
791 2820 833 2853 r.
856 2818 909 2868 p.
932 2806 985 2863 2,
1008 2802 1092 2864 13,
1115 2803 1199 2852 25.

245 2883 447 2951 Curia,
484 2887 704 2937 feminae
732 2902 914 2939 nomen
944 2886 1144 2945 fictum,
1184 2885 1249 2935 ad

309 2956 427 3008 Her.
452 2958 505 3022 4,
526 2958 609 3015 21,
630 2957 719 3010 29.

249 3022 491 3075 Curiana
510 3026 742 3076 defensio
762 3033 937 3076 contra
954 3023 1249 3075 Scaevolam

313 3102 416 3144 tota
434 3094 736 3146 redundavit
753 3096 1009 3145 hilaritate
1030 3093 1251 3157 quadam

314 3170 363 3213 et
386 3164 527 3225 ioco,
562 3165 626 3215 de
657 3173 783 3215 orat.
816 3166 879 3225 2,
908 3164 1007 3227 54,
1037 3163 1159 3217 221.
1186 3190 1253 3199 -

312 3231 530 3284 Curiana
546 3249 725 3295 causa,
742 3236 901 3301 topic.
925 3233 1008 3298 10,
1029 3234 1115 3287 44.

251 3316 490 3371 Curiana
516 3317 759 3382 πτῶσις,
778 3320 847 3371 ad
864 3320 966 3369 Att.
989 3320 1040 3384 2,
1064 3319 1147 3380 17,
1171 3320 1221 3370 2.

252 3400 492 3455 Curiana
509 3405 701 3455 villain
724 3404 929 3456 Sabinis
943 3440 959 3469 ,
978 3418 1139 3469 parva
1156 3440 1171 3466 ,
1191 3404 1258 3453 de

312 3471 414 3539 leg.
441 3476 493 3537 2,
523 3474 571 3536 1,
587 3473 639 3525 3.

2211 197 2329 257 117

1325 355 1566 408 Curiatii
1586 359 1774 410 Albani
1793 361 1975 413 fratres
1996 371 2097 414 tres
2111 402 2126 424 ,
2149 366 2211 414 ab
2230 365 2332 414 Ho-

1389 428 1804 548 rzgiingomanis
1837 433 2018 494 occisi,
2053 434 2114 483 de
2143 434 2243 483 inv.
2276 436 2326 496 2,

1389 499 1420 547 2
1462 533 1476 557 ,
1503 499 1533 547 7
1575 531 1588 544 .

1321 564 1384 615 C.
1412 563 1701 618 Curiatius
1722 569 1952 620 tribunus
1969 572 2152 636 plebis,
2175 571 2328 620 homo

1391 637 1612 684 omnium
1634 637 1836 688 infimus
1858 645 1906 688 et
1926 641 2328 700 sordidissimuS,

1385 703 1446 753 D.
1472 705 1684 756 Brutum
1705 715 1753 756 et
1779 707 1835 760 P.
1870 707 2159 772 Scipionem
2183 709 2330 758 Nasi-

1388 789 1528 837 cam,
1560 776 1796 826 consules
1829 777 1900 838 (a.
1922 794 1972 828 u.
2005 794 2052 831 c.
2078 775 2254 842 616.)‚
2275 779 2332 828 in

1391 843 1596 894 vincula
1615 846 1856 905 coniecit,
1880 847 1944 896 de
1966 846 2064 914 leg.
2088 845 2142 907 3,
2167 846 2218 908 9,
2241 845 2325 896 20.

1317 909 1380 960 L.
1418 910 1714 979 Curidius,
1745 917 1890 965 testis
1923 917 1975 965 in
2009 916 2062 971 C.
2097 917 2326 976 Verrem,

1386 983 1527 1034 Verr.
1550 991 1771 1038 accusat.
1797 987 1848 1044 4,
1869 986 1954 1046 20,
1977 985 2064 1037 44.

1320 1047 1505 1117 Curii,
1525 1053 1759 1116 Fabricii,
1784 1053 1980 1104 Camilli
1998 1054 2126 1104 haec
2149 1071 2214 1104 ex
2233 1052 2328 1103 mi—

1387 1122 1716 1242 nimis9tanta
1754 1123 2010 1185 fecerunt,
2053 1140 2146 1189 pro
2187 1123 2324 1174 Cael.

1392 1191 1472 1252 17,
1495 1191 1528 1244 3
1570 1233 1581 1244 .

1322 1257 1515 1310 Curio.
1549 1262 1614 1314 V.
1639 1259 1966 1312 Scribonius
1993 1259 2186 1311 Curio.

1322 1327 1543 1379 Curius.
1585 1329 1827 1380 Cohortes
1857 1345 1974 1391 sex,
2010 1345 2139 1392 quae
2164 1328 2326 1378 Albae

1389 1397 1628 1466 fuerant,
1651 1399 1718 1448 ad
1752 1399 1959 1447 Curium
1988 1401 2075 1446 via
2103 1397 2328 1446 Minucia

1387 1467 1632 1516 transisse
1663 1467 1900 1516 dicuntur
1928 1482 1974 1515 a.
2010 1482 2063 1516 u.
2101 1482 2145 1514 c.
2183 1463 2323 1527 705„

1389 1536 1456 1587 ad
1489 1535 1597 1588 Att.
1629 1533 1690 1596 9,
1714 1533 1766 1596 6,
1793 1537 1841 1590 1.
1880 1537 2120 1598 Idemque
2142 1541 2217 1583 est
2241 1533 2327 1595 qui

1387 1604 1573 1654 Vibius
1594 1605 1803 1662 dicitur,
1827 1605 1896 1655 ad
1913 1605 2019 1658 Att.
2044 1608 2096 1665 2,
2118 1603 2202 1668 20,
2223 1601 2275 1655 6.

1320 1673 1381 1724 C.
1415 1669 1636 1724 Curius.
1672 1676 1737 1726 V.
1763 1672 1824 1723 C.
1854 1671 2104 1753 Gentius.

1322 1742 1385 1792 C.
1411 1739 1613 1794 Curius
1643 1741 1729 1806 (C.
1756 1740 2054 1810 Curtlus2)
2071 1780 2086 1808 ,
2118 1743 2328 1808 propin-

1390 1827 1520 1874 quus
1559 1811 1614 1862 C.
1650 1811 1846 1864 Rabirii
1885 1814 1935 1861 in
1973 1812 2211 1862 tabularii
2253 1813 2329 1859 in-

1390 1881 1533 1932 censi
1553 1880 1778 1933 crimine
1815 1882 2006 1933 iudicio
2046 1881 2328 1932 clarissimo

1389 1966 1481 2016 pro
1513 1952 1698 2001 virtute
1738 1966 1832 2001 sua
1867 1959 1944 2002 est
1973 1950 2330 2001 honestissime

1389 2021 1632 2071 liberatus
1649 2058 1662 2081 ,
1715 2036 1810 2087 pro
1855 2021 1914 2073 C.
1955 2019 2130 2072 Rabir.
2179 2019 2325 2085 perd.

1392 2090 1442 2153 3,
1464 2090 1514 2137 7.

1323 2156 1418 2209 Μ’.
1445 2154 1650 2208 Curius
1670 2156 1949 2208 Dentatus
1964 2194 1978 2222 ,
1999 2172 2092 2223 pro
2116 2156 2258 2207 Sulla
2277 2158 2328 2216 7,

1391 2226 1476 2279 23.
1497 2254 1564 2263 ——-
1591 2224 1751 2277 Homo
1781 2240 1972 2288 novuS,
2004 2242 2096 2291 pro
2121 2226 2248 2278 Mur.
2277 2224 2327 2285 8,

1394 2296 1479 2349 17.
1506 2322 1574 2331 —
1608 2294 1694 2349 Μ’.
1733 2295 1942 2355 Cutina,
1972 2295 2206 2343 tribunus
2233 2293 2329 2359 pl.‚

1393 2366 1648 2427 interrege
1699 2364 1872 2427 Appio
1917 2362 2078 2411 Caeco
2126 2364 2334 2411 comitia

1392 2439 1564 2483 contra
1600 2432 1740 2495 leges
1789 2430 2032 2489 habente,
2072 2445 2226 2491 quum
2268 2432 2332 2480 de

1390 2502 1542 2568 plebe
1583 2498 1846 2549 consulem
1884 2513 1986 2548 non
2028 2500 2330 2563 accipiebat,

1392 2578 1565 2637 patres
1596 2576 1713 2619 ante
1744 2575 1976 2620 auctores
2005 2568 2114 2617 fieri
2143 2569 2330 2633 coegit,

1392 2641 1529 2705 quod
1565 2638 1662 2691 fuit
1701 2653 2067 2705 permagnum,
2109 2638 2333 2688 nondum

1391 2710 1506 2777 lege
1526 2708 1726 2759 Maenia
1745 2708 1868 2771 lata,
1887 2709 2025 2764 Brut.
2047 2708 2132 2771 14,
2155 2708 2242 2759 55.
2267 2733 2334 2741 —-

1393 2782 1482 2831 Μ’.
1505 2778 1684 2829 Curius
1715 2777 1915 2829 vixerat
1945 2794 2059 2829 cum
2079 2778 2136 2832 P.
2156 2777 2331 2836 Deci0,

1395 2851 1483 2913 qui
1507 2850 1850 2913 quinquennio
1873 2856 1989 2899 ante
2017 2864 2132 2898 eum
2153 2861 2335 2897 consu-

1396 2920 1497 2969 lem
1516 2934 1564 2969 a.
1587 2934 1636 2969 u.
1659 2935 1703 2969 c.
1723 2918 1844 2971 464.
1868 2934 1924 2969 se
1942 2934 2033 2983 pro
2053 2934 2108 2967 re
2126 2915 2336 2981 publica

1395 2997 1574 3053 quarto
1601 2988 1868 3039 consulatu
1888 3004 1936 3038 a.
1958 3004 2010 3042 u.
2034 3002 2076 3035 c.
2101 2984 2222 3037 459.
2249 2984 2337 3035 de-

1396 3065 1634 3121 voverat,
1671 3058 1736 3107 de
1763 3072 1870 3109 sen.
1903 3055 2000 3117 13,
2029 3054 2116 3105 43.
2147 3079 2216 3090 —
2243 3051 2336 3102 Sa-

1395 3130 1630 3179 mnitium
1650 3127 1830 3191 copiae
1850 3126 1896 3173 ei
1922 3138 2023 3173 non
2045 3122 2334 3174 defuerunt.
2389 3147 2391 3149 -
2486 3178 2487 3191 ἵ

1395 3198 1520 3249 Eius
1569 3196 1724 3246 etiam
1772 3189 1943 3244 focum
1985 3192 2136 3252 Cato,
2179 3204 2338 3253 quum

1395 3272 1604 3317 venerat
1624 3264 1692 3313 ad
1723 3277 1780 3313 se
1816 3264 1869 3311 in
1895 3260 2142 3321 Sabinos,
2170 3260 2340 3309 visere

1395 3334 1620 3395 solebat,
1641 3332 1706 3382 de
1725 3345 1768 3380 r.
1791 3346 1848 3397 p.
1875 3330 1926 3392 3,
1947 3330 2036 3392 28,
2057 3328 2144 3379 40.
2165 3354 2235 3365 -
2251 3328 2337 3376 Μ’.

1397 3403 1538 3454 Curii
1565 3413 1872 3466 responsum
1907 3398 2219 3451 Samnitibus
2251 3396 2340 3445 da-

1397 3481 1504 3522 tum
1519 3509 1534 3535 ,
1556 3471 1754 3546 desen.
1768 3470 1864 3540 ⁴1-6,
1883 3470 1972 3539 55ιζ
1989 3496 2055 3505 -
2074 3467 2121 3519 Α
2145 3465 2266 3519 villa
2289 3464 2345 3511 in
