2500 3850
231 165 362 247 368
889 173 1178 223 snmus
1209 195 1294 207 —
1316 172 1661 223 marmus,

308 333 494 397 Magni.
534 330 772 395 Sappho,
811 329 1084 380 Silanionis
1116 344 1247 395 opus
1388 334 1549 377 torum
1582 328 1777 377 dierum
1804 328 2222 378 deliberationem
2254 344 2341 379 re-

305 400 609 466 psi-fectum,
652 400 886 465 elegans,
935 398 1245 447 elaboratum
1384 397 1615 461 spondit,
1652 412 1752 459 quo
1790 396 1982 445 diutius
2024 398 2341 458 consideret,

301 486 334 533 ρ
369 470 597 534 prytanio
637 467 952 534 Syracusano
991 466 1245 517 sublatum
1385 472 1522 516 tanto
1544 464 1766 515 sibirem
1788 464 1949 516 videri
1966 464 2339 531 obscuriorem,

305 554 335 587 a
361 538 412 587 C.
439 540 622 597 Verre,
647 540 794 587 Vcrr.
823 545 1038 586 accusat.
1061 537 1094 584 4
1111 572 1124 595 ‚
1156 536 1242 595 57,
1386 534 1449 583 de
1466 549 1519 585 n.
1548 534 1599 583 d.
1629 534 1676 593 1,
1698 534 1783 594 22,
1802 532 1889 585 60.
1910 562 1976 571 -
1999 534 2203 584 Eximia
2223 536 2340 585 eius

308 609 428 659 125,
1383 603 1654 667 memoria,
1690 601 1896 652 Tuscul.
1926 602 1983 664 t,
2014 602 2112 666 24,
2146 602 2237 655 59.
2267 630 2330 640 -

230 672 481 727 Silanus.
524 678 586 725 V.
615 676 666 723 in
689 671 880 725 Iuniis.
1384 671 1511 721 Eum
1529 672 1748 736 primum
1765 670 1933 721 ferunt
1953 679 2112 722 artem
2134 686 2337 722 memo-

227 740 493 807 silenus,
527 742 713 793 Bacchi
745 756 928 793 comes.
950 768 1020 777 —-
1053 738 1244 789 Fabula
1382 741 1489 789 riae
1525 739 1824 805 protulisse,
1867 741 1931 791 de
1971 748 2100 793 orat..
2137 743 2201 805 2,
2240 740 2333 801 86,

301 814 366 864 de
386 812 763 864 SilenoaMida
781 818 959 876 capto,
981 826 1130 873 quem
1152 810 1241 858 do·
1384 807 1499 861 351.
1540 806 1610 858 cf.
1633 810 1699 857 ib.
1722 811 1783 875 2,
1802 807 1899 870 87,
1921 808 2040 860 357.
2066 834 2134 846 -
2158 808 2335 859 Simo-

301 890 380 931 cet
399 883 522 947 quid
541 882 607 930 sit
632 883 878 946 optimum
900 878 1118 938 homini,
1140 877 1242 927 Tu·
1382 878 1529 927 uides
1565 845 1899 928 Themistocli
1932 886 2090 928 artem
2134 892 2331 928 memo-

301 951 510 1010 scul.l,
543 949 639 1009 48,
670 943 1102 999 114.-Sile11(1s
1133 948 1243 1011 regi
1382 948 1489 995 riae
1524 944 1810 1009 pollicitae,
1848 949 1982 1011 quod
2020 950 2333 1011 responsum

303 1020 468 1068 Midae
498 1018 817 1075 vaticinatur,
843 1018 1023 1081 fragm.
1047 1031 1099 1080 p.
1120 1017 1238 1067 291.
1384 1013 1573 1077 tulerit,
1594 1016 1658 1065 de
1677 1014 1763 1063 fin.
1784 1016 1834 1076 2,
1860 1012 1946 1080 32,
1971 1014 2087 1065 104.
2111 1041 2181 1053 —-
2205 1015 2332 1065 Eius

229 1084 458 1137 Silenus
495 1085 784 1136 Calatianus
814 1087 1035 1135 incertae
1061 1084 1240 1134 aetatis
1384 1085 1697 1149 epigramma
1762 1082 1814 1133 iu
1871 1083 2326 1145 LacedaemonioS,

297 1155 572 1204 historicus
601 1154 804 1217 scripsit
827 1155 890 1203 de
914 1154 1064 1203 rebus
1092 1152 1238 1203 Sicu·
1380 1154 1467 1215 qui
1488 1152 1840 1218 Thermopylis
1873 1150 2197 1213 occiderunt,
2228 1152 2328 1202 Tu-

297 1224 380 1273 lis.
414 1224 540 1274 Eum
561 1225 790 1285 sequitur
809 1218 1010 1272 Caelius
1027 1222 1236 1286 Antipae
1380 1221 1509 1275 scul.
1528 1222 1576 1287 1,
1591 1224 1676 1283 42,
1702 1222 1888 1272 101.-
1898 1223 2133 1289 Ignotum
2150 1238 2330 1286 quem-

297 1302 338 1341 t
331 1307 400 1341 rt
440 1294 549 1343 eius
590 1292 812 1343 narratio
849 1292 914 1341 de
940 1290 1240 1341 Hannibalis
1382 1290 1499 1339 dam
1520 1299 1773 1351 mortuum
1793 1291 1974 1356 sepelit
1998 1300 2047 1341 et
2064 1292 2129 1340 ab
2150 1305 2209 1341 eo
2233 1306 2328 1357 per

297 1362 527 1422 somnio,
549 1361 614 1411 de
639 1362 797 1412 divin.
823 1362 868 1424 l,
892 1362 977 1421 24,
1003 1360 1087 1411 49.
1382 1360 1599 1421 quietem
1620 1369 1877 1421 monetur,
1899 1373 1963 1409 ne
1984 1362 2220 1427 naviget,
2260 1360 2325 1411 de
2492 1414 2494 1427 ἑ

225 1431 292 1481 Α.
317 1428 522 1495 Silius,
544 1430 732 1481 adAtt.
760 1428 840 1493 10,
853 1396 1023 1490 ’,13,3.
1054 1429 1129 1482 lb.
1156 1428 1237 1487 12,
1381 1428 1541 1477 divin.
1568 1427 1615 1489 1,
1635 1430 1717 1485 27,
1742 1427 1828 1481 56.
1859 1396 1931 1481 11).
1961 1432 2011 1493 2,
2037 1429 2122 1489 75,
2147 1429 2266 1480 134.
2402 1426 2406 1431 ’

300 1501 431 1552 1821.
456 1500 506 1549 2.
550 1502 620 1549 11).
649 1498 730 1563 12,
753 1500 838 1557 22,
860 1498 909 1550 3.
948 1501 1022 1549 lb.
1047 1500 1131 1557 12,
1156 1498 1239 1556 24,
1314 1492 1629 1561 Simulaus,
1664 1497 1836 1547 fabula
1867 1504 2041 1564 togata
2070 1497 2323 1558 Africani,

300 1569 346 1617 1.
388 1570 458 1617 11).
484 1569 564 1628 12,
587 1569 672 1630 25,
698 1536 746 1616 1’.
779 1568 854 1617 11).
881 1566 964 1628 13,
989 1564 1074 1629 50,
1099 1568 1150 1619 5.
1380 1580 1472 1630 pio
1494 1565 1728 1626 Sest.55‚
1754 1565 1871 1616 118.

227 1633 294 1685 Ρ.
313 1634 489 1686 Silius
510 1604 720 1698 N'erva,
743 1644 1045 1701 propraetor
1060 1604 1239 1697 'Bithy-
1312 1632 1546 1699 Sinope,
1570 1635 1716 1684 Ponti
1746 1636 2026 1699 oppidum,
2053 1636 2199 1686 Verr.
2234 1651 2318 1686 ac-

296 1706 410 1754 niae
432 1714 478 1753 et
493 1704 637 1753 Ponti
659 1719 708 1757 a.
732 1720 781 1753 u.
805 1720 848 1754 c.
874 1704 990 1757 703.
1021 1705 1100 1753 Ad
1121 1718 1236 1753 eum
1381 1704 1537 1753 cusat.
1561 1702 1588 1753 1
1607 1740 1620 1762 ,
1647 1702 1731 1756 34,
1758 1702 1844 1753 87.
1868 1731 1931 1743 --
1959 1704 2150 1770 Sinope
2168 1714 2324 1768 atque

297 1774 516 1837 scriptae
547 1780 666 1823 sunt
697 1773 763 1823 ad
787 1772 908 1823 fam.
943 1771 1022 1824 13.
1059 1788 1139 1838 ep.
1168 1773 1235 1821 47
1380 1773 1616 1831 Amisus,
1650 1772 1833 1835 quibus
1864 1773 1916 1821 in
1946 1774 2151 1839 oppidis
2181 1781 2327 1823 crant

297 1850 347 1891 et
365 1838 588 1893 61-65.
610 1868 679 1878 -
704 1841 759 1890 ln
780 1840 1040 1907 provincia
1061 1840 1237 1905 Bithy·
1379 1840 1634 1890 domicilia
1674 1840 2011 1906 Mithridatia,
2052 1857 2083 1892 a
2118 1843 2178 1892 L.
2218 1842 2325 1893 Lu-

294 1910 379 1962 nia
398 1908 798 1962 administranda
827 1910 973 1961 valde
1004 1927 1061 1962 se
1079 1909 1235 1961 hone·
1378 1909 1510 1960 cnllo
1541 1918 1717 1976 capta,
1754 1910 1815 1961 de
1852 1912 1975 1976 imp.
2009 1909 2096 1960 Cn.
2130 1912 2318 1977 Pomp.

296 1987 370 2031 ste
389 1980 588 2046 gerite.
612 1995 667 2030 ιι.
690 1997 735 2030 c.
761 1979 912 2040 704.,
946 1981 1012 2031 ad
1047 1982 1151 2034 Aa.
1181 1978 1234 2040 6,
1376 1979 1425 2041 8,
1447 1979 1535 2030 21.
1566 1979 1749 2046 deleg.
1772 1995 1879 2046 agr.
1904 1982 1955 2043 2,
1979 1979 2064 2040 20,
2091 1979 2178 2033 53.

296 2047 540 2108 1,13.—
563 2050 718 2099 Attici
745 2048 1134 2115 perfamiliaris,
1159 2048 1232 2097 Ib.
1307 2045 1607 2112 Sinuessa,
1636 2047 1881 2114 oppidum
1904 2017 1955 2100 et,
1972 2049 2169 2100 colonia
2188 2050 2326 2099 Latii
2401 2096 2409 2102 .

294 2117 623 2180 7,1‚8.-
657 2119 778 2168 Eius
809 2133 963 2169 causa
994 2118 1068 2182 (a.
1101 2134 1154 2166 u.
1189 2133 1232 2168 c.
1376 2119 1429 2166 in
1457 2117 1642 2167 fluibus
1663 2117 1968 2182 Campaniae
1998 2125 2137 2169 trans
2158 2117 2324 2169 Lirim

179 2242 188 2250 ,
294 2151 452 2250 710.)
483 2183 738 2238 celebrata
781 2187 918 2252 apud
959 2185 1127 2249 lotos,
1170 2186 1237 2236 ad
1374 2186 1610 2243 fluvium,
1642 2187 1708 2236 ad
1730 2187 1832 2236 Att.
1864 2185 1930 2251 9,
1970 2187 2051 2238 15.
2076 2189 2138 2238 A.
2170 2188 2243 2237 lb.
2266 2187 2321 2248 9,

293 2256 413 2308 fam.
436 2253 487 2317 7,
508 2252 592 2308 21.
631 2256 694 2305 cl.
719 2256 786 2305 ad
807 2257 906 2304 Att-
932 2254 1014 2314 15,
1037 2255 1121 2308 23.
1158 2255 1232 2307 lb.
1378 2254 1460 2306 16.
1496 2281 1565 2292 —--
1604 2253 1965 2305 Sinuessanum
2000 2257 2323 2308 deversorio-

294 2325 376 2387 15,
403 2325 488 2376 24.
1376 2323 1509 2384 lum,
1535 2324 1601 2374 ad
1620 2322 1741 2376 ram.
1776 2325 1868 2388 12,
1893 2325 1978 2376 20.
2018 2326 2084 2375 ad
2104 2326 2206 2376 Au.
2233 2326 2317 2386 14,

221 2391 375 2446 Silus
398 2393 542 2444 testis
570 2394 617 2442 in
646 2393 913 2456 Pisonem,
945 2392 1008 2442 de
1027 2401 1154 2446 orat.
1181 2393 1231 2454 2,
1372 2362 1899 2454 8,1.11ι.14,15,1
1920 2393 1977 2444 B.
2004 2393 2051 2443 1.
2262 2427 2277 2434 -

292 2463 375 2524 70,
401 2461 522 2513 285.
1305 2458 1629 2538 Sipontum,
1663 2428 1910 2542 oppid’um
1933 2461 2179 2526 Apuliae,
2217 2461 2319 2512 Σι-

221 2528 379 2582 Silva
399 2526 646 2582 Scantia.
685 2531 747 2579 V.
773 2526 1001 2580 Scantia
1021 2525 1195 2582 Silva.
1372 2525 1545 2592 ποῦς,
1570 2496 1925 2591 tranimur,
1952 2529 2223 2596 Sipontini,
2248 2532 2320 2582 ad

221 2595 485 2649 Silvanus
510 2599 742 2648 deus.—
766 2597 888 2647 Eius
911 2598 1070 2649 melos
1094 2598 1233 2664 apud
1372 2599 1477 2647 Att.
1497 2595 1548 2657 6,
1580 2596 2315 2663 2,3.11).9,15,1.11).10,

294 2667 533 2727 Accium,
559 2665 624 2714 de
643 2682 692 2714 n.
720 2667 769 2716 d.
797 2667 846 2724 2,
868 2664 952 2722 35,
971 2665 1058 2717 89.
1372 2668 1424 2728 7,
1448 2667 1726 2717 1.-1nde
1746 2666 2033 2732 ‘Sipontini
2064 2669 2310 2730 siccitas’,

223 2732 506 2784 Silvanus.
572 2735 636 2781 V.
685 2732 763 2782 M.
808 2730 1068 2783 Plautius
1117 2731 1228 2783 Sil·
1372 2734 1566 2801 delege
1583 2749 1695 2801 agr.
1716 2737 1768 2800 2,
1797 2736 1882 2797 27,
1904 2737 1992 2788 71.

291 2815 489 2850 vanus.
1300 2801 1533 2870 Sipylus
1569 2805 1617 2853 in
1647 2804 1928 2870 Magnesia.
1958 2833 2027 2842 —-
2052 2805 2312 2870 Magnetes

223 2865 417 2932 Simo,
451 2881 668 2933 persona
691 2867 916 2929 comica,
952 2869 1016 2918 ad
1037 2867 1150 2918 Her.
1179 2871 1226 2932 1,
1366 2872 1876 2937 aSipylo‚adQ.f1-.
1898 2875 1948 2936 2,
1970 2871 2159 2938 9(11),
2181 2875 2235 2926 2

289 2938 342 3002 9,
373 2940 452 2989 14.
1294 2907 1673 3020 Siregius,ad
1697 2946 1798 2992 Att.
1826 2943 1906 3007 15,
1934 2909 2089 3007 ’17‚1.

219 3005 537 3059 Simonides
577 3007 706 3059 Ceus
745 3013 893 3056 natus
932 3006 1228 3074 Olympiade
1299 3006 1554 3074 Sirenes,
1583 3011 1755 3064 defin.
1778 3012 1829 3076 5,
1852 2980 1936 3074 18,
1958 2980 2043 3062 49.

289 3088 437 3127 sexta
457 3087 503 3126 et
533 3077 979 3143 quinquagesima,
1013 3077 1078 3127 de
1100 3093 1144 3128 r.
1170 3093 1222 3160 p.
1298 3075 1532 3144 Sisapo,
1568 3080 1685 3130 urbs
1715 3081 1767 3130 in
1800 3048 2049 3146 f’Iispania
2080 3079 2302 3142 Baetica,

289 3147 349 3206 2,
377 3146 468 3209 10,
509 3146 592 3196 20.
615 3145 825 3196 —Eum
858 3161 956 3197 non
987 3147 1190 3213 coegit'
1177 3163 1226 3196 ιιι
1365 3148 1588 3213 Philipp.
1616 3151 1666 3212 2,
1692 3149 1772 3208 19,
1794 3148 1879 3199 48.

289 3216 396 3264 suis
414 3215 596 3264 studiis
615 3216 962 3268 obmutescere
977 3225 1224 3275 senectu3‚
1297 3212 1549 3267 Sisenna
1572 3221 1632 3270 V.
1656 3217 1718 3268 L.
1743 3215 2036 3273 Cornelius
2050 3215 2301 3268 Sisenna.

287 3283 481 3334 desen.
505 3284 566 3343 7,
593 3283 676 3333 23.
701 3312 766 3322 —-
791 3285 908 3336 Eius
926 3300 1092 3336 sermo
1112 3300 1226 3334 cum
1297 3283 1362 3336 Ρ.
1388 3281 1571 3349 siser,
1594 3287 1659 3335 ad
1681 3288 1781 3335 Ait.
1806 3287 1889 3345 11,
1913 3285 1995 3346 13,
2017 3286 2065 3336 1.

289 3356 500 3413 tyranno
552 3319 800 3410 ’Hier-(hnc
856 3356 963 3415 cui,
1018 3363 1226 3419 rogatus
1298 3322 1579 3420 Sisyphus
1597 3361 1769 3405 versat
1795 3369 1974 3404 saxum
2008 3354 2198 3405 sudans
2228 3356 2304 3406 ni-

287 3417 413 3475 quid
432 3425 517 3466 aut
536 3417 684 3479 quale
705 3421 768 3468 sit
791 3421 942 3482 deus,
967 3430 1079 3486 post
1098 3421 1225 3469 mul·
1366 3422 1518 3472 tendo
1539 3438 1701 3485 neque
1721 3421 1921 3488 proficit
1936 3422 2119 3489 hilum,
2147 3423 2302 3477 Tusc-
