2500 3850
182 157 302 221 274

248 328 394 378 Multi
412 328 580 379 Latini
602 329 820 378 Ennium
841 337 889 378 et
910 330 1183 379 Pacuvium

246 405 297 447 et
311 398 523 447 Accium
538 399 709 462 potius
722 413 870 460 quam
886 398 1183 464 Euripidem

248 472 300 516 et
313 464 617 531 Sophoclem
638 468 828 531 legunt,
854 467 917 516 de
938 475 1044 532 opt.
1062 483 1177 533 gen.

249 550 326 586 or.
354 534 414 597 6,
451 534 533 586 18.
566 564 631 573 -
662 534 844 585 Omnes
866 537 1003 599 apud
1020 538 1181 586 Pacu-

246 606 387 658 vium
442 607 603 655 ornati
657 604 1001 667 elaboratique
1066 612 1181 655 sunt

247 689 454 736 versuS,
495 674 657 725 multa
685 675 826 739 apud
842 674 1065 723 Ennium
1096 689 1184 724 ne-

246 743 543 810 gligentiuS,
566 750 691 797 orat.
717 743 801 805 ll,
824 742 908 794 36.
934 770 1005 783 -·
1021 743 1184 792 Pacu-

243 815 377 871 vius),
413 813 604 862 Ennius
641 814 771 862 inter
805 826 860 861 se
890 812 1182 874 dissimileS,

248 884 311 934 de
330 890 455 931 orat.
480 881 511 933 3
532 918 547 944 ,
578 885 611 932 7
628 918 642 941 ,
678 882 767 932 27.
808 908 874 918 --
910 882 1182 942 Pacuvius,

244 952 436 1002 Ennius
453 986 468 1015 ,
505 950 691 1000 Accius
733 965 833 1001 non
867 952 1051 1016 verba,
1092 950 1185 1000 sed

246 1024 351 1073 vim
362 1019 663 1071 Graecorum
679 1027 1039 1086 expresserunt
1058 1021 1183 1084 poe-

245 1098 438 1150 tarum,
475 1090 636 1141 Acad.
670 1097 803 1155 post.
828 1090 888 1151 1,
912 1088 976 1152 3,
1012 1087 1095 1140 10.
1116 1114 1185 1124 -

246 1159 561 1209 Pacuvianae
579 1160 889 1223 tragoediae,
910 1158 977 1207 ad
987 1158 1104 1206 Her.
1130 1159 1183 1216 4,

247 1231 299 1291 4,
328 1232 377 1279 7.
400 1255 468 1265 —
486 1229 607 1277 Eius
626 1228 899 1293 Amphion,
920 1228 984 1277 de
1005 1228 1110 1279 inv,
1131 1226 1180 1286 1,

246 1297 332 1362 50,
354 1296 438 1348 94.
461 1325 526 1334 -
551 1297 671 1347 Eius
692 1294 961 1356 versiculi,
982 1296 1046 1345 ad
1064 1295 1179 1345 Her.

247 1368 309 1429 2,
345 1366 439 1431 23,
474 1366 559 1419 35.
592 1393 657 1403 —-
685 1366 761 1415 De
796 1364 952 1415 Zetho
978 1372 1026 1415 et
1063 1364 1181 1416 Am-

245 1435 432 1500 phione
447 1474 462 1499 ,
489 1437 562 1488 Ib.
581 1438 641 1500 2,
664 1434 748 1497 37,
766 1434 854 1487 43.
894 1459 964 1472 -—
998 1433 1181 1483 Zethus

244 1506 298 1553 in
328 1507 439 1555 eius
472 1506 726 1570 Antiopa,
765 1505 829 1553 de
848 1512 975 1556 orat.
1000 1504 1061 1562 2,
1093 1501 1179 1563 37,

247 1574 366 1624 155.
403 1602 471 1613 —-
506 1575 699 1623 Versus
736 1588 799 1621 ex
832 1572 1079 1637 Antiopa,
1120 1570 1181 1619 dc

250 1643 403 1692 divin.
435 1643 487 1701 2,
508 1640 594 1699 64,
619 1640 737 1692 133.
768 1667 833 1676 -
852 1641 1061 1691 Pacuvii
1078 1639 1181 1687 An·

246 1712 418 1775 tiopa,
455 1708 519 1757 de
535 1708 620 1757 fin.
651 1708 676 1756 1
698 1746 710 1766 ,
731 1712 792 1769 2,
823 1710 877 1761 4.
900 1736 966 1744 -
990 1710 1181 1757 Versus

248 1794 313 1828 ex
343 1780 610 1826 Armorum
638 1776 862 1841 iudicio,
902 1778 965 1825 de
1000 1776 1087 1824 off.
1128 1776 1179 1839 3,

246 1847 331 1911 26,
351 1845 435 1896 98.
456 1874 526 1885 ——
543 1846 751 1895 Pacuvii
768 1859 965 1908 versus,
986 1846 1053 1894 ad
1064 1844 1178 1896 Her.

248 1916 310 1982 2,
330 1913 429 1976 26,
454 1916 540 1966 42.
596 1914 659 1964 de
678 1914 784 1968 inv.
811 1914 869 1978 1,
890 1914 984 1977 45,
1004 1913 1089 1967 83.
1114 1941 1179 1950 —-

212 1995 221 2004 '
244 1985 454 2035 Pacuvii
468 1985 679 2049 Chryses
700 1991 748 2033 et
759 1984 1028 2034 Armorum
1049 1984 1181 2033 iudi-

248 2057 400 2112 cium,
438 2061 563 2103 orat.
597 2053 694 2111 46,
730 2053 846 2104 155.
887 2081 953 2089 —-
988 2055 1179 2102 Versus

249 2140 276 2173 e
298 2123 504 2186 Chryse,
528 2122 591 2171 de
611 2123 767 2172 divin.
797 2122 844 2182 1,
866 2123 951 2182 57,
978 2121 1096 2172 131..
1114 2147 1177 2156 --

248 2191 541 2241 versiculus
568 2205 633 2239 ex
653 2189 863 2252 Chryse,
895 2191 961 2240 de
979 2206 1028 2238 n.
1052 2191 1102 2238 d.
1126 2190 1177 2249 2,

248 2260 332 2322 36,
354 2258 439 2309 91.
456 2257 793 2308 —Versiculi
814 2272 878 2307 ex
899 2259 1182 2320 Duloreste,

249 2330 311 2378 de
329 2335 453 2378 orat.
481 2327 531 2386 3,
553 2326 638 2388 39,
652 2329 769 2379 157.
792 2352 859 2364 -
880 2327 1002 2377 Eius
1025 2329 1183 2377 versi-

249 2398 351 2447 culi
378 2415 406 2447 e
424 2396 689 2463 tragoedia
706 2398 914 2457 incerta,
940 2397 1003 2446 de
1024 2397 1179 2446 divin.

248 2469 277 2517 1
293 2505 308 2528 ,
336 2467 426 2526 14,
460 2468 545 2516 24.
569 2494 635 2502 -
659 2466 952 2516 Versiculus
972 2481 1038 2514 ex
1058 2466 1182 2514 Her-

244 2536 433 2594 miona,
474 2537 537 2584 de
575 2543 697 2584 orat.
739 2537 791 2597 2,
826 2537 912 2595 44,
955 2535 1072 2584 187.
1115 2560 1180 2569 -

245 2603 439 2654 Versus
460 2619 523 2652 ex
552 2605 663 2652 eius
683 2604 871 2664 Iliona,
900 2618 993 2667 pro
1014 2601 1179 2652 Sestio

248 2671 339 2732 59,
372 2671 489 2721 126.
540 2673 663 2720 Item
682 2673 832 2722 Tusc.
858 2673 885 2720 1
904 2708 917 2730 ,
938 2673 1033 2731 44,
1061 2669 1171 2721 106.

247 2739 406 2792 Acad.
432 2755 507 2803 pr.
530 2741 592 2800 2,
614 2741 710 2802 27,
739 2739 824 2792 88.
865 2763 935 2776 ·—
971 2739 1177 2788 Pacuvii

245 2807 425 2856 Medus
458 2814 505 2856 et
525 2807 767 2871 Antiopa,
808 2808 870 2856 de
892 2806 975 2856 off.
1000 2809 1057 2870 1,
1090 2807 1174 2866 31,

247 2875 364 2927 114.
390 2903 456 2911 —
475 2876 665 2924 Versus
691 2891 753 2924 ex
775 2875 941 2937 Medo,
970 2875 1170 2923 Tuscul.

246 2943 310 3003 3,
343 2945 437 3008 12,
474 2943 555 2994 26.
586 2969 655 2980 —-
688 2943 997 3006 Aliquisillo
1016 2945 1175 2992 Pacu-

244 3014 396 3062 viano
434 3012 707 3063 ‘invehens
730 3013 905 3062 alitum
932 3013 1175 3076 anguium

246 3085 449 3140 curru’‚
471 3082 536 3131 de
560 3098 602 3132 r.
624 3097 673 3146 p.
696 3082 745 3140 3,
776 3081 826 3138 9,
856 3082 937 3130 14.
963 3107 1028 3117 -—
1048 3081 1175 3129 Ver-

852 173 1085 243 rAEAN
1108 194 1191 209 —-
1211 174 1586 223 PALATINA.

1322 330 1479 395 Apud
1498 331 1638 379 illum
1664 332 1797 380 enim
1816 346 2061 396 perquam
2077 332 2266 383 flebili-

1321 406 1397 448 ter
1420 399 1595 450 Ulixes
1626 400 1925 450 lamentatur
1954 402 2006 450 in
2031 400 2263 462 vulnere,

1321 468 1523 517 Tuscul.
1565 470 1623 530 2,
1666 470 1758 529 21,
1810 470 1895 521 49.
1949 496 2015 505 -
2050 470 2265 520 Pacuvii

1320 536 1525 594 Teucer,
1547 538 1609 586 de
1631 545 1760 589 orat.
1776 539 1823 601 1,
1851 538 1937 600 58,
1960 540 2077 590 246.
2113 540 2189 591 ΙΙ).
2209 542 2262 601 2,

1324 605 1419 664 46,
1452 605 1570 659 193.
1614 632 1682 643 -—
1723 608 1914 657 Versus
1947 607 2011 656 de
2043 607 2263 668 Teucr0,
2345 604 2350 608 ⁴

1322 672 1524 724 Tuscul.
1568 675 1626 734 5,
1669 674 1765 735 37,
1803 675 1919 725 108.
1957 700 2023 712 —
2054 678 2264 727 Pacuvii

1324 743 1564 793 versiculi
1601 759 1665 793 ex
1696 745 1916 805 Teucro,
1954 753 2008 793 ut
2041 746 2264 809 videtur,

1324 826 1418 877 pro
1449 810 1636 861 Scauro
1659 814 1692 861 2
1711 850 1724 873 ,
1758 812 1807 862 3.
1835 840 1900 849 —-
1918 812 2171 863 Versiculi
2199 828 2264 863 ex

1325 883 1551 944 Teucro,
1587 882 1650 929 de
1673 882 1830 931 divin.
1861 883 1885 931 l
1905 918 1921 942 ,
1953 882 2048 945 36,
2082 882 2169 932 80.
2193 912 2262 921 -—

1322 950 1531 999 Pacuvii
1579 950 1822 1006 versiculi
1865 965 1932 999 ex
1981 950 2264 1016 tragoediis

1321 1020 1549 1080 incertiS,
1565 1019 1627 1068 de
1641 1020 1798 1068 divin.
1819 1018 1867 1079 1,
1882 1018 1968 1080 16,
1987 1019 2074 1073 29.
2097 1020 2262 1073 defin.

1324 1089 1375 1149 5,
1400 1088 1484 1151 11,
1503 1086 1586 1139 31.
1631 1089 1695 1136 ad
1715 1086 1835 1138 fam.
1858 1088 1907 1146 8,
1928 1089 1978 1152 2,
2002 1089 2050 1138 1.

1252 1156 1444 1208 Paean
1465 1159 1574 1206 sive
1594 1155 1805 1222 Paeon,
1819 1150 2090 1206 ἐπίθετον
2103 1158 2262 1222 Apol-

1321 1227 1457 1276 linis,
1479 1250 1549 1261 —-
1569 1226 1784 1275 Paeanis
1813 1226 2016 1291 signnm
2046 1243 2111 1275 ex
2136 1228 2263 1276 aede

1318 1294 1615 1358 Aesculapii
1684 1294 1938 1344 sublatum
1999 1311 2029 1344 a
2079 1297 2260 1359 Verre,

1320 1365 1470 1413 Verr.
1498 1370 1717 1412 accusat.
1780 1366 1846 1424 4,
1887 1364 1986 1424 57,
2040 1364 2156 1414 127.
2196 1392 2264 1399 -

1322 1434 1494 1483 Paean
1565 1431 1830 1481 sacrificiis
1899 1432 2264 1482 anniversariis

1323 1502 1474 1551 simul
1508 1515 1622 1549 cum
1651 1500 1957 1565 Aesculapio
1993 1502 2134 1565 apud
2168 1500 2261 1565 Sy-

1321 1584 1598 1619 racusanos
1629 1569 1911 1631 colebatur,
1952 1570 2024 1619 Ib.
2059 1572 2123 1629 4,
2169 1570 2254 1631 57,

1324 1638 1441 1690 128.
1483 1638 1665 1703 Hymni
1689 1654 1850 1704 genus
1879 1640 1932 1686 in
1953 1638 2262 1703 Apollinem,

1321 1708 1386 1757 de
1406 1708 1596 1771 orat.l,
1620 1706 1705 1765 59,
1729 1708 1849 1757 251.

1251 1772 1532 1827 Paeonius
1549 1812 1564 1838 ,
1585 1776 1783 1836 rhetor,
1808 1776 1874 1825 ad
1889 1775 1949 1834 Q.
1972 1776 2031 1825 fr.
2054 1776 2104 1837 3,
2127 1776 2158 1827 3
2175 1814 2188 1836 ,
2210 1781 2258 1826 4.

1250 1842 1568 1896 Paestanus
1591 1846 1732 1894 sinus
1749 1880 1767 1907 ,
1801 1845 1867 1894 ad
1892 1845 1994 1894 Att.
2023 1844 2113 1907 16,
2133 1844 2184 1905 6,
2213 1845 2260 1896 1.

1234 1912 1552 1979 Paestum,
1601 1915 1722 1964 urbs
1740 1913 2030 1978 Lucaniae,
2071 1911 2262 1964 Graece

1320 1985 1626 2047 Posidonia,
1663 1983 1816 2033 hodie
1837 1985 2020 2044 Pesto,
2054 1985 2119 2032 ad
2153 1984 2257 2054 Att.

1248 2053 1591 2173 Palcltffuff'z.
1616 2118 1809 2171 Aelius
1839 2117 2048 2170 Paetus
2083 2128 2132 2170 et
2148 2119 2261 2170 Pa-

1320 2187 1498 2254 pirius
1518 2189 1748 2239 Paetus.

1252 2258 1591 2322 Palaemon,
1633 2260 1752 2308 Inus
1787 2273 1828 2309 ε.
1855 2258 2172 2310 Leucotheae
2205 2258 2261 2306 fl-

1322 2327 1454 2386 lius,
1495 2328 1621 2377 deus
1647 2326 1902 2388 marinuS,
1942 2328 2006 2378 de
2033 2343 2085 2376 n.
2121 2327 2171 2376 d.
2206 2325 2258 2386 3,

1252 2396 1620 2528 Pallg’lg'gdeg,
1665 2464 1872 2528 Nauplii
1908 2471 1957 2513 et
1997 2463 2258 2530 Clymenes

1322 2534 1479 2582 filius.
1528 2561 1594 2570 --
1643 2533 1700 2582 In
1740 2549 1855 2582 eum
1910 2534 2136 2582 coniecta
2183 2541 2258 2582 est
2301 2589 2317 2596 ‚

1324 2603 1673 2668 suspicionum
1733 2603 2034 2666 proditionis
2087 2602 2258 2650 multi-

1317 2673 1461 2731 tudo,
1483 2673 1638 2735 topic.
1664 2669 1759 2733 20,
1781 2672 1864 2722 76.
1889 2697 1957 2706 -
1986 2670 2113 2720 Eius
2143 2685 2257 2734 per-

1317 2741 1498 2803 spicax
1538 2741 1802 2802 prudentia
1851 2740 2075 2803 percepit
2112 2740 2256 2789 mali-

1316 2809 1498 2856 tiosam
1517 2808 1656 2858 Ulixi
1681 2809 1964 2872 audaciam,
2007 2809 2070 2856 de
2085 2808 2173 2856 off.
2203 2806 2252 2870 3,

1316 2875 1402 2936 26,
1423 2875 1507 2927 98.
1528 2906 1598 2915 —-
1628 2876 1922 2928 Palamedes
1945 2877 2139 2927 indicio
2160 2877 2254 2924 ini·

1317 2959 1414 3006 quo
1435 2947 1806 2996 circumventus
1822 2983 1834 3005 ‚
1857 2945 2062 2994 Tuscul.
2088 2946 2113 2995 1
2131 2981 2145 3006 ,
2166 2944 2252 3003 41,

1314 3013 1398 3063 98.
1445 3041 1510 3050 —-
1559 3015 1679 3063 Eius
1719 3029 1854 3064 mors
1891 3014 2104 3079 indigna
2126 3051 2139 3074 ,
2189 3015 2255 3062 ad

1318 3083 1437 3131 Her.
1461 3084 1509 3140 2,
1533 3083 1615 3141 19,
1635 3083 1718 3133 28.

244 3164 332 3198 sus
352 3165 416 3198 ex
441 3151 652 3212 Niptris,
680 3149 881 3202 Tuscul.
901 3151 962 3209 2,
986 3149 1068 3212 21,
1091 3149 1173 3200 48.
1245 3149 1509 3200 Palatina
1559 3152 1814 3216 palaestra
1843 3150 2101 3202 Ciceronis
2123 3189 2134 3202 .
2189 3151 2254 3199 ad

244 3225 293 3268 et
310 3217 359 3276 5,
382 3219 465 3277 16,
487 3219 570 3268 46.
630 3221 753 3266 Item
776 3219 837 3268 de
857 3227 983 3270 orat.
1006 3217 1061 3275 3,
1090 3217 1175 3276 40,

1317 3221 1418 3267 Att.
1455 3222 1504 3279 2,
1525 3221 1577 3281 4,
1601 3224 1650 3272 7.

245 3284 361 3335 162.
402 3286 558 3334 Acad.
580 3301 657 3350 pr.
679 3289 727 3340 2,
749 3288 834 3346 27,
856 3287 942 3338 88.
982 3315 1047 3322 -
1082 3286 1175 3335 Pa-
1245 3285 1508 3337 Palatina
1527 3290 1687 3338 tribus
1708 3290 1918 3351 urbana,
1933 3290 2078 3338 Verr.
2103 3303 2254 3338 accu-

246 3354 426 3401 cuvius
452 3351 861 3404 lamentationem
894 3355 1035 3403 Ulixi
1068 3369 1171 3401 me-

245 3413 345 3466 lius
392 3424 643 3487 expressit
679 3438 827 3484 quam
873 3421 1167 3485 Sophocles,

1315 3363 1411 3469 {²121
1443 3359 1503 3416 2,
1533 3356 1630 3418 43,
1655 3356 1773 3410 107.
1835 3372 1929 3421 pro
1963 3355 2128 3406 Sestio
2165 3356 2252 3421 53,
