2500 3850
245 157 368 221 390
667 165 1177 214 THALLUMETUS
1217 185 1303 197 -
1338 164 1887 211 THEMISTOCLES.

311 326 479 385 ficere,
519 325 583 373 de
606 339 646 372 r.
674 341 726 390 p.
755 325 812 385 1,
842 323 934 383 16,
961 322 1045 373 25.
1086 353 1154 363 -
1186 326 1245 373 In
1318 318 1792 387 'rhemistagoras
1808 321 2346 383 etThessaluS,Lam-

312 396 413 443 otio
447 394 598 453 vixit,
639 394 702 442 de
723 401 849 441 orat.
875 392 924 454 3,
949 393 1031 453 34,
1057 392 1171 444 137.

243 462 641 513 Thallumetus
662 476 838 512 servus
859 463 1029 522 Attici,
1053 462 1118 511 ad
1137 461 1242 510 Att.

310 534 359 593 5,
388 533 469 592 12,
489 532 542 581 2.

243 598 489 651 Thalna.
530 600 592 649 V.
617 597 906 651 Iuventius
929 597 1172 648 Thalna.

242 666 470 720 Thasus
504 669 672 719 insula
691 670 880 721 Graeca
913 669 980 719 ad
1001 668 1247 717 Thraciae

312 754 469 800 oram,
489 739 543 787 in
563 738 733 789 Pison.
748 738 831 800 36,
852 738 940 790 89.
977 738 1044 787 ad
1063 737 1174 785 Her.
1193 738 1244 797 4,

307 808 392 869 54,
414 807 500 859 68.
1169 856 1175 863 .

243 875 568 940 Thaumas,
604 877 756 925 Iridis
780 884 942 939 pater,
974 890 1103 937 quae
1129 875 1248 925 inde

309 946 672 995 Thaumantias
703 960 734 994 a
751 946 914 1009 poetis
936 946 1144 1005 dicitur,
1183 944 1247 993 de

310 1030 360 1066 n.
387 1015 438 1063 d.
464 1012 513 1075 3,
537 1013 620 1075 20,
641 1015 726 1063 51.

240 1080 475 1131 Thebae
531 1082 766 1133 Boeotiae
784 1121 799 1144 ,
853 1083 1248 1132 vetustissimum

311 1151 559 1215 oppidum
615 1150 879 1200 Graecum.
933 1178 1003 1188 —
1055 1151 1245 1201 Thebis

311 1234 538 1269 crassum
561 1220 756 1269 caelum
771 1257 787 1282 ,
824 1221 993 1281 itaque
1025 1222 1245 1287 pingues

309 1289 536 1339 Thebani
563 1298 610 1338 et
627 1290 866 1350 valentes,
899 1291 962 1339 de
983 1290 1088 1339 fato
1105 1291 1157 1351 4,
1194 1290 1243 1339 7.

315 1386 374 1395 -—
396 1358 599 1409 Thebae
622 1360 819 1409 dirutae
849 1361 913 1410 ab
936 1359 1244 1420 Alexandro,

311 1429 373 1478 de
393 1429 497 1475 inv.
529 1429 576 1489 1,
604 1428 687 1489 50,
713 1426 798 1479 93.

241 1493 503 1547 Thebani
533 1505 756 1548 oratores
799 1497 942 1558 nulli,
985 1498 1122 1547 Brut.
1161 1496 1242 1559 13,

240 1630 500 1683 Thebani
534 1641 584 1683 et
606 1632 735 1684 Elei.
783 1660 846 1669 —
889 1635 1040 1699 Apud
1080 1648 1167 1684 eos
1192 1636 1244 1684 in

308 1716 480 1751 amore
519 1703 857 1767 ingenuorum
898 1702 1055 1753 libido
1093 1706 1243 1752 etiam

304 1772 606 1835 permissam
627 1771 837 1821 habetet
851 1772 1068 1821 solutam
1089 1772 1244 1822 licen·-

307 1842 447 1903 tiam‚
470 1840 533 1889 de
556 1856 598 1890 r.
621 1856 674 1906 p.
701 1844 752 1904 4,
777 1844 828 1903 4,
856 1842 910 1891 4.
930 1868 996 1877 -
1012 1840 1242 1891 Thebani

307 1909 369 1960 de
389 1909 804 1962 Lacedaemoniis
825 1909 958 1961 bello
988 1912 1242 1975 superatis

306 1983 514 2029 aeacum
538 1987 820 2030 statuerunt
845 1987 1127 2045 tropaeum,
1157 1995 1242 2030 ac·-

306 2059 548 2098 cusantur
574 2050 712 2114 apud
731 2050 1150 2115 AmphictyonaS,
1177 2050 1242 2099 de

304 2119 409 2165 inv.
434 2119 484 2177 2,
505 2115 588 2178 23,
621 2118 706 2168 69.
737 2148 808 2158 —-
836 2118 1063 2167 Tbebani
1090 2118 1240 2182 Spar-

305 2186 454 2232 tiatas
504 2197 898 2251 superaverunt,
926 2187 991 2235 ad
1031 2187 1148 2235 Her.
1189 2189 1238 2246 4,

306 2254 390 2316 25,
406 2252 491 2304 34.
526 2255 588 2303 de
605 2254 706 2305 inv,
726 2256 772 2318 1,
787 2256 870 2316 22,
889 2253 970 2304 32.
1002 2255 1072 2306 lb.
1093 2255 1237 2316 1,33,

237 2387 464 2452 Thebe,
503 2391 778 2442 Alexandri
797 2392 1132 2443 Pheraeorum
1168 2401 1242 2460 ty-

304 2463 452 2511 ranni
494 2476 648 2524 uxor,
699 2478 812 2512 eum
863 2463 1140 2524 interfecit,
1177 2464 1241 2512 de

303 2533 407 2579 inv.
432 2533 482 2592 2,
504 2531 588 2592 49,
613 2532 732 2582 144.
772 2534 897 2581 Item
923 2532 985 2582 de
1005 2531 1090 2583 off.
1115 2535 1164 2594 2,
1189 2532 1238 2593 7,

234 2663 810 2718 TheotameneaLaoed
818 2671 1077 2719 aemonius
1088 2683 1241 2732 quam

303 2734 497 2783 fortiter
511 2742 719 2784 mortem
736 2739 1070 2799 contemserit,
1082 2737 1237 2791 Tunc.

305 2803 351 2862 1,
374 2803 457 2864 42,
481 2801 597 2852 100.

235 2868 550 2921 Thelxinoe
567 2907 582 2933 ,
628 2872 830 2934 Aoede,
884 2874 1078 2936 Arche,
1135 2875 1239 2926 Me-

303 2941 417 3002 lete,
440 2941 616 2990 Musae
644 2942 840 3007 primae
861 2951 1110 3007 quattuor,
1147 2960 1237 2996 na-

302 3022 382 3061 tae
402 3011 520 3061 Iove
542 3011 699 3062 altero
721 3020 769 3062 et
780 3010 936 3079 Neda,
958 3014 1022 3064 de
1039 3029 1089 3064 n.
1111 3015 1164 3072 d.
1183 3014 1236 3080 3,

298 3082 382 3143 21,
409 3081 495 3133 54.

232 3146 531 3200 Themista
561 3151 939 3218 Lampsacena,
977 3151 1234 3217 Epicuria,

301 3220 509 3270 Leontis
528 3222 794 3271 cuiusdam
814 3237 971 3283 uxor,
999 3223 1064 3272 ad
1083 3238 1236 3286 quam

299 3289 502 3351 scripsit
569 3305 669 3340 non
737 3291 894 3341 semel
967 3292 1234 3355 EpicuruS,

293 3355 546 3467 ἑτιΒΡὶεοιι.
572 3358 666 3415 26,
696 3356 780 3410 63.
833 3359 896 3408 de
919 3358 1004 3411 fin.
1045 3360 1109 3424 2,
1147 3359 1233 3417 21,

1386 390 1623 456 psaceni,
1681 390 1947 440 tumultum
2008 395 2345 444 concitarunt

1388 467 1557 508 contra
1580 457 1637 511 C.
1658 459 1869 513 Verrem
1886 496 1897 517 ,
1920 461 2063 511 Verr.
2101 471 2341 513 accusat.

1391 530 1440 591 1,
1460 527 1544 592 33,
1566 524 1653 579 83.

1321 593 1761 649 Themistocles.
1839 598 2242 660 Themistoclea,
2282 609 2342 650 ut

1388 666 1525 732 apud
1546 679 1670 729 nos,
1711 669 2073 731 perantiquus,
2110 677 2169 718 ut
2188 672 2341 735 apud

1388 734 1757 796 Athenienses,
1794 751 1893 786 non
1918 738 1990 785 ita
2018 750 2145 787 sane
2162 746 2339 799 vetuS,

1388 803 1616 865 aequalis
1634 802 1916 864 Coriolani,
1951 822 2169 867 quocum
2190 823 2338 857 com-

1387 880 1622 939 paratur,
1670 872 1811 923 Brut.
1859 873 1924 924 10
1942 910 1959 938 ,
1996 875 2061 924 41
2092 890 2212 939 sqq.
2270 903 2339 913 —-·

1388 942 1552 992 Noctu
1571 941 1861 993 ambulabat
1879 944 1930 991 iu
1951 942 2177 1007 publico,
2190 947 2338 1009 quod

1390 1026 1622 1061 somnum
1642 1026 1825 1077 capere
1844 1026 1944 1061 non
1965 1022 2157 1077 posset,
2174 1030 2338 1077 quae-

1388 1081 2336 1145 rentibusquerespondebatMiltiadis
2390 1132 2395 1135 .

1388 1150 1612 1213 tropaeis
1666 1165 1723 1199 se
1768 1167 1795 1199 e
1846 1165 2024 1200 somno
2072 1153 2334 1212 suscitari,

1387 1217 1591 1269 Tuscul.
1615 1218 1673 1277 4,
1702 1218 1789 1277 19,
1810 1220 1897 1271 44.
1935 1220 2007 1271 lb.
2029 1220 2094 1283 4,
2119 1218 2217 1285 25,
2242 1221 2330 1271 55.

1388 1315 1452 1323 --
1477 1287 1869 1337 Themistoclem
1889 1287 2031 1336 illum
2052 1303 2331 1339 conserva-

1388 1366 1547 1405 torem
1579 1358 1777 1421 patriae
1807 1372 1907 1406 non
1942 1358 2189 1407 deterruit
2216 1374 2247 1409 a
2278 1376 2329 1408 re

1385 1425 1592 1490 publica
1628 1425 1948 1477 defendenda
1986 1440 2079 1476 nec
2103 1426 2331 1477 Miltiadi

1388 1494 1679 1558 calamitas,
1716 1510 1810 1545 nec
1828 1496 2040 1545 Aristidi
2064 1496 2206 1561 fuga,
2234 1512 2328 1561 pro

1386 1563 1551 1613 Sestio
1583 1562 1668 1627 67,
1700 1563 1820 1615 141.
1860 1592 1926 1600 -
1963 1564 2089 1614 Eum
2130 1574 2331 1616 constat

1385 1647 1540 1695 quum
1574 1632 1845 1696 prudentia
1881 1641 1987 1683 tum
2026 1635 2179 1684 etiam
2220 1634 2328 1685 elo-

1387 1702 1592 1764 quentia
1610 1702 1953 1767 praestitisse,
1986 1702 2123 1753 Brut.
2152 1706 2204 1765 7,
2236 1705 2323 1757 28.

1381 1797 1447 1806 —
1483 1770 1798 1837 Thucydidis
1850 1771 1914 1822 de
1956 1787 2014 1821 eo
2054 1773 2325 1833 iudicium,

1380 1840 1447 1889 ad
1465 1840 1568 1889 Att.
1595 1840 1675 1905 10,
1706 1840 1756 1898 8,
1792 1841 1844 1889 7.
1874 1868 1943 1876 —
1972 1842 2022 1889 ln
2043 1857 2097 1890 re
2118 1841 2329 1906 publica

1384 1917 1591 1974 propter
1612 1911 1885 1975 ancipitem
1910 1910 2131 1962 faciendi
2152 1911 2327 1961 dicen-

1384 1981 1536 2042 dique
1570 1981 1873 2044 sapientiam
1892 1979 2077 2039 floruit,
2114 1980 2180 2030 de
2199 1989 2325 2032 orat.

1383 2047 1433 2109 3,
1458 2047 1540 2108 16,
1562 2048 1647 2099 59.
1672 2080 1740 2088 --
1759 2049 1947 2111 Patria,
1969 2063 2121 2112 quam
2142 2049 2329 2098 libera-

1382 2125 1558 2178 verat,
1602 2117 1780 2182 pulsus
1831 2125 1982 2180 atque
2022 2119 2327 2182 proten-itus

1384 2202 1483 2236 non
1502 2188 1555 2236 in
1571 2186 1815 2236 Graeciae
1836 2194 2011 2251 portus
2032 2202 2126 2252 per
2145 2201 2201 2236 se
2220 2202 2324 2236 ser·

1384 2265 1546 2317 vatos,
1570 2255 1662 2305 sed
1683 2257 1732 2304 in
1754 2256 2020 2305 barbariae
2038 2258 2183 2304 sinus
2204 2269 2325 2306 con-

1385 2325 1550 2390 fugit,
1589 2340 1740 2388 quam
1762 2325 2058 2386 adflixerat,
2100 2325 2165 2374 de
2193 2341 2234 2374 r.
2268 2341 2319 2390 p.

1384 2395 1433 2455 1,
1456 2394 1506 2454 3,
1530 2393 1580 2444 5.
1602 2421 1672 2430 —
1690 2393 1914 2443 Athenas
1942 2392 2165 2456 reliquit.
2203 2394 2323 2442 Flu-

1382 2471 1516 2513 ctum
1546 2464 1678 2512 enim
1711 2465 1866 2512 totius
1897 2463 2160 2513 barbariae
2190 2462 2322 2514 ferre

1381 2534 1503 2581 urbs
1535 2546 1634 2580 una
1657 2545 1753 2580 non
1786 2538 2010 2596 poterat,
2048 2532 2114 2581 ad
2136 2534 2237 2582 Att.
2269 2535 2315 2594 7,

1384 2601 1466 2661 11,
1486 2599 1540 2654 3.
1560 2627 1628 2636 —-
1646 2599 1774 2649 Mori
1802 2599 1978 2650 maluit
2006 2615 2155 2662 quam
2177 2603 2319 2650 auxi-

1382 2670 1506 2719 lium
1538 2676 1711 2734 petere
1751 2671 1813 2719 ab
1852 2669 2119 2729 hostibuS,
2155 2671 2227 2720 Ib.
2268 2669 2316 2724 0,

1385 2738 1466 2799 10,
1488 2737 1538 2792 3.
1560 2764 1629 2775 -
1650 2738 1713 2788 Ei
1746 2747 1795 2788 et
1819 2737 2087 2789 Coriolano
2121 2739 2317 2788 adiutor

1380 2817 1553 2859 contra
1570 2808 1781 2872 patriam
1806 2808 2039 2856 inventus
2059 2816 2135 2856 est
2152 2821 2313 2861 nemo,

1379 2877 1551 2939 itaque
1581 2884 1796 2926 mortem
1820 2876 1919 2924 sibi
1950 2883 2163 2939 uterque
2199 2890 2313 2925 con-

1380 2947 1544 3007 scivit,
1568 2945 1630 2994 de
1651 2959 1751 2993 am.
1775 2944 1858 3005 12,
1885 2947 1971 2994 42.
1994 2971 2064 2980 -
2084 2946 2139 2994 In
2156 2946 2311 2994 omni-

1376 3015 1472 3064 bus
1516 3015 1853 3064 monumentis
1896 3013 2136 3062 Graeciae
2171 3027 2313 3062 nemo

1379 3084 1654 3146 invenitur,
1668 3097 1822 3144 quum
1840 3081 1903 3131 ab
1920 3083 2078 3132 Aiace
2108 3082 2313 3131 fabulis-

1380 3167 1477 3215 que
1496 3152 1811 3214 discesseris,
1836 3151 2313 3216 praeterAthenien-

1378 3236 1485 3271 sem
1520 3219 1909 3270 Themistoclem
1932 3256 1946 3280 ,
1988 3221 2076 3282 qui
2119 3235 2174 3278 se
2209 3220 2312 3284 ipse

1380 3299 1541 3340 morte
1562 3288 1846 3348 mulctavit,
1868 3305 1961 3353 pro
1980 3289 2173 3338 Scauro
2192 3290 2240 3348 2,
2260 3287 2307 3337 3.

1379 3387 1448 3396 ——-
1484 3360 1621 3408 Ficta
1659 3358 1879 3406 narratio
1912 3358 1977 3408 de
2014 3359 2125 3406 eius
2162 3366 2310 3405 morte

1380 3428 1519 3490 apud
1567 3425 1876 3476 Clitarchum
1913 3433 1961 3474 et
1997 3424 2307 3486 Stratoclem,
