2500 3850
194 143 313 202 174
722 151 1223 199 HmnosomMA
1259 171 1341 183 -
1371 151 1750 202 HIPPONAX.

258 309 293 358 6
312 345 323 365 ,
363 306 443 357 15.
471 334 538 343 —
558 307 849 371 Hieronymi
885 307 999 355 finis
1020 343 1033 365 ,
1072 307 1200 356 nihil
1313 307 1402 368 ,8,
1423 305 1506 357 30.
1547 308 1619 356 lb.
1643 305 1737 369 85,
1757 305 1876 356 292.
1899 333 1967 343 -
1988 308 2095 367 Quo
2121 309 2275 358 modo

256 379 445 425 bonum
494 377 595 425 nisi
642 377 947 424 vacuitatem
988 376 1196 435 doloris,
1339 372 1604 440 Olympiae
1631 391 1687 424 se
1721 377 2016 436 venditarit,
2049 377 2112 427 de
2144 388 2276 428 orat.

258 447 330 495 Ib.
354 446 403 506 5,
427 442 510 506 30,
533 443 619 494 84.
655 446 727 492 lb.
750 445 799 508 5,
822 443 905 506 31,
930 444 1014 495 87.
1052 445 1123 494 11).
1145 444 1196 504 5,
1335 441 1386 503 3,
1407 442 1492 508 32,
1517 444 1635 494 127.

256 514 344 576 41,
370 513 485 564 118.
520 514 681 565 Acad.
700 528 779 577 pr.
804 515 855 575 2,
881 513 964 576 42,
992 512 1109 564 131.
1129 539 1197 548 —-·
1267 509 1510 578 Hippias
1531 513 1744 572 mimus,
1763 521 1984 562 scortum
2015 513 2082 564 M.
2112 516 2277 563 Anto-

255 583 587 646 Hieronymus
616 582 983 646 Peripateticus
1015 583 1065 629 in
1092 583 1197 646 pri·
1337 582 1435 641 nii,
1463 579 1685 646 Philipp.
1709 581 1758 644 2,
1781 582 1864 638 25,
1883 582 1967 633 62.

256 653 353 700 mis
374 651 589 711 nobilis,
620 651 775 716 elegit
807 666 871 699 ex
898 652 1067 699 multis
1091 654 1195 700 lso-
1265 645 1535 714 Hippias,
1566 650 1832 700 Philoxeni
1854 650 2019 711 filius,
2055 650 2275 700 Calacti-

258 721 380 768 crati
415 719 555 768 libris
594 721 799 784 triginta
829 718 1045 768 fortasse
1084 735 1194 768 ver·
1333 731 1430 766 nus
1449 719 1834 768 commendatur
1854 720 2038 779 Acilio,
2058 720 2124 768 nd
2146 720 2274 770 fam.

258 805 346 838 sus
362 825 375 850 ,
398 788 671 852 plerosque
692 788 937 846 senarios,
962 797 1087 839 orat.
1106 787 1189 849 56,
1338 787 1420 843 13,
1438 785 1522 836 37.

258 856 375 908 190.
1037 876 1043 880 ·
1267 852 1335 917 Q.
1372 852 1618 920 Hippius
1633 892 1647 918 ,
1687 855 1955 906 familiaris
1992 855 2272 916 CiceroniS,

187 923 609 992 Hierosolyma.
639 924 803 983 Quum
820 939 997 973 aurum
1012 925 1192 974 Iudae·
1335 925 1402 973 ad
1420 925 1652 985 farm-13,
1676 923 1770 984 76,
1804 925 1852 977 1.
1876 952 1946 961 -
1973 925 2096 974 Eius
2117 925 2272 985 filius,

255 1009 399 1044 orum
419 994 623 1042 nomine
657 995 923 1055 quotannis
956 1008 1021 1042 ex
1045 994 1193 1042 ltalia
1330 1001 1387 1041 ut
1411 993 1632 1052 videtur,
1653 1009 1682 1042 a
1701 992 1884 1058 Valgio
1905 995 2120 1056 quodam
2144 995 2272 1044 ado-

254 1072 403 1124 atque
434 1077 500 1110 ex
520 1063 753 1111 omnibus
776 1063 1053 1126 provinciis
1074 1063 1192 1112 Hie-
1331 1069 1528 1126 ptatuS,
1551 1061 1604 1111 O.
1627 1061 1845 1126 Valgius
1867 1063 2166 1127 HippianuS,
2193 1063 2268 1112 lb.

252 1131 509 1194 rosolyma
555 1131 815 1194 exportari
862 1130 1079 1190 soleret,
1125 1132 1187 1184 L.
1336 1130 1418 1189 13,
1444 1128 1528 1190 76,
1552 1130 1604 1179 2.
2322 1184 2326 1187 ,

252 1199 460 1249 Flaccus
488 1201 657 1248 sanxit
678 1198 867 1263 edicte,
898 1213 961 1247 ne
980 1215 1044 1248 ex
1067 1201 1192 1250 Asia
1263 1195 1770 1263 Hippocentaurus.
1800 1198 1958 1248 Nemo
1982 1200 2270 1263 Hippocen-

252 1270 510 1332 exportari
534 1266 707 1317 liceret
736 1275 827 1317 etc.
844 1304 857 1326 ,
892 1283 983 1331 pro
1013 1268 1190 1318 Flacco
1329 1275 1526 1316 taurum
1547 1274 1631 1315 aut
1651 1267 1965 1318 Chimaeram
1993 1269 2150 1317 fuisse
2172 1285 2271 1334 pu-

250 1337 336 1397 28,
356 1336 441 1387 67.
472 1335 622 1386 ‘Urbs
652 1337 940 1402 suspiciosa
970 1346 1017 1386 et
1038 1337 1190 1387 male·
1329 1343 1428 1397 tat,
1451 1335 1513 1384 de
1531 1351 1583 1384 n.
1607 1336 1656 1384 d.
1681 1337 1733 1399 2,
1754 1339 1804 1398 2,
1825 1337 1876 1386 5.
1897 1363 1965 1374 —
1983 1337 2272 1402 Hippocen-

252 1407 404 1470 dica’,
437 1407 511 1456 Ib.
1329 1405 1460 1453 tauri
1498 1404 1662 1454 forma
1700 1405 1752 1451 in
1779 1404 1997 1456 nubibus
2035 1407 2276 1456 animad-

180 1471 704 1542 Hicrosolymarius
724 1475 977 1524 traductor
997 1476 1061 1524 ad
1079 1475 1187 1539 ple·
1325 1472 1457 1522 verti
1484 1483 1678 1537 potest,
1702 1473 1765 1521 de
1789 1473 1948 1528 divin.
1972 1476 2004 1525 2
2020 1511 2032 1532 ,
2057 1476 2120 1525 21
2138 1511 2150 1528 ,
2173 1474 2261 1526 49.

250 1545 366 1593 bem
395 1552 608 1593 vocatur
634 1543 907 1608 Pompeius
928 1545 991 1593 ab
1012 1543 1187 1593 Hiero·
1326 1567 1396 1578 ——-
1417 1539 1473 1592 Si
1492 1541 1620 1591 nihil
1643 1549 1720 1590 est
1738 1550 1856 1606 post
1877 1552 2112 1604 mortem,
2137 1545 2261 1592 intei

250 1613 461 1676 solymis
482 1613 671 1675 captiS,
696 1612 763 1660 ad
784 1614 889 1662 Ait.
912 1615 961 1672 2,
986 1611 1036 1671 9,
1067 1613 1115 1662 1.
1323 1611 1789 1675 Hippocentaurum
1807 1647 1823 1672 ,
1867 1613 1954 1674 qui
1989 1626 2268 1673 numquam

178 1679 433 1742 Hilarus,
454 1679 711 1730 Ciceronis
731 1695 909 1730 servus
930 1682 1182 1740 librarius,
1325 1679 1450 1738 fuit,
1497 1687 1547 1728 et
1602 1694 1774 1743 regem
1826 1681 2263 1745 Agamemnonem

248 1751 365 1798 dein
388 1749 613 1810 libertuS,
636 1748 702 1796 ad
720 1748 823 1795 Ati.
851 1749 897 1807 1,
916 1749 998 1811 12,
1019 1751 1069 1802 2.
1106 1751 1182 1799 lb.
1323 1747 1453 1799 nihii
1473 1748 1709 1804 interest,
1729 1749 1932 1798 Tuscul.
1959 1749 2005 1806 1,
2031 1747 2116 1805 37,
2137 1749 2226 1798 90.

249 1819 331 1879 12,
358 1817 444 1878 37,
470 1818 517 1868 l.
556 1817 627 1864 lb.
656 1814 736 1868 13.
760 1813 841 1874 19,
864 1815 911 1865 1.
1256 1815 1634 1883 Hippocrates
1692 1817 1852 1878 Cous,
1911 1818 2269 1868 nobilissimus

178 1883 411 1937 Hilarus
432 1921 447 1948 ‚
477 1885 688 1935 Libonis
714 1883 947 1949 libertus,
983 1886 1051 1937 ad
1079 1887 1185 1937 Att.
1325 1886 1585 1945 medicus,
1615 1885 1802 1950 fragm.
1833 1901 1884 1951 p.
1919 1886 2037 1937 347.
2071 1909 2138 1921 —-·
2163 1885 2263 1936 De-

246 1955 330 2017 16,
358 1959 409 2019 4,
437 1955 486 2005 1.
1325 1957 1544 2020 speratis
1575 1956 1725 2005 etiam
1755 1956 2086 2021 Hippocrates
2129 1964 2266 2005 vetat

174 2022 441 2087 Hilarus,
464 2024 553 2075 Gn.
579 2021 780 2072 Otacilii
798 2022 1015 2072 Nasonis
1034 2023 1181 2073 liber·
1325 2024 1567 2073 adhibere
1597 2024 1926 2086 medicinam,
1963 2026 2029 2073 ad
2049 2026 2150 2073 Att.
2175 2024 2259 2085 16,

245 2101 328 2143 tus
347 2131 360 2154 ,
382 2094 448 2141 ad
468 2092 590 2142 fam.
617 2090 699 2154 13,
729 2090 817 2144 33.
1329 2092 1410 2151 15,
1430 2094 1480 2143 5.
1508 2094 1570 2142 de
1591 2099 1714 2142 orat.
1735 2092 1784 2152 3,
1806 2092 1893 2152 33,
1919 2092 2034 2143 132.
2051 2093 2265 2141 ——Mul-

176 2158 367 2212 Hillus
389 2162 675 2226 appellatur
690 2158 1054 2223 Hirrus,quia
1072 2160 1183 2210 bal·
1321 2168 1490 2209 torum
1520 2170 1841 2227 aegrotorum
1870 2162 2008 2211 salus
2043 2163 2103 2210 ab
2135 2163 2262 2225 Hip-

247 2231 498 2292 butiebat,
522 2230 590 2279 ad
614 2228 735 2281 fam.
760 2232 811 2289 2,
836 2227 918 2291 10,
942 2229 991 2279 1.
1323 2239 1534 2294 pocrate
1551 2231 1722 2295 potius
1742 2246 1894 2292 quam
1921 2230 1983 2279 ab
2016 2231 2262 2279 Aescula-

175 2298 412 2348 Himera
434 2300 547 2349 dea.
579 2298 705 2347 Eius
724 2298 1053 2347 simulacrum
1073 2300 1184 2347 exi·
1321 2299 1409 2362 pio
1432 2299 1572 2353 data,
1593 2300 1654 2348 de
1675 2314 1726 2347 n.
1747 2301 1797 2348 d.
1827 2298 1874 2357 3,
1893 2298 1978 2359 38,
2001 2298 2088 2351 91.

246 2371 345 2417 mia
381 2367 749 2433 pulcritudine,
797 2368 848 2416 in
882 2367 1183 2417 muliebrem
1250 2363 1665 2432 Hippodamia,
1695 2366 1938 2419 Oenomai
1968 2368 2103 2431 regis
2134 2368 2258 2428 filia,

245 2438 463 2503 figuram
477 2437 809 2500 habitumque
830 2436 1098 2485 formatum
1116 2452 1185 2487 ex
1321 2435 1526 2501 Pelopis
1548 2452 1704 2497 uxor,
1729 2436 1934 2486 Tuscul.
1957 2435 2006 2491 3,
2032 2436 2112 2495 12,
2135 2436 2218 2487 26.

247 2508 422 2570 oppidi
444 2508 648 2557 nomine
673 2515 723 2555 et
756 2506 1005 2566 fluminis,
1031 2506 1180 2555 Verr.
1251 2501 1672 2569 Hippodamus,
1722 2504 1876 2555 homo
1920 2504 2164 2555 molestus
2211 2516 2267 2553 et

245 2582 467 2625 accusat.
492 2578 541 2635 2,
564 2573 648 2637 35,
675 2574 763 2625 87.
1323 2574 1512 2623 nullius
1529 2575 1716 2638 precii,
1751 2575 1820 2623 ad
1845 2574 1905 2633 Q.
1930 2574 1992 2623 fr.
2024 2568 2082 2635 3,
2118 2574 2142 2623 l
2166 2609 2180 2631 ,
2203 2572 2255 2625 3.

176 2639 411 2691 Himera
429 2678 443 2705 ,
468 2643 671 2692 Siciliae
692 2643 813 2690 urbs
828 2679 841 2701 ,
865 2657 895 2690 a
912 2643 1181 2709 Karthagi·
1321 2643 1374 2703 §-
1395 2642 1448 2691 9.
1485 2644 1557 2694 lb.
1581 2643 1631 2700 3,
1661 2642 1703 2698 1,
1723 2642 1773 2694 6.
1799 2644 1848 2704 S.
1869 2644 1952 2692 21.

243 2711 505 2761 aiensibus
542 2708 731 2770 deleta,
771 2711 917 2759 Verr.
957 2721 1175 2761 accusat.
1249 2707 1600 2777 Hippolytus
1651 2710 1834 2759 Thesei
1897 2711 2052 2760 filius·
2132 2710 2262 2759 Eius

241 2779 291 2836 2,
314 2778 397 2839 35,
420 2777 506 2831 86.
1322 2780 1493 2827 odium
1515 2781 1566 2827 in
1587 2780 1842 2839 muliereS,
1863 2779 2070 2831 Tuscul.
2092 2779 2144 2839 4,
2168 2778 2258 2839 11,

172 2843 547 2911 Hipparchus.
590 2844 754 2895 Valde
772 2846 1130 2897 Eratosthenes
1150 2865 1181 2897 a
1319 2848 1406 2899 27.
1428 2872 1497 2883 -
1514 2848 1643 2896 Eum
1665 2847 1892 2897 Theseus
1913 2848 2160 2911 perdidit,
2191 2848 2260 2897 de

243 2915 521 2976 Serapione
544 2920 591 2961 et
615 2913 677 2961 ab
697 2913 985 2979 Hipparcho
1004 2928 1179 2981 repre·
1319 2929 1368 2963 n.
1391 2916 1442 2967 d.
1467 2916 1499 2967 3
1515 2953 1529 2979 ,
1554 2914 1619 2965 31
1639 2953 1654 2976 ,
1678 2916 1762 2966 76.
1781 2944 1847 2952 -
1875 2916 1998 2966 Eius
2024 2918 2256 2967 interitus

238 2982 503 3041 henditur,
524 2982 589 3031 ad
614 2985 713 3031 Att.
734 2982 785 3041 2,
811 2981 863 3041 6,
886 2982 935 3033 1.
1320 3000 1350 3031 a
1381 2991 1522 3047 patre
1555 2993 1756 3048 optatus
1773 3021 1788 3047 ,
1823 2986 1957 3048 quod
1985 2988 2030 3035 ei
2067 2986 2130 3034 de
2163 3000 2256 3034 no·

170 3046 411 3114 Hippias
428 3087 443 3111 ,
486 3050 735 3099 Pisistrati
781 3050 917 3101 filius
932 3090 946 3115 ,
995 3054 1080 3115 qui
1124 3055 1173 3101 in
1196 3110 1199 3113 ⁴
1321 3067 1466 3102 verca
1483 3052 1713 3102 Phaedra
1729 3061 2000 3119 suspectus
2021 3061 2170 3113 esset,
2193 3054 2261 3103 de

242 3118 557 3168 Marathonia
598 3134 775 3184 pugna
817 3122 999 3170 cecidit
1036 3138 1177 3171 arma
1319 3121 1403 3170 off.
1427 3123 1486 3181 1,
1513 3120 1604 3183 10,
1627 3121 1711 3173 32.
1755 3122 1827 3171 Ib.
1850 3121 1908 3181 3,
1934 3124 2031 3185 25,
2064 3120 2149 3173 94.
2189 3122 2256 3171 ad

239 3194 409 3235 contra
441 3188 653 3251 patriam
684 3188 848 3243 ferens
862 3224 879 3251 ,
910 3192 974 3239 ad
997 3192 1101 3241 Ati.
1122 3190 1173 3248 9,
1319 3189 1432 3238 Her.
1453 3191 1503 3251 4,
1525 3190 1608 3243 34,
1629 3190 1714 3240 46.
2143 3245 2148 3251 ,

242 3254 322 3310 10.
342 3255 395 3306 3.
1247 3255 1566 3322 Hipponax,
1587 3260 2002 3324 iambographus,
2022 3261 2109 3321 qui
2131 3260 2260 3308 iam-

168 3321 407 3388 Hippias
428 3325 576 3374 Eleus
596 3330 881 3390 caeterique
896 3327 1172 3391 sophistae,
1248 3337 1260 3345 ·’
1315 3328 1394 3374 bis
1441 3328 1764 3377 mordacibus
1818 3328 2148 3378 Authermum
2203 3336 2259 3377 et.

239 3394 419 3455 quibus
438 3409 491 3443 se
512 3398 751 3458 opposuit
764 3395 1013 3461 SocrateS,
1034 3396 1171 3447 Brut.
1316 3395 1567 3444 Bubalum
1595 3396 1660 3445 ad
1693 3398 1866 3445 restim
1903 3398 2129 3462 redegit,
2161 3397 2255 3447 sso-
