2500 3850
589 149 1048 197 THEODEOTES
1072 170 1156 181 ·--
1169 148 1739 198 THEOPHRASTUS.

251 324 372 361 vera
391 307 526 371 apud
551 303 916 370 Thucydidem,
939 304 1077 353 Brut.
1101 305 1186 365 11,

248 380 409 430 42.-
427 376 660 425 Omnium
677 374 895 423 studium
910 374 960 421 in
973 373 1189 436 legendo

251 452 473 495 ereetum
506 442 863 492 Themistoclis
893 442 1016 507 fuga
1055 442 1192 491 redi—

249 524 422 577 tuque,
451 513 518 562 ad
547 510 668 563 fam.
693 510 745 575 5,
772 511 854 571 12,
875 512 924 563 5.
955 540 1010 551 —-·
1035 510 1189 560 Hero-

251 584 402 633 dotus
426 578 817 630 Themistoclem
854 579 1187 644 praedicavit,

251 653 325 703 11).
339 652 392 712 5,
413 651 493 709 12,
511 651 559 699 7.
576 649 1015 699 —Themistocles
1028 649 1189 697 fertur

252 719 540 769 incredibili
587 718 806 781 quadam
839 717 1190 783 magnitudine

248 788 451 839 consilii
477 800 627 849 atque
657 787 850 853 ingenii
870 786 1048 851 fuisse,
1067 786 1192 848 quid

250 857 566 922 responderit
585 856 788 905 cuidam
809 856 956 905 docto
974 854 1186 915 homini,

247 941 406 989 quum
423 927 468 974 is
489 925 591 976 sibi
609 932 766 974 artem
798 925 1068 973 memoriae
1087 930 1188 972 tra-

255 996 375 1045 dere
415 994 564 1043 vellet
585 1031 599 1055 ,
655 994 718 1043 de
738 1000 863 1046 orat.
885 994 937 1056 2,
960 994 1042 1051 74,
1064 991 1183 1043 299.

247 1064 315 1113 cl.
333 1065 400 1119 ib.
414 1064 465 1122 2,
480 1062 564 1121 86,
577 1061 696 1113 351.
721 1063 782 1112 de
797 1062 880 1110 fin.
896 1063 948 1122 2,
963 1061 1047 1123 32,
1067 1060 1183 1111 104.

251 1134 325 1182 Ib.
349 1135 398 1193 2,
425 1130 509 1191 35,
539 1130 655 1181 116.
696 1132 856 1180 Acad.
879 1146 956 1195 pr.
979 1132 1031 1189 2,
1058 1130 1108 1193 l,
1129 1130 1179 1179 2.

249 1230 320 1239 -—
355 1200 500 1259 Quod
526 1200 594 1251 ad
628 1200 953 1249 calliditatem
985 1200 1182 1262 attinet,

239 1270 425 1320 Graeci
443 1267 832 1318 Themistoclem
853 1267 1187 1317 etPheraeum

250 1340 484 1389 Iasonem
503 1338 716 1387 caeteris
745 1342 1086 1401 anteponunt,
1124 1335 1188 1384 de

251 1408 336 1456 off.
366 1408 414 1466 1,
436 1405 519 1465 30,
557 1406 672 1458 108.
713 1433 784 1443 —-
820 1402 1188 1454 Themistocles

252 1477 479 1525 omnium
521 1474 708 1523 civium
754 1479 1054 1538 perceperat
1099 1486 1189 1521 no-

246 1547 415 1604 mina,
454 1542 518 1595 de
535 1558 643 1593 sen.
668 1544 718 1606 7,
739 1543 822 1592 21.
855 1568 924 1579 —-
953 1540 1116 1599 Quum
1135 1541 1187 1588 in

247 1614 416 1679 epulis
444 1620 728 1663 recusasset
755 1611 916 1675 lyram
933 1646 948 1673 ,
983 1609 1187 1659 habitus

245 1692 325 1731 est
349 1682 624 1739 indoctior,
655 1678 861 1731 Tuscul.
886 1679 932 1738 l,
952 1681 1002 1740 2,
1023 1680 1072 1729 4.
1109 1678 1184 1728 11).

177 1765 186 1774 ’
251 1751 279 1799 1
298 1787 312 1814 ,
356 1750 449 1809 15,
488 1748 574 1800 33.
603 1776 676 1787 —-
700 1749 1021 1813 Responsum
1043 1747 1106 1796 ab
1127 1761 1186 1795 eo

247 1816 490 1883 Seriphio
523 1819 725 1869 cuidam
747 1818 949 1877 datum,
987 1817 1050 1865 de
1075 1829 1184 1865 sen.

246 1886 301 1948 3,
332 1886 382 1938 8.
411 1914 484 1923 -
509 1885 633 1936 Eius
654 1887 842 1937 dictum
866 1887 929 1937 de
957 1886 1060 1936 filia
1083 1883 1187 1936 col·

183 1989 190 1995 -
248 1957 491 2017 locanda,
537 1956 618 2005 de*
638 1955 724 2010 off.
773 1959 830 2016 -2,
865 1956 956 2016 20,
999 1956 1083 2008 71.
1118 1983 1188 1992 -

245 2025 607 2076 Themistoclis
694 2025 1002 2088 colloquium
1073 2039 1186 2072 cum

249 2095 476 2144 Aristide
497 2094 560 2144 de
577 2093 739 2146 classe
757 2093 1187 2145 Lacedaemonio-

249 2179 362 2222 rum
381 2163 712 2226 incendenda,
737 2163 800 2212 de
819 2163 906 2212 off.
917 2163 966 2223 3,
993 2163 1076 2223 11,
1098 2160 1184 2211 49.

247 2259 318 2269 —
340 2233 705 2283 Themistocles
729 2240 1049 2297 comparatus
1071 2245 1187 2279 cum

249 2300 430 2351 Solone
453 2339 468 2363 ,
503 2303 577 2352 Ib.
613 2302 660 2363 1,
681 2302 766 2360 22,
788 2301 872 2350 75.
893 2327 962 2336 -
981 2299 1186 2350 Themi-

249 2371 423 2420 stoclis
455 2371 601 2419 liberi
647 2377 894 2434 eguerunt
915 2405 929 2427 ,
982 2369 1080 2432 Ep.
1119 2369 1187 2417 ad

248 2439 391 2491 Brut.
421 2439 467 2497 1,
492 2437 574 2488 15.
605 2467 676 2474 —
705 2437 772 2487 cf.
799 2439 948 2487 etiam
974 2435 1183 2486 Tuscul.

249 2507 296 2567 1,
315 2507 400 2564 46,
426 2507 544 2557 110.
583 2509 646 2556 de
666 2506 748 2555 off.
773 2509 805 2556 2
821 2543 836 2570 ,
859 2507 908 2564 5,
933 2505 1012 2557 16.

177 2573 534 2627 Theodectes
556 2611 570 2638 ‚
621 2575 902 2624 Phaselites
923 2612 936 2635 ‚
988 2573 1188 2622 auditor

246 2638 536 2695 Aristotelis
557 2651 708 2707 atque
729 2644 981 2704 IsocratiS,
1009 2643 1062 2690 in
1081 2643 1185 2708 pri-

247 2714 345 2764 mis
362 2713 554 2778 politus
569 2714 800 2777 scriptor,
813 2720 938 2764 orat.
962 2711 1048 2773 51,
1067 2710 1181 2760 172.
1208 2719 1214 2724 ’

247 2782 316 2834 cf.
345 2783 415 2831 ib.
446 2783 545 2843 57,
568 2782 685 2832 194.
721 2807 794 2818 —-
833 2780 1035 2830 Eximia
1073 2779 1184 2829 eius

247 2851 517 2910 memoria,
553 2850 758 2902 Tuscul.
792 2851 849 2908 1,
885 2850 980 2912 24,
1012 2847 1183 2900 59.-

251 2917 556 2968 Theodectis
591 2919 834 2969 iudicium
872 2918 936 2968 de
971 2933 1184 2982 paeane,

248 2997 380 3038 orat.
405 2985 488 3050 64,
519 2985 638 3036 218.

177 3054 517 3108 Theodorus
575 3057 887 3122 Byzantius,
933 3057 1182 3122 sophista,

250 3134 372 3176 orat.
399 3125 491 3186 12,
525 3123 608 3177 39.
633 3151 702 3163 -
737 3127 1072 3178 Praefractior
1092 3142 1186 3176 nec

249 3196 372 3245 satis
415 3196 696 3254 rotundus,
730 3197 805 3246 Ib.
855 3197 949 3258 13,
988 3195 1074 3248 40.
1111 3222 1184 3258 ,—

249 3262 548 3312 Theodorus
567 3264 617 3312 in
639 3271 745 3314 arte
763 3265 994 3314 subtilior
1011 3264 1184 3327 Lysia,

252 3347 302 3379 m
368 3332 676 3381 orationibus
726 3340 894 3382 autem
949 3332 1183 3389 ieiunior‚

248 3400 385 3454 Brut.
414 3401 495 3463 12,
518 3399 604 3452 48.

2138 136 2254 199 391

1262 303 1598 355 Theodorus
1648 303 1935 369 Cyrenaeus
1956 340 1969 364 ,
2034 304 2263 367 philoso-

1329 373 1461 440 phus
1481 388 1580 421 non
1597 374 1858 437 ignobilis.
1886 374 2261 439 Magnanimum

1330 444 1438 492 eius
1470 456 1769 507 responsum
1789 441 2113 506 Lysimacho,
2146 442 2263 490 Per-

1330 511 1469 576 gami
1488 513 1617 576 regi,
1654 511 1845 570 datum,
1866 510 2072 562 Tuscul.
2109 513 2151 568 Ι,
2176 510 2261 571 43,

1332 580 1448 631 102.
1486 581 1557 628 lb.
1580 580 1631 641 5,
1671 580 1756 639 40,
1786 579 1904 632 117.
1940 605 2007 617 -·
2028 579 2263 628 Theodo-

1326 664 1413 697 rus
1428 648 1727 714 Cyrenaicus
1747 655 1795 697 et
1819 648 2069 714 Diagoras
2084 647 2264 695 Melius

1329 718 1497 767 nullos
1529 732 1643 767 esse
1674 719 1878 766 omnino
1903 718 2025 767 deos
2056 723 2266 781 putave-

1330 794 1465 851 runt,
1488 786 1551 836 de
1572 801 1619 834 n.
1646 786 1695 835 d.
1721 788 1769 848 1,
1796 789 1843 849 1,
1867 788 1917 835 2.
1940 812 2003 822 -
2031 784 2263 835 Theodo-

1327 870 1414 904 rus
1437 856 1687 919 posterior
1706 856 1956 920 Diagorae
1971 890 1985 915 ,
2007 855 2079 905 lb.
2106 856 2153 915 1,
2176 852 2261 915 23,

1326 923 1413 977 63.
1454 925 1528 973 11).
1554 925 1599 983 l,
1624 924 1708 977 42,
1742 924 1855 977 117.

1259 989 1627 1055 Theodorus,
1664 992 2007 1041 Hennensium
2045 992 2259 1055 legatus,

1325 1063 1469 1113 testis
1491 1062 1544 1110 in
1554 1062 1780 1127 Verrem,
1794 1064 1943 1111 Verr.
1967 1067 2186 1109 accusat.
2211 1060 2263 1122 4,

1324 1130 1410 1192 51,
1433 1130 1551 1183 113.

1259 1196 1617 1249 Theodosius
1642 1198 1795 1249 Chius
1804 1236 1823 1264 ,
1860 1198 2155 1248 Hermarchi
2176 1197 2264 1246 ad-
2303 1192 2310 1197 ’

1326 1269 1613 1327 versarius,
1672 1268 1871 1332 legatus
1918 1268 1983 1315 ad
2030 1274 2259 1318 senatum

1326 1339 1533 1393 missua,
1570 1350 1663 1400 per
1679 1336 1737 1383 P.
1763 1334 1995 1384 Clodium
2022 1337 2127 1384 sica
2148 1350 2265 1399 per-

1330 1419 1536 1463 cussus,
1576 1404 1639 1451 de
1655 1402 1865 1467 harusp.
1889 1417 2025 1467 resp.
2053 1401 2143 1462 16,
2176 1403 2262 1453 34.

1264 1471 1710 1535 Theomnastus,
1754 1470 1805 1519 G.
1851 1471 2028 1520 Verris
2066 1471 2268 1520 adiutor

1328 1542 1377 1589 in
1400 1540 1691 1600 sceleribus,
1706 1542 1852 1591 Verr.
1876 1546 2095 1589 accusat.
2111 1541 2163 1601 2,
2177 1540 2263 1599 21,

1326 1610 1411 1661 50.
1458 1609 1529 1658 11).
1554 1609 1603 1673 2,
1625 1609 1711 1669 51,
1734 1609 1852 1659 127.
1913 1608 1975 1658 cl.
1998 1608 2070 1661 ib.
2104 1611 2155 1673 4,
2178 1606 2261 1669 66,

1260 1745 1639 1811 Theophanes
1663 1746 1993 1810 Mytilenaeas
2012 1747 2119 1797 sive
2136 1746 2265 1796 Les·-
2359 1796 2365 1803 ,

1326 1818 1461 1865 bius.
1484 1844 1553 1853 --
1588 1814 1675 1864 Cn.
1699 1816 1971 1880 Pompeius
1992 1813 2265 1879 Theopha-

1328 1900 1473 1948 nem,
1513 1885 1809 1950 scriptorem
1842 1900 2010 1936 rerum
2040 1898 2261 1946 suarum,

1327 1957 1378 2004 in
1400 1957 1632 2006 contione
1652 1951 1867 2004 militum
1886 1955 2092 2003 civitate
2107 1955 2267 2004 dona-

1326 2025 1419 2086 vit,
1458 2037 1551 2088 pro
1570 2023 1759 2074 Archia
1786 2022 1867 2082 10,
1892 2023 1978 2073 24.
2013 2049 2077 2058 --
2096 2023 2265 2071 Fami-

1327 2094 1633 2144 liarissimus
1653 2093 1895 2156 Pompeio
1930 2097 1979 2140 et
2007 2092 2263 2156 particeps

1328 2162 1653 2212 consiliorum
1678 2163 1817 2224 eius,
1852 2161 1915 2210 ad
1937 2161 2038 2210 Att.
2062 2161 2111 2222 2,
2134 2161 2186 2220 5,
2212 2160 2260 2211 1.

1326 2232 1401 2283 11).
1424 2233 1473 2291 2,
1499 2232 1579 2293 12,
1609 2232 1659 2280 2.
1704 2231 1779 2279 11).
1800 2231 1851 2290 2,
1875 2230 1956 2289 17,
1984 2229 2034 2282 3.
2067 2259 2131 2268 --
2158 2229 2264 2277 Va-

1327 2299 1395 2349 let
1415 2301 1686 2348 auctoritas
1717 2300 1827 2348 eius
1849 2299 1987 2362 apud
2007 2299 2095 2348 Cn.
2117 2298 2265 2348 Pom-

1325 2369 1496 2432 peium
1517 2368 1809 2432 plurimum,
1845 2369 1921 2415 Ib.
1947 2367 1997 2429 5,
2020 2367 2102 2427 11,
2125 2366 2174 2416 3.
2198 2391 2263 2400 -

1324 2435 1399 2486 De
1423 2437 1601 2485 Luceii
1627 2435 1855 2484 consiliis
1876 2431 2263 2496 acTheophani‚

1326 2506 1401 2557 lb.
1438 2504 1489 2564 9,
1518 2503 1569 2556 3.
1592 2531 1657 2539 —-
1687 2501 2023 2566 Theophanes
2054 2502 2265 2565 adopta-

1326 2573 1399 2623 vit
1441 2572 1502 2624 L.
1558 2569 1843 2621 cornelium
1886 2571 2128 2632 Balbum,
2167 2584 2261 2635 pro

1330 2639 1487 2691 Balbo
1508 2641 1606 2702 25,
1636 2641 1723 2693 57.
1790 2641 1857 2689 ad
1880 2641 1979 2688 Att.
2006 2641 2054 2702 7,
2088 2639 2137 2700 6,
2174 2638 2258 2689 16.

1322 2711 1396 2762 11).
1426 2709 1476 2774 8,
1515 2711 1610 2770 12,
1652 2710 1701 2762 5.
1749 2735 1807 2746 -
1849 2707 2115 2760 Sermones
2154 2709 2263 2758 eius

1322 2781 1546 2829 minaces
1563 2815 1575 2838 ,
1615 2779 1689 2829 lb.
1710 2778 1770 2839 9,
1796 2779 1879 2838 11,
1902 2779 1953 2832 3.

1258 2845 1615 2914 Theophilus
1634 2885 1647 2911 ‚
1680 2849 1745 2897 Μ.
1772 2847 1995 2898 Marcelli
2032 2848 2261 2907 libertuS‚

1324 2919 1390 2968 ad
1412 2919 1533 2968 fam.
1556 2919 1607 2978 4,
1634 2916 1684 2980 9,
1709 2917 1757 2970 1.
1792 2918 1863 2966 lb.
1886 2919 1937 2975 4,
1967 2915 2049 2973 10,
2075 2917 2121 2966 1.

1256 2985 1691 3052 Theophrastus
1720 2985 1986 3034 divinitate
2024 2982 2265 3044 loquendi

1324 3071 1505 3106 nomen
1535 3055 1761 3115 invenit,
1802 3059 1929 3102 orat.
1954 3050 2049 3112 19,
2073 3049 2163 3102 62.
2196 3077 2263 3086 --

1324 3126 1447 3173 Eius
1479 3123 1681 3171 auditor
1710 3121 1805 3169 fuit
1825 3119 2113 3168 Demetrius
2133 3117 2263 3168 Pha-

1323 3193 1490 3242 lereus
1506 3226 1521 3253 ,
1562 3190 1624 3238 de
1649 3189 1735 3240 fin.
1760 3189 1811 3247 5,
1844 3187 1926 3248 19,
1950 3186 2035 3240 54.
2056 3216 2129 3226 --
2147 3187 2263 3236 Fuit

1326 3259 1571 3324 magister
1588 3257 1827 3306 Demetrii
1846 3255 2094 3315 Phalerei,
2116 3255 2259 3307 Brut.

1324 3327 1387 3389 9,
1430 3325 1513 3378 37.
1564 3353 1635 3364 ——
1683 3326 1761 3374 Ab
1806 3325 2004 3375 anicula
2044 3325 2263 3388 quadam

1325 3395 1622 3446 Atheniensi
1646 3395 1831 3457 hospes
1850 3394 2151 3459 appellatur,
2186 3393 2259 3442 Ib.
