<?xml version="1.0" encoding="UTF-8"?>
<!DOCTYPE html PUBLIC "-//W3C//DTD XHTML 1.0 Transitional//EN"
    "http://www.w3.org/TR/xhtml1/DTD/xhtml1-transitional.dtd">
<html xmlns="http://www.w3.org/1999/xhtml" xml:lang="en" lang="en">
 <head>
  <title>
</title>
<meta http-equiv="Content-Type" content="text/html;charset=utf-8" />
  <meta name='ocr-system' content='tesseract 3.04.00' />
  <meta name='ocr-capabilities' content='ocr_page ocr_carea ocr_par ocr_line ocrx_word'/>
</head>
<body>
  <div class='ocr_page' id='page_1' title='image "./scriptaquaemans04mlgoog_0433.png"; bbox 0 0 2500 3850; ppageno 0'>
   <div class='ocr_carea' id='block_1_1' title="bbox 757 163 2232 269">
    <p class='ocr_par' dir='ltr' id='par_1_1' title="bbox 757 163 2232 269">
     <span class='ocr_line' id='line_1_1' title="bbox 757 163 2232 269; baseline -0.001 -13"><span class='ocrx_word' id='word_1_1' title='bbox 757 210 823 269; x_wconf 82' lang='lat' dir='ltr'><strong>Q.</strong></span> <span class='ocrx_word' id='word_1_2' title='bbox 857 209 1148 258; x_wconf 77' lang='lat' dir='ltr'>TULLIUS</span> <span class='ocrx_word' id='word_1_3' title='bbox 1177 209 1427 258; x_wconf 73' lang='lat' dir='ltr'>emeno</span> <span class='ocrx_word' id='word_1_4' title='bbox 1454 210 1519 268; x_wconf 76' lang='lat' dir='ltr'><strong>Q.</strong></span> <span class='ocrx_word' id='word_1_5' title='bbox 1546 209 1608 254; x_wconf 80' lang='lat' dir='ltr'><strong>F.</strong></span> <span class='ocrx_word' id='word_1_6' title='bbox 2108 163 2232 258; x_wconf 68' lang='lat'>427</span> 
     </span>
    </p>
   </div>
   <div class='ocr_carea' id='block_1_2' title="bbox 126 366 1156 3527">
    <p class='ocr_par' dir='ltr' id='par_1_2' title="bbox 153 366 1156 2457">
     <span class='ocr_line' id='line_1_2' title="bbox 217 366 1152 432; baseline -0.002 -14"><span class='ocrx_word' id='word_1_7' title='bbox 217 377 309 430; x_wconf 85' lang='lat' dir='ltr'>rat,</span> <span class='ocrx_word' id='word_1_8' title='bbox 341 368 468 418; x_wconf 87' lang='lat' dir='ltr'>lecta</span> <span class='ocrx_word' id='word_1_9' title='bbox 493 369 602 418; x_wconf 86' lang='lat' dir='ltr'>eius</span> <span class='ocrx_word' id='word_1_10' title='bbox 628 366 845 431; x_wconf 87' lang='lat' dir='ltr'>epistola</span> <span class='ocrx_word' id='word_1_11' title='bbox 861 367 1152 432; x_wconf 81' lang='lat' dir='ltr'>gravissisi-</span> 
     </span>
     <span class='ocr_line' id='line_1_3' title="bbox 217 435 1146 502; baseline 0.001 -16"><span class='ocrx_word' id='word_1_12' title='bbox 217 443 354 487; x_wconf 47' lang='lat' dir='ltr'>mum*</span> <span class='ocrx_word' id='word_1_13' title='bbox 367 437 502 502; x_wconf 88' lang='lat' dir='ltr'>cepit</span> <span class='ocrx_word' id='word_1_14' title='bbox 513 435 706 495; x_wconf 88' lang='lat' dir='ltr'>Cicero,</span> <span class='ocrx_word' id='word_1_15' title='bbox 722 435 924 488; x_wconf 61' lang='lat' dir='ltr'>adata}</span> <span class='ocrx_word' id='word_1_16' title='bbox 935 435 984 498; x_wconf 76' lang='lat'>1&#39;,</span> <span class='ocrx_word' id='word_1_17' title='bbox 997 437 1058 486; x_wconf 83' lang='lat'>21</span> <span class='ocrx_word' id='word_1_18' title='bbox 1069 473 1082 496; x_wconf 95' lang='lat'>,</span> <span class='ocrx_word' id='word_1_19' title='bbox 1099 437 1124 485; x_wconf 96' lang='grc'>1</span> <span class='ocrx_word' id='word_1_20' title='bbox 1135 477 1146 488; x_wconf 93' lang='grc'>.</span> 
     </span>
     <span class='ocr_line' id='line_1_4' title="bbox 217 505 1151 570; baseline -0.003 -13"><span class='ocrx_word' id='word_1_21' title='bbox 217 509 289 557; x_wconf 88' lang='lat' dir='ltr'>lb.</span> <span class='ocrx_word' id='word_1_22' title='bbox 311 507 394 570; x_wconf 85' lang='lat'>22,</span> <span class='ocrx_word' id='word_1_23' title='bbox 419 506 550 554; x_wconf 89' lang='lat'><strong>1.--</strong></span> <span class='ocrx_word' id='word_1_24' title='bbox 571 505 629 564; x_wconf 92' lang='lat' dir='ltr'><strong>Q.</strong></span> <span class='ocrx_word' id='word_1_25' title='bbox 646 513 793 569; x_wconf 87' lang='lat' dir='ltr'>pater</span> <span class='ocrx_word' id='word_1_26' title='bbox 813 513 1046 568; x_wconf 86' lang='lat' dir='ltr'>quartum</span> <span class='ocrx_word' id='word_1_27' title='bbox 1068 505 1151 554; x_wconf 87' lang='lat' dir='ltr'>vel</span> 
     </span>
     <span class='ocr_line' id='line_1_5' title="bbox 217 574 1152 642; baseline -0.002 -18"><span class='ocrx_word' id='word_1_28' title='bbox 217 577 384 642; x_wconf 85' lang='lat' dir='ltr'>potius</span> <span class='ocrx_word' id='word_1_29' title='bbox 403 575 726 624; x_wconf 84' lang='lat' dir='ltr'>millesimum</span> <span class='ocrx_word' id='word_1_30' title='bbox 747 574 875 623; x_wconf 87' lang='lat' dir='ltr'>nihil</span> <span class='ocrx_word' id='word_1_31' title='bbox 893 575 1046 640; x_wconf 87' lang='lat' dir='ltr'>sapit,</span> <span class='ocrx_word' id='word_1_32' title='bbox 1063 575 1152 637; x_wconf 88' lang='lat' dir='ltr'>qni</span> 
     </span>
     <span class='ocr_line' id='line_1_6' title="bbox 215 642 1152 708; baseline -0.003 -15"><span class='ocrx_word' id='word_1_33' title='bbox 215 647 423 694; x_wconf 86' lang='lat' dir='ltr'>laetetur</span> <span class='ocrx_word' id='word_1_34' title='bbox 439 644 668 708; x_wconf 86' lang='lat' dir='ltr'>Luperco</span> <span class='ocrx_word' id='word_1_35' title='bbox 689 643 794 692; x_wconf 84' lang='lat' dir='ltr'>filio</span> <span class='ocrx_word' id='word_1_36' title='bbox 811 650 861 693; x_wconf 89' lang='lat' dir='ltr'>et</span> <span class='ocrx_word' id='word_1_37' title='bbox 880 642 1061 704; x_wconf 81' lang='lat' dir='ltr'><strong>Statio,</strong></span> <span class='ocrx_word' id='word_1_38' title='bbox 1094 650 1152 692; x_wconf 88' lang='lat' dir='ltr'>ut</span> 
     </span>
     <span class='ocr_line' id='line_1_7' title="bbox 214 711 1150 776; baseline 0 -14"><span class='ocrx_word' id='word_1_39' title='bbox 214 720 382 763; x_wconf 85' lang='lat' dir='ltr'>cernat</span> <span class='ocrx_word' id='word_1_40' title='bbox 433 713 622 776; x_wconf 75' lang='lat' dir='ltr'>duplici</span> <span class='ocrx_word' id='word_1_41' title='bbox 651 713 896 762; x_wconf 83' lang='lat' dir='ltr'>dedecore</span> <span class='ocrx_word' id='word_1_42' title='bbox 923 711 1150 762; x_wconf 88' lang='lat' dir='ltr'>cumula-</span> 
     </span>
     <span class='ocr_line' id='line_1_8' title="bbox 215 781 1151 844; baseline -0.003 -12"><span class='ocrx_word' id='word_1_43' title='bbox 215 793 316 832; x_wconf 85' lang='lat' dir='ltr'>tam</span> <span class='ocrx_word' id='word_1_44' title='bbox 341 782 572 840; x_wconf 87' lang='lat' dir='ltr'>domum,</span> <span class='ocrx_word' id='word_1_45' title='bbox 609 783 683 830; x_wconf 82' lang='lat' dir='ltr'>lb.</span> <span class='ocrx_word' id='word_1_46' title='bbox 710 781 792 844; x_wconf 90' lang='grc'>12,</span> <span class='ocrx_word' id='word_1_47' title='bbox 823 781 874 840; x_wconf 88' lang='grc'>5,</span> <span class='ocrx_word' id='word_1_48' title='bbox 911 781 958 831; x_wconf 94' lang='grc'>1.</span> <span class='ocrx_word' id='word_1_49' title='bbox 992 809 1059 817; x_wconf 89' lang='grc'><strong>-</strong></span> <span class='ocrx_word' id='word_1_50' title='bbox 1094 782 1151 829; x_wconf 90' lang='lat' dir='ltr'>In</span> 
     </span>
     <span class='ocr_line' id='line_1_9' title="bbox 215 848 1152 900; baseline -0.001 0"><span class='ocrx_word' id='word_1_51' title='bbox 215 865 441 900; x_wconf 82' lang='lat' dir='ltr'>sermone</span> <span class='ocrx_word' id='word_1_52' title='bbox 460 866 490 898; x_wconf 86' lang='lat' dir='ltr'>a</span> <span class='ocrx_word' id='word_1_53' title='bbox 501 849 741 899; x_wconf 83' lang='lat' dir='ltr'>Cicerone</span> <span class='ocrx_word' id='word_1_54' title='bbox 763 865 874 899; x_wconf 87' lang='lat' dir='ltr'>cum</span> <span class='ocrx_word' id='word_1_55' title='bbox 889 848 1152 899; x_wconf 81' lang='lat' dir='ltr'>Dolabella</span> 
     </span>
     <span class='ocr_line' id='line_1_10' title="bbox 213 919 1152 970; baseline -0.001 -1"><span class='ocrx_word' id='word_1_56' title='bbox 213 919 386 970; x_wconf 88' lang='lat' dir='ltr'>habito</span> <span class='ocrx_word' id='word_1_57' title='bbox 442 926 640 968; x_wconf 85' lang='lat' dir='ltr'>ventum</span> <span class='ocrx_word' id='word_1_58' title='bbox 700 926 776 966; x_wconf 89' lang='lat' dir='ltr'>est</span> <span class='ocrx_word' id='word_1_59' title='bbox 834 919 1038 968; x_wconf 86' lang='lat' dir='ltr'>tandem</span> <span class='ocrx_word' id='word_1_60' title='bbox 1085 920 1152 968; x_wconf 88' lang='lat' dir='ltr'>ad</span> 
     </span>
     <span class='ocr_line' id='line_1_11' title="bbox 216 977 1150 1051; baseline -0.002 -14"><span class='ocrx_word' id='word_1_61' title='bbox 216 989 467 1048; x_wconf 87' lang='lat' dir='ltr'>Quintum.</span> <span class='ocrx_word' id='word_1_62' title='bbox 545 987 703 1036; x_wconf 88' lang='lat' dir='ltr'>Multa</span> <span class='ocrx_word' id='word_1_63' title='bbox 729 977 948 1050; x_wconf 74' lang='grc' dir='ltr'><strong>ἄφατα,</strong></span> <span class='ocrx_word' id='word_1_64' title='bbox 986 979 1150 1051; x_wconf 75' lang='grc' dir='ltr'><em>ἀδιή-</em></span> 
     </span>
     <span class='ocr_line' id='line_1_12' title="bbox 213 1057 1147 1122; baseline 0.003 -18"><span class='ocrx_word' id='word_1_65' title='bbox 213 1071 372 1122; x_wconf 75' lang='grc' dir='ltr'><strong>γητα,</strong></span> <span class='ocrx_word' id='word_1_66' title='bbox 397 1057 491 1106; x_wconf 88' lang='lat' dir='ltr'>sed</span> <span class='ocrx_word' id='word_1_67' title='bbox 513 1071 664 1105; x_wconf 88' lang='lat' dir='ltr'>unum</span> <span class='ocrx_word' id='word_1_68' title='bbox 685 1057 794 1105; x_wconf 88' lang='lat' dir='ltr'>eius</span> <span class='ocrx_word' id='word_1_69' title='bbox 813 1057 970 1121; x_wconf 88' lang='lat' dir='ltr'>modi,</span> <span class='ocrx_word' id='word_1_70' title='bbox 993 1057 1147 1121; x_wconf 83' lang='lat' dir='ltr'>quod,</span> 
     </span>
     <span class='ocr_line' id='line_1_13' title="bbox 213 1126 1149 1184; baseline -0.001 -8"><span class='ocrx_word' id='word_1_71' title='bbox 213 1127 312 1176; x_wconf 89' lang='lat' dir='ltr'>nisi</span> <span class='ocrx_word' id='word_1_72' title='bbox 351 1126 599 1175; x_wconf 83' lang='lat' dir='ltr'>exercitus</span> <span class='ocrx_word' id='word_1_73' title='bbox 635 1127 811 1184; x_wconf 86' lang='lat' dir='ltr'>sciret,</span> <span class='ocrx_word' id='word_1_74' title='bbox 851 1141 950 1175; x_wconf 89' lang='lat' dir='ltr'>non</span> <span class='ocrx_word' id='word_1_75' title='bbox 997 1126 1149 1177; x_wconf 90' lang='lat' dir='ltr'>modo</span> 
     </span>
     <span class='ocr_line' id='line_1_14' title="bbox 215 1195 1150 1260; baseline 0 -16"><span class='ocrx_word' id='word_1_76' title='bbox 215 1195 386 1244; x_wconf 85' lang='lat' dir='ltr'>Tironi</span> <span class='ocrx_word' id='word_1_77' title='bbox 427 1197 617 1244; x_wconf 87' lang='lat' dir='ltr'>dictare</span> <span class='ocrx_word' id='word_1_78' title='bbox 637 1232 652 1260; x_wconf 91' lang='lat'>,</span> <span class='ocrx_word' id='word_1_79' title='bbox 691 1195 782 1244; x_wconf 90' lang='lat' dir='ltr'>sed</span> <span class='ocrx_word' id='word_1_80' title='bbox 804 1209 869 1245; x_wconf 89' lang='lat' dir='ltr'>ne</span> <span class='ocrx_word' id='word_1_81' title='bbox 896 1196 1008 1260; x_wconf 86' lang='lat' dir='ltr'>ipse</span> <span class='ocrx_word' id='word_1_82' title='bbox 1039 1197 1150 1257; x_wconf 90' lang='lat' dir='ltr'>qui-</span> 
     </span>
     <span class='ocr_line' id='line_1_15' title="bbox 214 1263 1149 1325; baseline 0.006 -13"><span class='ocrx_word' id='word_1_83' title='bbox 214 1265 325 1313; x_wconf 87' lang='lat' dir='ltr'>dem</span> <span class='ocrx_word' id='word_1_84' title='bbox 347 1264 553 1313; x_wconf 81' lang='lat' dir='ltr'>auderet</span> <span class='ocrx_word' id='word_1_85' title='bbox 575 1265 795 1313; x_wconf 87' lang='lat' dir='ltr'>seribere</span> <span class='ocrx_word' id='word_1_86' title='bbox 811 1278 858 1312; x_wconf 87' lang='lat' dir='ltr'>a.</span> <span class='ocrx_word' id='word_1_87' title='bbox 873 1279 926 1316; x_wconf 90' lang='lat' dir='ltr'>u.</span> <span class='ocrx_word' id='word_1_88' title='bbox 944 1281 988 1317; x_wconf 88' lang='lat' dir='ltr'>c.</span> <span class='ocrx_word' id='word_1_89' title='bbox 1006 1263 1149 1325; x_wconf 71' lang='lat'>709„</span> 
     </span>
     <span class='ocr_line' id='line_1_16' title="bbox 210 1332 1152 1392; baseline 0.001 -11"><span class='ocrx_word' id='word_1_90' title='bbox 210 1333 281 1382; x_wconf 91' lang='lat' dir='ltr'>Ib.</span> <span class='ocrx_word' id='word_1_91' title='bbox 305 1332 388 1391; x_wconf 89' lang='grc'>13,</span> <span class='ocrx_word' id='word_1_92' title='bbox 407 1333 458 1392; x_wconf 86' lang='grc'>9,</span> <span class='ocrx_word' id='word_1_93' title='bbox 482 1332 533 1386; x_wconf 96' lang='grc'>1.</span> <span class='ocrx_word' id='word_1_94' title='bbox 570 1359 638 1368; x_wconf 92' lang='lat'>—-</span> <span class='ocrx_word' id='word_1_95' title='bbox 656 1334 704 1380; x_wconf 90' lang='lat' dir='ltr'>A</span> <span class='ocrx_word' id='word_1_96' title='bbox 731 1334 962 1382; x_wconf 87' lang='lat' dir='ltr'>ducenda</span> <span class='ocrx_word' id='word_1_97' title='bbox 996 1348 1152 1382; x_wconf 87' lang='lat' dir='ltr'>uxore</span> 
     </span>
     <span class='ocr_line' id='line_1_17' title="bbox 213 1399 1152 1460; baseline 0.001 -10"><span class='ocrx_word' id='word_1_98' title='bbox 213 1403 288 1450; x_wconf 86' lang='lat' dir='ltr'>sic</span> <span class='ocrx_word' id='word_1_99' title='bbox 305 1399 570 1460; x_wconf 82' lang='lat' dir='ltr'>abhorret,</span> <span class='ocrx_word' id='word_1_100' title='bbox 604 1409 660 1448; x_wconf 85' lang='lat' dir='ltr'>ut</span> <span class='ocrx_word' id='word_1_101' title='bbox 680 1401 840 1450; x_wconf 87' lang='lat' dir='ltr'>libero</span> <span class='ocrx_word' id='word_1_102' title='bbox 861 1400 1045 1450; x_wconf 89' lang='lat' dir='ltr'>lectulo</span> <span class='ocrx_word' id='word_1_103' title='bbox 1065 1416 1152 1451; x_wconf 86' lang='lat' dir='ltr'>ne·</span> 
     </span>
     <span class='ocr_line' id='line_1_18' title="bbox 212 1470 1151 1535; baseline 0 -17"><span class='ocrx_word' id='word_1_104' title='bbox 212 1477 297 1535; x_wconf 89' lang='lat' dir='ltr'>get</span> <span class='ocrx_word' id='word_1_105' title='bbox 349 1483 463 1518; x_wconf 87' lang='lat' dir='ltr'>esse</span> <span class='ocrx_word' id='word_1_106' title='bbox 524 1471 802 1532; x_wconf 83' lang='lat' dir='ltr'>quidquam</span> <span class='ocrx_word' id='word_1_107' title='bbox 861 1470 1151 1529; x_wconf 84' lang='lat' dir='ltr'>iucundius,</span> 
     </span>
     <span class='ocr_line' id='line_1_19' title="bbox 211 1537 1155 1601; baseline 0 -15"><span class='ocrx_word' id='word_1_108' title='bbox 211 1553 258 1586; x_wconf 87' lang='lat' dir='ltr'>a.</span> <span class='ocrx_word' id='word_1_109' title='bbox 303 1554 354 1587; x_wconf 91' lang='lat' dir='ltr'>u.</span> <span class='ocrx_word' id='word_1_110' title='bbox 405 1554 449 1590; x_wconf 91' lang='lat' dir='ltr'>c.</span> <span class='ocrx_word' id='word_1_111' title='bbox 490 1539 632 1598; x_wconf 72' lang='lat'>710„</span> <span class='ocrx_word' id='word_1_112' title='bbox 672 1539 746 1588; x_wconf 84' lang='lat' dir='ltr'>Ib.</span> <span class='ocrx_word' id='word_1_113' title='bbox 770 1538 854 1598; x_wconf 88' lang='grc'>14,</span> <span class='ocrx_word' id='word_1_114' title='bbox 879 1538 962 1601; x_wconf 88' lang='grc'>13,</span> <span class='ocrx_word' id='word_1_115' title='bbox 994 1537 1049 1588; x_wconf 83' lang='lat'><strong>5.</strong></span> <span class='ocrx_word' id='word_1_116' title='bbox 1085 1563 1155 1575; x_wconf 88' lang='lat'>-—</span> 
     </span>
     <span class='ocr_line' id='line_1_20' title="bbox 215 1605 1154 1671; baseline 0.002 -17"><span class='ocrx_word' id='word_1_117' title='bbox 215 1607 272 1666; x_wconf 83' lang='lat' dir='ltr'>Q.</span> <span class='ocrx_word' id='word_1_118' title='bbox 315 1605 452 1655; x_wconf 84' lang='lat' dir='ltr'>filius</span> <span class='ocrx_word' id='word_1_119' title='bbox 473 1607 541 1656; x_wconf 90' lang='lat' dir='ltr'>ad</span> <span class='ocrx_word' id='word_1_120' title='bbox 562 1614 757 1671; x_wconf 88' lang='lat' dir='ltr'>patrem</span> <span class='ocrx_word' id='word_1_121' title='bbox 802 1608 1154 1656; x_wconf 85' lang='lat' dir='ltr'>acerbissimas</span> 
     </span>
     <span class='ocr_line' id='line_1_21' title="bbox 213 1676 1156 1741; baseline 0.001 -18"><span class='ocrx_word' id='word_1_122' title='bbox 213 1676 406 1724; x_wconf 76' lang='lat' dir='ltr'>litteras</span> <span class='ocrx_word' id='word_1_123' title='bbox 434 1676 598 1739; x_wconf 84' lang='lat' dir='ltr'>misit,</span> <span class='ocrx_word' id='word_1_124' title='bbox 639 1690 850 1739; x_wconf 84' lang='lat' dir='ltr'>quarum</span> <span class='ocrx_word' id='word_1_125' title='bbox 879 1683 986 1725; x_wconf 87' lang='lat' dir='ltr'>erat</span> <span class='ocrx_word' id='word_1_126' title='bbox 1005 1683 1156 1741; x_wconf 89' lang='lat' dir='ltr'>caput</span> 
     </span>
     <span class='ocr_line' id='line_1_22' title="bbox 212 1744 1154 1806; baseline 0.002 -14"><span class='ocrx_word' id='word_1_127' title='bbox 212 1744 467 1806; x_wconf 81' lang='lat' dir='ltr'>Aquiliam</span> <span class='ocrx_word' id='word_1_128' title='bbox 505 1759 771 1794; x_wconf 87' lang='lat' dir='ltr'>novercam</span> <span class='ocrx_word' id='word_1_129' title='bbox 803 1759 900 1794; x_wconf 89' lang='lat' dir='ltr'>non</span> <span class='ocrx_word' id='word_1_130' title='bbox 931 1759 1042 1796; x_wconf 84' lang='lat' dir='ltr'>esse</span> <span class='ocrx_word' id='word_1_131' title='bbox 1079 1745 1154 1794; x_wconf 77' lang='lat' dir='ltr'>la-</span> 
     </span>
     <span class='ocr_line' id='line_1_23' title="bbox 209 1811 1153 1874; baseline 0.001 -14"><span class='ocrx_word' id='word_1_132' title='bbox 209 1821 396 1871; x_wconf 85' lang='lat' dir='ltr'>turum,</span> <span class='ocrx_word' id='word_1_133' title='bbox 435 1815 508 1872; x_wconf 90' lang='lat' dir='ltr'>Ib,</span> <span class='ocrx_word' id='word_1_134' title='bbox 539 1811 622 1872; x_wconf 86' lang='lat'>14,</span> <span class='ocrx_word' id='word_1_135' title='bbox 650 1812 734 1874; x_wconf 93' lang='lat' dir='ltr'>l7,</span> <span class='ocrx_word' id='word_1_136' title='bbox 761 1813 811 1864; x_wconf 86' lang='lat'><strong>3.</strong></span> <span class='ocrx_word' id='word_1_137' title='bbox 834 1840 899 1858; x_wconf 87' lang='lat'><strong>-.-·</strong></span> <span class='ocrx_word' id='word_1_138' title='bbox 917 1812 1153 1862; x_wconf 77' lang='lat' dir='ltr'>Exsultat</span> 
     </span>
     <span class='ocr_line' id='line_1_24' title="bbox 211 1880 1150 1949; baseline 0.001 -19"><span class='ocrx_word' id='word_1_139' title='bbox 211 1880 408 1946; x_wconf 82' lang='lat' dir='ltr'>laetitia</span> <span class='ocrx_word' id='word_1_140' title='bbox 428 1883 489 1932; x_wconf 89' lang='lat' dir='ltr'>de</span> <span class='ocrx_word' id='word_1_141' title='bbox 511 1884 568 1942; x_wconf 90' lang='lat' dir='ltr'>Q.</span> <span class='ocrx_word' id='word_1_142' title='bbox 591 1881 712 1947; x_wconf 84' lang='lat' dir='ltr'>filio,</span> <span class='ocrx_word' id='word_1_143' title='bbox 747 1884 821 1933; x_wconf 90' lang='lat' dir='ltr'>Ib.</span> <span class='ocrx_word' id='word_1_144' title='bbox 853 1883 934 1941; x_wconf 89' lang='lat'>15,</span> <span class='ocrx_word' id='word_1_145' title='bbox 977 1882 1062 1949; x_wconf 86' lang='lat'>21,</span> <span class='ocrx_word' id='word_1_146' title='bbox 1100 1880 1150 1932; x_wconf 89' lang='lat'>1.</span> 
     </span>
     <span class='ocr_line' id='line_1_25' title="bbox 210 1950 1150 2012; baseline 0.002 -13"><span class='ocrx_word' id='word_1_147' title='bbox 210 1952 284 2000; x_wconf 90' lang='lat' dir='ltr'>Ib.</span> <span class='ocrx_word' id='word_1_148' title='bbox 310 1950 394 2012; x_wconf 85' lang='lat'>15,</span> <span class='ocrx_word' id='word_1_149' title='bbox 435 1952 518 2011; x_wconf 83' lang='lat'>29,</span> <span class='ocrx_word' id='word_1_150' title='bbox 549 1955 602 2002; x_wconf 88' lang='grc'>2.</span> <span class='ocrx_word' id='word_1_151' title='bbox 637 1978 705 1989; x_wconf 93' lang='lat'>--</span> <span class='ocrx_word' id='word_1_152' title='bbox 741 1952 799 2011; x_wconf 90' lang='lat' dir='ltr'><strong>Q.</strong></span> <span class='ocrx_word' id='word_1_153' title='bbox 823 1951 996 2001; x_wconf 88' lang='lat' dir='ltr'>Cicero</span> <span class='ocrx_word' id='word_1_154' title='bbox 1040 1952 1150 2001; x_wconf 86' lang='lat' dir='ltr'>sive</span> 
     </span>
     <span class='ocr_line' id='line_1_26' title="bbox 216 2020 1154 2084; baseline 0.003 -16"><span class='ocrx_word' id='word_1_155' title='bbox 216 2020 426 2081; x_wconf 89' lang='lat' dir='ltr'>iudici0,</span> <span class='ocrx_word' id='word_1_156' title='bbox 464 2029 521 2069; x_wconf 89' lang='lat' dir='ltr'>ut</span> <span class='ocrx_word' id='word_1_157' title='bbox 565 2020 762 2071; x_wconf 76' lang='lat' dir='ltr'>solebat</span> <span class='ocrx_word' id='word_1_158' title='bbox 805 2020 1004 2084; x_wconf 86' lang='lat' dir='ltr'>dicere,</span> <span class='ocrx_word' id='word_1_159' title='bbox 1044 2022 1154 2071; x_wconf 87' lang='lat' dir='ltr'>sive</span> 
     </span>
     <span class='ocr_line' id='line_1_27' title="bbox 207 2089 1152 2153; baseline 0.002 -16"><span class='ocrx_word' id='word_1_160' title='bbox 207 2089 403 2153; x_wconf 85' lang='lat' dir='ltr'>pudore</span> <span class='ocrx_word' id='word_1_161' title='bbox 425 2104 456 2139; x_wconf 87' lang='lat' dir='ltr'>a</span> <span class='ocrx_word' id='word_1_162' title='bbox 475 2090 688 2139; x_wconf 86' lang='lat' dir='ltr'>dicendo</span> <span class='ocrx_word' id='word_1_163' title='bbox 714 2097 763 2138; x_wconf 91' lang='lat' dir='ltr'>et</span> <span class='ocrx_word' id='word_1_164' title='bbox 786 2090 1056 2141; x_wconf 82' lang='lat' dir='ltr'>timiditate</span> <span class='ocrx_word' id='word_1_165' title='bbox 1073 2090 1152 2139; x_wconf 90' lang='lat' dir='ltr'>in-</span> 
     </span>
     <span class='ocr_line' id='line_1_28' title="bbox 209 2158 1148 2223; baseline 0.003 -17"><span class='ocrx_word' id='word_1_166' title='bbox 209 2172 376 2221; x_wconf 86' lang='lat' dir='ltr'>genua</span> <span class='ocrx_word' id='word_1_167' title='bbox 401 2159 614 2219; x_wconf 88' lang='lat' dir='ltr'>quadam</span> <span class='ocrx_word' id='word_1_168' title='bbox 637 2158 842 2223; x_wconf 76' lang='lat' dir='ltr'>refugit,</span> <span class='ocrx_word' id='word_1_169' title='bbox 867 2160 928 2208; x_wconf 84' lang='lat' dir='ltr'>de</span> <span class='ocrx_word' id='word_1_170' title='bbox 949 2166 1074 2213; x_wconf 85' lang='lat' dir='ltr'>orat.</span> <span class='ocrx_word' id='word_1_171' title='bbox 1097 2160 1148 2219; x_wconf 85' lang='lat'>2,</span> 
     </span>
     <span class='ocr_line' id='line_1_29' title="bbox 210 2224 1152 2285; baseline 0.001 -9"><span class='ocrx_word' id='word_1_172' title='bbox 210 2226 260 2285; x_wconf 84' lang='lat'>3,</span> <span class='ocrx_word' id='word_1_173' title='bbox 284 2224 366 2275; x_wconf 88' lang='grc'><strong>10.</strong></span> <span class='ocrx_word' id='word_1_174' title='bbox 384 2251 456 2261; x_wconf 90' lang='lat'>—-</span> <span class='ocrx_word' id='word_1_175' title='bbox 481 2227 541 2275; x_wconf 87' lang='lat' dir='ltr'>Ei</span> <span class='ocrx_word' id='word_1_176' title='bbox 577 2227 736 2278; x_wconf 86' lang='lat' dir='ltr'>libros</span> <span class='ocrx_word' id='word_1_177' title='bbox 756 2228 820 2276; x_wconf 90' lang='lat' dir='ltr'>de</span> <span class='ocrx_word' id='word_1_178' title='bbox 855 2236 1050 2277; x_wconf 86' lang='lat' dir='ltr'>oratore</span> <span class='ocrx_word' id='word_1_179' title='bbox 1074 2229 1152 2277; x_wconf 89' lang='lat' dir='ltr'>in-</span> 
     </span>
     <span class='ocr_line' id='line_1_30' title="bbox 209 2294 1147 2359; baseline 0.001 -16"><span class='ocrx_word' id='word_1_180' title='bbox 209 2294 387 2343; x_wconf 88' lang='lat' dir='ltr'>scribit</span> <span class='ocrx_word' id='word_1_181' title='bbox 407 2295 624 2357; x_wconf 73' lang='lat' dir='ltr'>Marone,</span> <span class='ocrx_word' id='word_1_182' title='bbox 657 2296 729 2347; x_wconf 87' lang='lat' dir='ltr'>lb.</span> <span class='ocrx_word' id='word_1_183' title='bbox 753 2296 800 2355; x_wconf 89' lang='lat'>1,</span> <span class='ocrx_word' id='word_1_184' title='bbox 825 2296 873 2359; x_wconf 93' lang='lat'>1,</span> <span class='ocrx_word' id='word_1_185' title='bbox 903 2296 952 2345; x_wconf 89' lang='lat'>1.</span> <span class='ocrx_word' id='word_1_186' title='bbox 990 2324 1062 2335; x_wconf 89' lang='lat'>—</span> <span class='ocrx_word' id='word_1_187' title='bbox 1090 2297 1147 2356; x_wconf 92' lang='lat' dir='ltr'><strong>Q.</strong></span> 
     </span>
     <span class='ocr_line' id='line_1_31' title="bbox 153 2362 1148 2457; baseline -0.003 -42"><span class='ocrx_word' id='word_1_188' title='bbox 153 2362 468 2457; x_wconf 45' lang='lat' dir='ltr'>chronis</span> <span class='ocrx_word' id='word_1_189' title='bbox 491 2378 667 2413; x_wconf 87' lang='lat' dir='ltr'>versus</span> <span class='ocrx_word' id='word_1_190' title='bbox 689 2364 898 2427; x_wconf 80' lang='lat' dir='ltr'>aliquot,</span> <span class='ocrx_word' id='word_1_191' title='bbox 911 2363 1046 2414; x_wconf 88' lang='lat' dir='ltr'>Part.</span> <span class='ocrx_word' id='word_1_192' title='bbox 1061 2367 1148 2414; x_wconf 90' lang='lat' dir='ltr'><strong>III.</strong></span> 
     </span>
    </p>

    <p class='ocr_par' dir='ltr' id='par_1_3' title="bbox 126 2430 1151 3527">
     <span class='ocr_line' id='line_1_32' title="bbox 192 2430 1151 2497; baseline 0.006 -19"><span class='ocrx_word' id='word_1_193' title='bbox 192 2430 310 2483; x_wconf 56' lang='lat' dir='ltr'>mol.</span> <span class='ocrx_word' id='word_1_194' title='bbox 342 2431 390 2483; x_wconf 89' lang='lat'><strong>1.</strong></span> <span class='ocrx_word' id='word_1_195' title='bbox 425 2446 477 2495; x_wconf 89' lang='lat' dir='ltr'>p.</span> <span class='ocrx_word' id='word_1_196' title='bbox 513 2430 613 2483; x_wconf 86' lang='lat'>510</span> <span class='ocrx_word' id='word_1_197' title='bbox 647 2448 724 2496; x_wconf 87' lang='lat' dir='ltr'>sq.</span> <span class='ocrx_word' id='word_1_198' title='bbox 764 2460 822 2468; x_wconf 91' lang='lat'>-—</span> <span class='ocrx_word' id='word_1_199' title='bbox 864 2434 984 2482; x_wconf 81' lang='lat' dir='ltr'>Eius</span> <span class='ocrx_word' id='word_1_200' title='bbox 1006 2448 1151 2497; x_wconf 84' lang='lat' dir='ltr'>prae·</span> 
     </span>
     <span class='ocr_line' id='line_1_33' title="bbox 208 2500 1148 2567; baseline 0.001 -17"><span class='ocrx_word' id='word_1_201' title='bbox 208 2501 331 2550; x_wconf 69' lang='lat' dir='ltr'>diat</span> <span class='ocrx_word' id='word_1_202' title='bbox 398 2500 652 2550; x_wconf 79' lang='lat' dir='ltr'>Arcanum</span> <span class='ocrx_word' id='word_1_203' title='bbox 673 2538 689 2566; x_wconf 92' lang='lat'>,</span> <span class='ocrx_word' id='word_1_204' title='bbox 746 2502 812 2551; x_wconf 85' lang='lat' dir='ltr'>ad</span> <span class='ocrx_word' id='word_1_205' title='bbox 866 2502 925 2560; x_wconf 92' lang='lat' dir='ltr'><strong>Q.</strong></span> <span class='ocrx_word' id='word_1_206' title='bbox 972 2502 1035 2555; x_wconf 83' lang='lat' dir='ltr'>fr.</span> <span class='ocrx_word' id='word_1_207' title='bbox 1097 2503 1148 2567; x_wconf 84' lang='lat'>2,</span> 
     </span>
     <span class='ocr_line' id='line_1_34' title="bbox 207 2566 1147 2635; baseline 0.001 -17"><span class='ocrx_word' id='word_1_208' title='bbox 207 2569 242 2618; x_wconf 87' lang='lat'>5</span> <span class='ocrx_word' id='word_1_209' title='bbox 270 2566 380 2633; x_wconf 91' lang='grc'><strong>(7).</strong></span> <span class='ocrx_word' id='word_1_210' title='bbox 419 2570 492 2623; x_wconf 82' lang='lat' dir='ltr'>lb.</span> <span class='ocrx_word' id='word_1_211' title='bbox 519 2568 568 2629; x_wconf 88' lang='grc'><strong>3,</strong></span> <span class='ocrx_word' id='word_1_212' title='bbox 600 2568 652 2630; x_wconf 88' lang='grc'><strong>3,</strong></span> <span class='ocrx_word' id='word_1_213' title='bbox 689 2570 758 2635; x_wconf 88' lang='grc'>1.,</span> <span class='ocrx_word' id='word_1_214' title='bbox 811 2570 1147 2633; x_wconf 87' lang='lat' dir='ltr'>Bovillanum,</span> 
     </span>
     <span class='ocr_line' id='line_1_35' title="bbox 207 2636 1144 2703; baseline 0.002 -18"><span class='ocrx_word' id='word_1_215' title='bbox 207 2637 282 2686; x_wconf 89' lang='lat' dir='ltr'>lb.</span> <span class='ocrx_word' id='word_1_216' title='bbox 307 2636 356 2699; x_wconf 87' lang='lat'>3,</span> <span class='ocrx_word' id='word_1_217' title='bbox 387 2636 436 2701; x_wconf 88' lang='lat'>1,</span> <span class='ocrx_word' id='word_1_218' title='bbox 473 2639 524 2689; x_wconf 87' lang='lat'><strong>2.</strong></span> <span class='ocrx_word' id='word_1_219' title='bbox 575 2640 622 2699; x_wconf 70' lang='grc'>5.</span> <span class='ocrx_word' id='word_1_220' title='bbox 661 2638 745 2703; x_wconf 89' lang='grc'>3.,</span> <span class='ocrx_word' id='word_1_221' title='bbox 788 2639 1042 2689; x_wconf 80' lang='lat' dir='ltr'>Laterium</span> <span class='ocrx_word' id='word_1_222' title='bbox 1072 2640 1144 2688; x_wconf 90' lang='lat' dir='ltr'>Ib.</span> 
     </span>
     <span class='ocr_line' id='line_1_36' title="bbox 207 2706 1144 2822; baseline 0.003 -68"><span class='ocrx_word' id='word_1_223' title='bbox 207 2706 241 2755; x_wconf 79' lang='lat'><strong>3</strong></span> <span class='ocrx_word' id='word_1_224' title='bbox 259 2706 362 2822; x_wconf 75' lang='lat'>,33,</span> <span class='ocrx_word' id='word_1_225' title='bbox 405 2708 473 2769; x_wconf 92' lang='grc'>1.,</span> <span class='ocrx_word' id='word_1_226' title='bbox 504 2706 819 2756; x_wconf 84' lang='lat' dir='ltr'>Fufidianum</span> <span class='ocrx_word' id='word_1_227' title='bbox 843 2710 914 2759; x_wconf 87' lang='lat' dir='ltr'>lb.</span> <span class='ocrx_word' id='word_1_228' title='bbox 940 2708 990 2768; x_wconf 85' lang='lat'>3,</span> <span class='ocrx_word' id='word_1_229' title='bbox 1015 2710 1062 2769; x_wconf 91' lang='lat'>1,</span> <span class='ocrx_word' id='word_1_230' title='bbox 1093 2710 1144 2757; x_wconf 89' lang='grc'>2.</span> 
     </span>
     <span class='ocr_line' id='line_1_37' title="bbox 126 2840 1143 2908; baseline 0.008 -18"><span class='ocrx_word' id='word_1_231' title='bbox 126 2840 206 2907; x_wconf 81' lang='lat' dir='ltr'><strong>Q.</strong></span> <span class='ocrx_word' id='word_1_232' title='bbox 248 2840 478 2893; x_wconf 79' lang='lat' dir='ltr'>Tullius</span> <span class='ocrx_word' id='word_1_233' title='bbox 519 2842 748 2908; x_wconf 85' lang='lat' dir='ltr'>Cicero,</span> <span class='ocrx_word' id='word_1_234' title='bbox 793 2846 962 2906; x_wconf 83' lang='lat' dir='ltr'>Quinti</span> <span class='ocrx_word' id='word_1_235' title='bbox 990 2846 1143 2899; x_wconf 83' lang='lat' dir='ltr'>filius,</span> 
     </span>
     <span class='ocr_line' id='line_1_38' title="bbox 203 2911 1150 2982; baseline 0.008 -24"><span class='ocrx_word' id='word_1_236' title='bbox 203 2911 337 2959; x_wconf 88' lang='lat' dir='ltr'>Eum</span> <span class='ocrx_word' id='word_1_237' title='bbox 373 2920 714 2976; x_wconf 79' lang='lat' dir='ltr'>aegrotantem</span> <span class='ocrx_word' id='word_1_238' title='bbox 749 2916 813 2964; x_wconf 91' lang='lat' dir='ltr'>M.</span> <span class='ocrx_word' id='word_1_239' title='bbox 851 2915 1022 2965; x_wconf 86' lang='lat' dir='ltr'>Cicero</span> <span class='ocrx_word' id='word_1_240' title='bbox 1055 2931 1150 2982; x_wconf 85' lang='lat' dir='ltr'>pa-</span> 
     </span>
     <span class='ocr_line' id='line_1_39' title="bbox 200 2980 1145 3035; baseline 0.01 -9"><span class='ocrx_word' id='word_1_241' title='bbox 200 2989 348 3028; x_wconf 74' lang='lat' dir='ltr'>truus</span> <span class='ocrx_word' id='word_1_242' title='bbox 385 2980 552 3029; x_wconf 88' lang='lat' dir='ltr'>Attico</span> <span class='ocrx_word' id='word_1_243' title='bbox 589 2984 904 3033; x_wconf 84' lang='lat' dir='ltr'>commendat</span> <span class='ocrx_word' id='word_1_244' title='bbox 942 2991 990 3034; x_wconf 87' lang='lat' dir='ltr'>et</span> <span class='ocrx_word' id='word_1_245' title='bbox 1029 3000 1145 3035; x_wconf 87' lang='lat' dir='ltr'>cum</span> 
     </span>
     <span class='ocr_line' id='line_1_40' title="bbox 201 3048 1146 3118; baseline 0.008 -22"><span class='ocrx_word' id='word_1_246' title='bbox 201 3063 264 3097; x_wconf 84' lang='lat' dir='ltr'>co</span> <span class='ocrx_word' id='word_1_247' title='bbox 317 3048 415 3099; x_wconf 87' lang='lat' dir='ltr'>sibi</span> <span class='ocrx_word' id='word_1_248' title='bbox 465 3051 576 3113; x_wconf 76' lang='lat' dir='ltr'>ipse</span> <span class='ocrx_word' id='word_1_249' title='bbox 637 3061 901 3118; x_wconf 81' lang='lat' dir='ltr'>aegrotare</span> <span class='ocrx_word' id='word_1_250' title='bbox 945 3054 1146 3105; x_wconf 84' lang='lat' dir='ltr'>videtur</span> 
     </span>
     <span class='ocr_line' id='line_1_41' title="bbox 203 3118 1144 3187; baseline 0.009 -23"><span class='ocrx_word' id='word_1_251' title='bbox 203 3133 253 3165; x_wconf 86' lang='lat' dir='ltr'>a.</span> <span class='ocrx_word' id='word_1_252' title='bbox 286 3132 342 3165; x_wconf 85' lang='lat' dir='ltr'>u.</span> <span class='ocrx_word' id='word_1_253' title='bbox 373 3134 418 3170; x_wconf 91' lang='lat' dir='ltr'>c.</span> <span class='ocrx_word' id='word_1_254' title='bbox 453 3118 596 3179; x_wconf 73' lang='lat'>694„</span> <span class='ocrx_word' id='word_1_255' title='bbox 628 3122 695 3171; x_wconf 86' lang='lat' dir='ltr'>ad</span> <span class='ocrx_word' id='word_1_256' title='bbox 717 3124 820 3175; x_wconf 86' lang='lat' dir='ltr'>Att.</span> <span class='ocrx_word' id='word_1_257' title='bbox 847 3124 896 3181; x_wconf 88' lang='grc'>2,</span> <span class='ocrx_word' id='word_1_258' title='bbox 927 3124 976 3187; x_wconf 87' lang='grc'>2,</span> <span class='ocrx_word' id='word_1_259' title='bbox 1006 3123 1054 3173; x_wconf 94' lang='grc'>1.</span> <span class='ocrx_word' id='word_1_260' title='bbox 1077 3150 1144 3159; x_wconf 88' lang='lat'>-·</span> 
     </span>
     <span class='ocr_line' id='line_1_42' title="bbox 195 3188 1140 3256; baseline 0.008 -23"><span class='ocrx_word' id='word_1_261' title='bbox 195 3188 335 3235; x_wconf 89' lang='lat' dir='ltr'>Puer</span> <span class='ocrx_word' id='word_1_262' title='bbox 364 3188 613 3251; x_wconf 59' lang='lat' dir='ltr'>optimust,</span> <span class='ocrx_word' id='word_1_263' title='bbox 653 3191 882 3241; x_wconf 86' lang='lat' dir='ltr'>eruditur</span> <span class='ocrx_word' id='word_1_264' title='bbox 915 3192 1140 3256; x_wconf 76' lang='lat' dir='ltr'>egregie.</span> 
     </span>
     <span class='ocr_line' id='line_1_43' title="bbox 198 3254 1149 3325; baseline 0.009 -25"><span class='ocrx_word' id='word_1_265' title='bbox 198 3254 314 3301; x_wconf 86' lang='lat' dir='ltr'>Hoc</span> <span class='ocrx_word' id='word_1_266' title='bbox 367 3269 500 3305; x_wconf 88' lang='lat' dir='ltr'>nune</span> <span class='ocrx_word' id='word_1_267' title='bbox 554 3260 720 3325; x_wconf 84' lang='lat' dir='ltr'>magis</span> <span class='ocrx_word' id='word_1_268' title='bbox 789 3260 1149 3310; x_wconf 86' lang='lat' dir='ltr'>animadvertit</span> 
     </span>
     <span class='ocr_line' id='line_1_44' title="bbox 201 3322 1148 3391; baseline 0.006 -21"><span class='ocrx_word' id='word_1_269' title='bbox 201 3322 402 3379; x_wconf 85' lang='lat' dir='ltr'>Cicero,</span> <span class='ocrx_word' id='word_1_270' title='bbox 417 3326 553 3386; x_wconf 85' lang='lat' dir='ltr'>quod</span> <span class='ocrx_word' id='word_1_271' title='bbox 563 3326 818 3391; x_wconf 78' lang='lat' dir='ltr'>Tyrannio</span> <span class='ocrx_word' id='word_1_272' title='bbox 839 3330 984 3381; x_wconf 86' lang='lat' dir='ltr'>docet</span> <span class='ocrx_word' id='word_1_273' title='bbox 1009 3328 1148 3391; x_wconf 89' lang='lat' dir='ltr'>apud</span> 
     </span>
     <span class='ocr_line' id='line_1_45' title="bbox 197 3393 1142 3457; baseline 0.008 -20"><span class='ocrx_word' id='word_1_274' title='bbox 197 3404 258 3437; x_wconf 88' lang='lat' dir='ltr'>se</span> <span class='ocrx_word' id='word_1_275' title='bbox 295 3405 344 3443; x_wconf 87' lang='lat' dir='ltr'>a.</span> <span class='ocrx_word' id='word_1_276' title='bbox 367 3406 418 3444; x_wconf 83' lang='lat' dir='ltr'>n.</span> <span class='ocrx_word' id='word_1_277' title='bbox 444 3409 488 3441; x_wconf 89' lang='lat' dir='ltr'>c.</span> <span class='ocrx_word' id='word_1_278' title='bbox 512 3393 654 3455; x_wconf 70' lang='lat'>698„</span> <span class='ocrx_word' id='word_1_279' title='bbox 685 3398 750 3447; x_wconf 89' lang='lat' dir='ltr'>ad</span> <span class='ocrx_word' id='word_1_280' title='bbox 777 3398 836 3455; x_wconf 90' lang='lat' dir='ltr'>Q.</span> <span class='ocrx_word' id='word_1_281' title='bbox 861 3400 926 3447; x_wconf 77' lang='lat' dir='ltr'>fr.</span> <span class='ocrx_word' id='word_1_282' title='bbox 948 3399 998 3457; x_wconf 89' lang='grc'>2,</span> <span class='ocrx_word' id='word_1_283' title='bbox 1018 3398 1069 3451; x_wconf 87' lang='grc'>4,</span> <span class='ocrx_word' id='word_1_284' title='bbox 1091 3397 1142 3445; x_wconf 94' lang='grc'>2.</span> 
     </span>
     <span class='ocr_line' id='line_1_46' title="bbox 193 3459 1146 3527; baseline 0.008 -21"><span class='ocrx_word' id='word_1_285' title='bbox 193 3485 274 3495; x_wconf 91' lang='grc'>--</span> <span class='ocrx_word' id='word_1_286' title='bbox 301 3459 434 3509; x_wconf 86' lang='lat' dir='ltr'>Puer</span> <span class='ocrx_word' id='word_1_287' title='bbox 456 3464 703 3526; x_wconf 84' lang='lat' dir='ltr'>optimus,</span> <span class='ocrx_word' id='word_1_288' title='bbox 737 3465 969 3527; x_wconf 84' lang='lat' dir='ltr'>Quintus,</span> <span class='ocrx_word' id='word_1_289' title='bbox 1009 3466 1146 3527; x_wconf 91' lang='lat' dir='ltr'>quod</span> 
     </span>
    </p>
   </div>
   <div class='ocr_carea' id='block_1_3' title="bbox 1288 363 2239 2837">
    <p class='ocr_par' dir='ltr' id='par_1_4' title="bbox 1288 363 2239 2837">
     <span class='ocr_line' id='line_1_47' title="bbox 1292 363 2236 431; baseline -0.004 -15"><span class='ocrx_word' id='word_1_290' title='bbox 1292 364 1565 431; x_wconf 87' lang='lat' dir='ltr'>perleviter</span> <span class='ocrx_word' id='word_1_291' title='bbox 1594 371 1874 416; x_wconf 84' lang='lat' dir='ltr'>commotus</span> <span class='ocrx_word' id='word_1_292' title='bbox 1914 363 2110 427; x_wconf 80' lang='lat' dir='ltr'>fuerat,</span> <span class='ocrx_word' id='word_1_293' title='bbox 2146 364 2236 414; x_wconf 83' lang='lat' dir='ltr'>de-</span> 
     </span>
     <span class='ocr_line' id='line_1_48' title="bbox 1291 433 2237 500; baseline -0.004 -16"><span class='ocrx_word' id='word_1_294' title='bbox 1291 435 1390 484; x_wconf 75' lang='lat' dir='ltr'>fuit</span> <span class='ocrx_word' id='word_1_295' title='bbox 1408 434 1731 500; x_wconf 83' lang='lat' dir='ltr'>Crassipedis</span> <span class='ocrx_word' id='word_1_296' title='bbox 1761 434 1954 499; x_wconf 89' lang='lat' dir='ltr'>nuptiis</span> <span class='ocrx_word' id='word_1_297' title='bbox 1975 449 2089 484; x_wconf 89' lang='lat' dir='ltr'>cum</span> <span class='ocrx_word' id='word_1_298' title='bbox 2111 433 2237 482; x_wconf 91' lang='lat' dir='ltr'>Tul-</span> 
     </span>
     <span class='ocr_line' id='line_1_49' title="bbox 1291 501 2237 567; baseline -0.001 -15"><span class='ocrx_word' id='word_1_299' title='bbox 1291 505 1361 553; x_wconf 88' lang='lat' dir='ltr'>lia</span> <span class='ocrx_word' id='word_1_300' title='bbox 1378 519 1424 553; x_wconf 88' lang='lat' dir='ltr'>a.</span> <span class='ocrx_word' id='word_1_301' title='bbox 1446 519 1498 559; x_wconf 87' lang='lat' dir='ltr'>u.</span> <span class='ocrx_word' id='word_1_302' title='bbox 1527 520 1569 553; x_wconf 90' lang='lat' dir='ltr'>c.</span> <span class='ocrx_word' id='word_1_303' title='bbox 1590 501 1733 562; x_wconf 67' lang='lat'>698„</span> <span class='ocrx_word' id='word_1_304' title='bbox 1770 503 1841 556; x_wconf 88' lang='lat' dir='ltr'>Ib.</span> <span class='ocrx_word' id='word_1_305' title='bbox 1860 504 1911 566; x_wconf 84' lang='lat'>2,</span> <span class='ocrx_word' id='word_1_306' title='bbox 1940 507 1975 552; x_wconf 86' lang='lat'>4</span> <span class='ocrx_word' id='word_1_307' title='bbox 1994 502 2075 567; x_wconf 86' lang='lat'>(6)</span> <span class='ocrx_word' id='word_1_308' title='bbox 2099 503 2146 553; x_wconf 93' lang='lat'>1.</span> <span class='ocrx_word' id='word_1_309' title='bbox 2167 529 2237 542; x_wconf 86' lang='lat'>—-·</span> 
     </span>
     <span class='ocr_line' id='line_1_50' title="bbox 1292 571 2236 623; baseline 0 -1"><span class='ocrx_word' id='word_1_310' title='bbox 1292 573 1550 623; x_wconf 84' lang='lat' dir='ltr'>Festivnm</span> <span class='ocrx_word' id='word_1_311' title='bbox 1602 571 1779 622; x_wconf 83' lang='lat' dir='ltr'>habuit</span> <span class='ocrx_word' id='word_1_312' title='bbox 1837 585 2122 622; x_wconf 84' lang='lat' dir='ltr'>sermonem</span> <span class='ocrx_word' id='word_1_313' title='bbox 2175 574 2236 622; x_wconf 88' lang='lat' dir='ltr'>de</span> 
     </span>
     <span class='ocr_line' id='line_1_51' title="bbox 1294 641 2236 706; baseline -0.003 -14"><span class='ocrx_word' id='word_1_314' title='bbox 1294 643 1562 692; x_wconf 79' lang='lat' dir='ltr'>Terentiae</span> <span class='ocrx_word' id='word_1_315' title='bbox 1603 649 1651 690; x_wconf 88' lang='lat' dir='ltr'>et</span> <span class='ocrx_word' id='word_1_316' title='bbox 1690 641 2000 706; x_wconf 83' lang='lat' dir='ltr'>Pomponiae</span> <span class='ocrx_word' id='word_1_317' title='bbox 2044 641 2236 691; x_wconf 83' lang='lat' dir='ltr'>discor-</span> 
     </span>
     <span class='ocr_line' id='line_1_52' title="bbox 1294 709 2236 775; baseline -0.002 -15"><span class='ocrx_word' id='word_1_318' title='bbox 1294 712 1412 775; x_wconf 88' lang='lat' dir='ltr'>diis,</span> <span class='ocrx_word' id='word_1_319' title='bbox 1436 711 1509 762; x_wconf 89' lang='lat' dir='ltr'>Ib.</span> <span class='ocrx_word' id='word_1_320' title='bbox 1529 737 1599 748; x_wconf 91' lang='lat'>--</span> <span class='ocrx_word' id='word_1_321' title='bbox 1616 709 1731 760; x_wconf 88' lang='lat' dir='ltr'>Nisi</span> <span class='ocrx_word' id='word_1_322' title='bbox 1750 711 1834 760; x_wconf 90' lang='lat' dir='ltr'>ille</span> <span class='ocrx_word' id='word_1_323' title='bbox 1853 726 1910 761; x_wconf 87' lang='lat' dir='ltr'>se</span> <span class='ocrx_word' id='word_1_324' title='bbox 1935 717 2236 772; x_wconf 84' lang='lat' dir='ltr'>contemnet,</span> 
     </span>
     <span class='ocr_line' id='line_1_53' title="bbox 1294 779 2238 846; baseline -0.004 -16"><span class='ocrx_word' id='word_1_325' title='bbox 1294 782 1445 830; x_wconf 85' lang='lat' dir='ltr'>etiam</span> <span class='ocrx_word' id='word_1_326' title='bbox 1478 782 1777 846; x_wconf 82' lang='lat' dir='ltr'>magistrum</span> <span class='ocrx_word' id='word_1_327' title='bbox 1820 796 1876 830; x_wconf 88' lang='lat' dir='ltr'>se</span> <span class='ocrx_word' id='word_1_328' title='bbox 1914 781 1960 829; x_wconf 92' lang='lat' dir='ltr'>ei</span> <span class='ocrx_word' id='word_1_329' title='bbox 2008 779 2238 845; x_wconf 85' lang='lat' dir='ltr'>profiteri</span> 
     </span>
     <span class='ocr_line' id='line_1_54' title="bbox 1292 849 2237 910; baseline -0.003 -11"><span class='ocrx_word' id='word_1_330' title='bbox 1292 849 1401 899; x_wconf 86' lang='lat' dir='ltr'>vult</span> <span class='ocrx_word' id='word_1_331' title='bbox 1430 850 1603 901; x_wconf 86' lang='lat' dir='ltr'>Cicero</span> <span class='ocrx_word' id='word_1_332' title='bbox 1642 864 1691 898; x_wconf 87' lang='lat' dir='ltr'>a.</span> <span class='ocrx_word' id='word_1_333' title='bbox 1723 865 1780 900; x_wconf 88' lang='lat' dir='ltr'>u.</span> <span class='ocrx_word' id='word_1_334' title='bbox 1814 865 1856 898; x_wconf 88' lang='lat' dir='ltr'>c.</span> <span class='ocrx_word' id='word_1_335' title='bbox 1890 849 2030 910; x_wconf 91' lang='grc'><strong>700.,</strong></span> <span class='ocrx_word' id='word_1_336' title='bbox 2072 849 2145 901; x_wconf 88' lang='lat' dir='ltr'>lb.</span> <span class='ocrx_word' id='word_1_337' title='bbox 2187 850 2237 905; x_wconf 74' lang='lat'>2,</span> 
     </span>
     <span class='ocr_line' id='line_1_55' title="bbox 1294 917 2237 984; baseline -0.001 -15"><span class='ocrx_word' id='word_1_338' title='bbox 1294 918 1515 984; x_wconf 67' lang='lat'>1204),</span> <span class='ocrx_word' id='word_1_339' title='bbox 1537 921 1588 970; x_wconf 87' lang='lat'><strong>2.</strong></span> <span class='ocrx_word' id='word_1_340' title='bbox 1625 918 1696 972; x_wconf 75' lang='lat' dir='ltr'>lb.</span> <span class='ocrx_word' id='word_1_341' title='bbox 1734 917 1856 979; x_wconf 89' lang='lat'>3,1,</span> <span class='ocrx_word' id='word_1_342' title='bbox 1880 918 1930 970; x_wconf 88' lang='grc'>3.</span> <span class='ocrx_word' id='word_1_343' title='bbox 1980 921 2029 981; x_wconf 72' lang='lat'>§-</span> <span class='ocrx_word' id='word_1_344' title='bbox 2066 917 2118 968; x_wconf 84' lang='lat'><strong>7.</strong></span> <span class='ocrx_word' id='word_1_345' title='bbox 2164 918 2237 968; x_wconf 86' lang='lat' dir='ltr'>lb.</span> 
     </span>
     <span class='ocr_line' id='line_1_56' title="bbox 1292 985 2231 1052; baseline -0.004 -16"><span class='ocrx_word' id='word_1_346' title='bbox 1292 989 1343 1052; x_wconf 88' lang='lat'>2,</span> <span class='ocrx_word' id='word_1_347' title='bbox 1377 989 1420 1047; x_wconf 90' lang='lat'>1,</span> <span class='ocrx_word' id='word_1_348' title='bbox 1440 989 1491 1039; x_wconf 91' lang='lat'>4.</span> <span class='ocrx_word' id='word_1_349' title='bbox 1530 990 1578 1049; x_wconf 79' lang='lat'>§-</span> <span class='ocrx_word' id='word_1_350' title='bbox 1601 988 1679 1037; x_wconf 87' lang='grc'><strong>14.</strong></span> <span class='ocrx_word' id='word_1_351' title='bbox 1734 988 1808 1039; x_wconf 90' lang='lat' dir='ltr'>Ib.</span> <span class='ocrx_word' id='word_1_352' title='bbox 1833 987 1883 1047; x_wconf 84' lang='lat'>3,</span> <span class='ocrx_word' id='word_1_353' title='bbox 1911 987 1957 1049; x_wconf 93' lang='lat'>1,</span> <span class='ocrx_word' id='word_1_354' title='bbox 1980 987 2031 1038; x_wconf 88' lang='grc'>6.</span> <span class='ocrx_word' id='word_1_355' title='bbox 2068 988 2119 1049; x_wconf 74' lang='lat' dir='ltr'><strong>S.</strong></span> <span class='ocrx_word' id='word_1_356' title='bbox 2146 985 2231 1037; x_wconf 81' lang='lat'>19.</span> 
     </span>
     <span class='ocr_line' id='line_1_57' title="bbox 1291 1055 2236 1107; baseline -0.004 -1"><span class='ocrx_word' id='word_1_357' title='bbox 1291 1083 1359 1106; x_wconf 88' lang='lat'>-.—</span> <span class='ocrx_word' id='word_1_358' title='bbox 1379 1055 1587 1107; x_wconf 87' lang='lat' dir='ltr'>Summo</span> <span class='ocrx_word' id='word_1_359' title='bbox 1615 1057 1783 1106; x_wconf 86' lang='lat' dir='ltr'>studio</span> <span class='ocrx_word' id='word_1_360' title='bbox 1815 1064 1891 1106; x_wconf 86' lang='lat' dir='ltr'>est</span> <span class='ocrx_word' id='word_1_361' title='bbox 1915 1055 2121 1106; x_wconf 87' lang='lat' dir='ltr'>Paeonii</span> <span class='ocrx_word' id='word_1_362' title='bbox 2153 1056 2236 1104; x_wconf 88' lang='lat' dir='ltr'>sui</span> 
     </span>
     <span class='ocr_line' id='line_1_58' title="bbox 1292 1123 2234 1189; baseline -0.002 -15"><span class='ocrx_word' id='word_1_363' title='bbox 1292 1125 1508 1175; x_wconf 89' lang='lat' dir='ltr'>rhetoris</span> <span class='ocrx_word' id='word_1_364' title='bbox 1530 1163 1543 1183; x_wconf 89' lang='lat'>,</span> <span class='ocrx_word' id='word_1_365' title='bbox 1582 1126 1652 1175; x_wconf 81' lang='lat' dir='ltr'>rb.</span> <span class='ocrx_word' id='word_1_366' title='bbox 1686 1125 1737 1186; x_wconf 83' lang='lat'>3,</span> <span class='ocrx_word' id='word_1_367' title='bbox 1758 1123 1809 1189; x_wconf 87' lang='grc'>3,</span> <span class='ocrx_word' id='word_1_368' title='bbox 1831 1129 1883 1176; x_wconf 88' lang='grc'>4.</span> <span class='ocrx_word' id='word_1_369' title='bbox 1941 1126 2013 1175; x_wconf 86' lang='lat' dir='ltr'>lb.</span> <span class='ocrx_word' id='word_1_370' title='bbox 2038 1125 2088 1183; x_wconf 84' lang='lat'>3,</span> <span class='ocrx_word' id='word_1_371' title='bbox 2109 1123 2159 1183; x_wconf 85' lang='lat'>9,</span> <span class='ocrx_word' id='word_1_372' title='bbox 2183 1123 2234 1182; x_wconf 85' lang='lat'><strong>9.</strong></span> 
     </span>
     <span class='ocr_line' id='line_1_59' title="bbox 1289 1191 2235 1260; baseline -0.004 -17"><span class='ocrx_word' id='word_1_373' title='bbox 1289 1219 1361 1232; x_wconf 91' lang='lat'>·-</span> <span class='ocrx_word' id='word_1_374' title='bbox 1375 1195 1435 1243; x_wconf 89' lang='lat' dir='ltr'>Ei</span> <span class='ocrx_word' id='word_1_375' title='bbox 1450 1204 1567 1260; x_wconf 83' lang='lat' dir='ltr'>toga</span> <span class='ocrx_word' id='word_1_376' title='bbox 1588 1209 1715 1258; x_wconf 89' lang='lat' dir='ltr'>pura</span> <span class='ocrx_word' id='word_1_377' title='bbox 1735 1196 1882 1245; x_wconf 87' lang='lat' dir='ltr'>datur</span> <span class='ocrx_word' id='word_1_378' title='bbox 1904 1209 1949 1244; x_wconf 88' lang='lat' dir='ltr'>a.</span> <span class='ocrx_word' id='word_1_379' title='bbox 1966 1211 2015 1244; x_wconf 89' lang='lat' dir='ltr'>u.</span> <span class='ocrx_word' id='word_1_380' title='bbox 2033 1209 2077 1242; x_wconf 86' lang='lat' dir='ltr'>c.</span> <span class='ocrx_word' id='word_1_381' title='bbox 2094 1191 2235 1254; x_wconf 89' lang='lat'>703.,</span> 
     </span>
     <span class='ocr_line' id='line_1_60' title="bbox 1293 1263 2233 1325; baseline -0.005 -11"><span class='ocrx_word' id='word_1_382' title='bbox 1293 1265 1361 1314; x_wconf 89' lang='lat' dir='ltr'>ad</span> <span class='ocrx_word' id='word_1_383' title='bbox 1389 1265 1491 1312; x_wconf 72' lang='lat' dir='ltr'>Aa.</span> <span class='ocrx_word' id='word_1_384' title='bbox 1520 1264 1568 1319; x_wconf 86' lang='lat'>5,</span> <span class='ocrx_word' id='word_1_385' title='bbox 1602 1264 1686 1318; x_wconf 86' lang='lat'><strong>20.</strong></span> <span class='ocrx_word' id='word_1_386' title='bbox 1708 1263 1757 1314; x_wconf 84' lang='lat'><strong>9.</strong></span> <span class='ocrx_word' id='word_1_387' title='bbox 1795 1289 1865 1298; x_wconf 87' lang='lat'>-—-</span> <span class='ocrx_word' id='word_1_388' title='bbox 1902 1263 2079 1312; x_wconf 89' lang='lat' dir='ltr'>Frenis</span> <span class='ocrx_word' id='word_1_389' title='bbox 2102 1271 2233 1325; x_wconf 81' lang='lat' dir='ltr'>eget,</span> 
     </span>
     <span class='ocr_line' id='line_1_61' title="bbox 1288 1329 2239 1394; baseline -0.004 -12"><span class='ocrx_word' id='word_1_390' title='bbox 1288 1333 1363 1386; x_wconf 84' lang='lat' dir='ltr'>Ib.</span> <span class='ocrx_word' id='word_1_391' title='bbox 1387 1333 1499 1394; x_wconf 87' lang='lat'>6,1‚</span> <span class='ocrx_word' id='word_1_392' title='bbox 1530 1331 1612 1380; x_wconf 90' lang='grc'>12.</span> <span class='ocrx_word' id='word_1_393' title='bbox 1654 1331 1725 1383; x_wconf 88' lang='lat' dir='ltr'>lb.</span> <span class='ocrx_word' id='word_1_394' title='bbox 1750 1332 1801 1394; x_wconf 83' lang='lat'>6,</span> <span class='ocrx_word' id='word_1_395' title='bbox 1822 1333 1873 1388; x_wconf 90' lang='grc'>2,</span> <span class='ocrx_word' id='word_1_396' title='bbox 1894 1332 1943 1383; x_wconf 87' lang='grc'>3.</span> <span class='ocrx_word' id='word_1_397' title='bbox 1969 1359 2037 1369; x_wconf 88' lang='lat'>-—</span> <span class='ocrx_word' id='word_1_398' title='bbox 2057 1329 2239 1378; x_wconf 84' lang='lat' dir='ltr'>Miram</span> 
     </span>
     <span class='ocr_line' id='line_1_62' title="bbox 1295 1397 2237 1464; baseline -0.001 -15"><span class='ocrx_word' id='word_1_399' title='bbox 1295 1403 1346 1449; x_wconf 88' lang='lat' dir='ltr'>in</span> <span class='ocrx_word' id='word_1_400' title='bbox 1390 1416 1449 1449; x_wconf 91' lang='lat' dir='ltr'>eo</span> <span class='ocrx_word' id='word_1_401' title='bbox 1490 1401 1729 1464; x_wconf 78' lang='lat' dir='ltr'>pietatem</span> <span class='ocrx_word' id='word_1_402' title='bbox 1752 1436 1766 1459; x_wconf 92' lang='lat'>,</span> <span class='ocrx_word' id='word_1_403' title='bbox 1804 1401 2107 1448; x_wconf 83' lang='lat' dir='ltr'>suavitatem</span> <span class='ocrx_word' id='word_1_404' title='bbox 2142 1397 2237 1448; x_wconf 90' lang='lat' dir='ltr'>hu-</span> 
     </span>
     <span class='ocr_line' id='line_1_63' title="bbox 1296 1467 2237 1533; baseline -0.004 -15"><span class='ocrx_word' id='word_1_405' title='bbox 1296 1470 1685 1530; x_wconf 87' lang='lat' dir='ltr'>manitatemque</span> <span class='ocrx_word' id='word_1_406' title='bbox 1706 1467 2161 1533; x_wconf 86' lang='lat' dir='ltr'>perspexitCicero</span> <span class='ocrx_word' id='word_1_407' title='bbox 2185 1467 2237 1514; x_wconf 91' lang='lat' dir='ltr'>in</span> 
     </span>
     <span class='ocr_line' id='line_1_64' title="bbox 1296 1534 2235 1601; baseline -0.003 -14"><span class='ocrx_word' id='word_1_408' title='bbox 1296 1538 1515 1588; x_wconf 87' lang='lat' dir='ltr'>discidio</span> <span class='ocrx_word' id='word_1_409' title='bbox 1544 1545 1810 1601; x_wconf 87' lang='lat' dir='ltr'>parentum</span> <span class='ocrx_word' id='word_1_410' title='bbox 1848 1552 1895 1589; x_wconf 86' lang='lat' dir='ltr'>a.</span> <span class='ocrx_word' id='word_1_411' title='bbox 1937 1553 1987 1586; x_wconf 90' lang='lat' dir='ltr'>u.</span> <span class='ocrx_word' id='word_1_412' title='bbox 2022 1552 2069 1584; x_wconf 90' lang='lat' dir='ltr'>c.</span> <span class='ocrx_word' id='word_1_413' title='bbox 2093 1534 2235 1594; x_wconf 89' lang='grc'><strong>704.,</strong></span> 
     </span>
     <span class='ocr_line' id='line_1_65' title="bbox 1294 1603 2239 1668; baseline -0.002 -14"><span class='ocrx_word' id='word_1_414' title='bbox 1294 1607 1367 1656; x_wconf 89' lang='lat' dir='ltr'>Ib.</span> <span class='ocrx_word' id='word_1_415' title='bbox 1408 1605 1471 1668; x_wconf 76' lang='lat'>6,</span> <span class='ocrx_word' id='word_1_416' title='bbox 1516 1605 1579 1664; x_wconf 87' lang='lat'>3,</span> <span class='ocrx_word' id='word_1_417' title='bbox 1615 1607 1666 1656; x_wconf 89' lang='grc'><strong>8.</strong></span> <span class='ocrx_word' id='word_1_418' title='bbox 1704 1631 1774 1642; x_wconf 92' lang='grc'>-</span> <span class='ocrx_word' id='word_1_419' title='bbox 1815 1604 1947 1656; x_wconf 88' lang='lat' dir='ltr'>Puer</span> <span class='ocrx_word' id='word_1_420' title='bbox 1974 1605 2102 1654; x_wconf 88' lang='lat' dir='ltr'>bene</span> <span class='ocrx_word' id='word_1_421' title='bbox 2140 1603 2239 1653; x_wconf 85' lang='lat' dir='ltr'>sibi</span> 
     </span>
     <span class='ocr_line' id='line_1_66' title="bbox 1294 1673 2237 1736; baseline -0.004 -12"><span class='ocrx_word' id='word_1_422' title='bbox 1294 1675 1473 1733; x_wconf 75' lang='lat' dir='ltr'>fidene,</span> <span class='ocrx_word' id='word_1_423' title='bbox 1495 1673 1567 1724; x_wconf 89' lang='lat' dir='ltr'>lb.</span> <span class='ocrx_word' id='word_1_424' title='bbox 1590 1673 1643 1733; x_wconf 85' lang='lat'>6,</span> <span class='ocrx_word' id='word_1_425' title='bbox 1666 1674 1717 1734; x_wconf 88' lang='grc'>6,</span> <span class='ocrx_word' id='word_1_426' title='bbox 1739 1673 1789 1724; x_wconf 90' lang='grc'>3.</span> <span class='ocrx_word' id='word_1_427' title='bbox 1813 1700 1881 1711; x_wconf 82' lang='lat'>-—</span> <span class='ocrx_word' id='word_1_428' title='bbox 1907 1675 1966 1734; x_wconf 89' lang='lat' dir='ltr'><strong>Q.</strong></span> <span class='ocrx_word' id='word_1_429' title='bbox 1996 1673 2133 1724; x_wconf 86' lang='lat' dir='ltr'>filius</span> <span class='ocrx_word' id='word_1_430' title='bbox 2154 1674 2237 1736; x_wconf 88' lang='lat' dir='ltr'>pie</span> 
     </span>
     <span class='ocr_line' id='line_1_67' title="bbox 1294 1743 2237 1808; baseline -0.005 -15"><span class='ocrx_word' id='word_1_431' title='bbox 1294 1757 1451 1804; x_wconf 85' lang='lat' dir='ltr'>sane,</span> <span class='ocrx_word' id='word_1_432' title='bbox 1491 1745 1718 1792; x_wconf 90' lang='lat' dir='ltr'>animum</span> <span class='ocrx_word' id='word_1_433' title='bbox 1755 1746 1915 1808; x_wconf 88' lang='lat' dir='ltr'>patris</span> <span class='ocrx_word' id='word_1_434' title='bbox 1950 1745 2030 1792; x_wconf 89' lang='lat' dir='ltr'>sui</span> <span class='ocrx_word' id='word_1_435' title='bbox 2076 1743 2237 1792; x_wconf 87' lang='lat' dir='ltr'>sorori</span> 
     </span>
     <span class='ocr_line' id='line_1_68' title="bbox 1294 1811 2232 1875; baseline -0.006 -13"><span class='ocrx_word' id='word_1_436' title='bbox 1294 1814 1450 1862; x_wconf 82' lang='lat' dir='ltr'>Attici</span> <span class='ocrx_word' id='word_1_437' title='bbox 1488 1811 1862 1875; x_wconf 84' lang='lat' dir='ltr'>reconciliavit,</span> <span class='ocrx_word' id='word_1_438' title='bbox 1902 1813 1973 1862; x_wconf 79' lang='lat' dir='ltr'>lb.</span> <span class='ocrx_word' id='word_1_439' title='bbox 1998 1813 2058 1871; x_wconf 84' lang='grc'>6,</span> <span class='ocrx_word' id='word_1_440' title='bbox 2096 1815 2146 1873; x_wconf 88' lang='lat'>7,</span> <span class='ocrx_word' id='word_1_441' title='bbox 2189 1811 2232 1861; x_wconf 90' lang='lat'>1.</span> 
     </span>
     <span class='ocr_line' id='line_1_69' title="bbox 1294 1878 2236 1945; baseline -0.005 -13"><span class='ocrx_word' id='word_1_442' title='bbox 1294 1908 1359 1918; x_wconf 93' lang='lat'><em>-</em></span> <span class='ocrx_word' id='word_1_443' title='bbox 1392 1880 1618 1932; x_wconf 77' lang='lat' dir='ltr'>Perfidae</span> <span class='ocrx_word' id='word_1_444' title='bbox 1650 1882 1843 1945; x_wconf 81' lang='lat' dir='ltr'>litteras</span> <span class='ocrx_word' id='word_1_445' title='bbox 1876 1881 1939 1931; x_wconf 88' lang='lat' dir='ltr'>ad</span> <span class='ocrx_word' id='word_1_446' title='bbox 1969 1878 2236 1931; x_wconf 81' lang='lat' dir='ltr'>Caesarem</span> 
     </span>
     <span class='ocr_line' id='line_1_70' title="bbox 1294 1948 2236 2016; baseline -0.002 -15"><span class='ocrx_word' id='word_1_447' title='bbox 1294 1952 1507 2001; x_wconf 88' lang='lat' dir='ltr'>miserat</span> <span class='ocrx_word' id='word_1_448' title='bbox 1530 1952 1591 2001; x_wconf 90' lang='lat' dir='ltr'>de</span> <span class='ocrx_word' id='word_1_449' title='bbox 1611 1958 1757 2016; x_wconf 86' lang='lat' dir='ltr'>patre</span> <span class='ocrx_word' id='word_1_450' title='bbox 1781 1958 1827 1999; x_wconf 89' lang='lat' dir='ltr'>et</span> <span class='ocrx_word' id='word_1_451' title='bbox 1845 1960 2044 2016; x_wconf 89' lang='lat' dir='ltr'>patruo,</span> <span class='ocrx_word' id='word_1_452' title='bbox 2060 1950 2134 1999; x_wconf 90' lang='lat' dir='ltr'>lb.</span> <span class='ocrx_word' id='word_1_453' title='bbox 2152 1948 2236 2007; x_wconf 86' lang='grc'>10,</span> 
     </span>
     <span class='ocr_line' id='line_1_71' title="bbox 1294 2016 2232 2083; baseline -0.004 -12"><span class='ocrx_word' id='word_1_454' title='bbox 1294 2023 1347 2083; x_wconf 88' lang='lat'>4,</span> <span class='ocrx_word' id='word_1_455' title='bbox 1380 2021 1413 2070; x_wconf 84' lang='lat'>5</span> <span class='ocrx_word' id='word_1_456' title='bbox 1433 2028 1483 2070; x_wconf 89' lang='lat' dir='ltr'>et</span> <span class='ocrx_word' id='word_1_457' title='bbox 1509 2019 1561 2070; x_wconf 88' lang='grc'><strong>6.</strong></span> <span class='ocrx_word' id='word_1_458' title='bbox 1598 2022 1673 2073; x_wconf 94' lang='lat' dir='ltr'>Ib.</span> <span class='ocrx_word' id='word_1_459' title='bbox 1703 2020 1783 2075; x_wconf 89' lang='grc'>10,</span> <span class='ocrx_word' id='word_1_460' title='bbox 1806 2020 1859 2079; x_wconf 82' lang='grc'>5,</span> <span class='ocrx_word' id='word_1_461' title='bbox 1881 2022 1931 2069; x_wconf 92' lang='grc'><strong>2.</strong></span> <span class='ocrx_word' id='word_1_462' title='bbox 1971 2018 2041 2068; x_wconf 93' lang='lat' dir='ltr'>lb.</span> <span class='ocrx_word' id='word_1_463' title='bbox 2075 2017 2159 2076; x_wconf 88' lang='grc'>10,</span> <span class='ocrx_word' id='word_1_464' title='bbox 2181 2016 2232 2073; x_wconf 86' lang='grc'>6,</span> 
     </span>
     <span class='ocr_line' id='line_1_72' title="bbox 1294 2085 2236 2152; baseline -0.007 -12"><span class='ocrx_word' id='word_1_465' title='bbox 1294 2091 1345 2143; x_wconf 90' lang='grc'><strong>2.</strong></span> <span class='ocrx_word' id='word_1_466' title='bbox 1382 2116 1450 2126; x_wconf 92' lang='lat'>—-</span> <span class='ocrx_word' id='word_1_467' title='bbox 1478 2089 1605 2139; x_wconf 85' lang='lat' dir='ltr'>Eum</span> <span class='ocrx_word' id='word_1_468' title='bbox 1631 2104 1696 2139; x_wconf 86' lang='lat' dir='ltr'>ex</span> <span class='ocrx_word' id='word_1_469' title='bbox 1733 2096 1879 2152; x_wconf 88' lang='lat' dir='ltr'>parte</span> <span class='ocrx_word' id='word_1_470' title='bbox 1916 2095 2125 2137; x_wconf 83' lang='lat' dir='ltr'>excusat</span> <span class='ocrx_word' id='word_1_471' title='bbox 2155 2085 2236 2135; x_wconf 87' lang='lat' dir='ltr'>Ci-</span> 
     </span>
     <span class='ocr_line' id='line_1_73' title="bbox 1296 2157 2235 2221; baseline -0.006 -12"><span class='ocrx_word' id='word_1_472' title='bbox 1296 2174 1428 2220; x_wconf 85' lang='lat' dir='ltr'>cero,</span> <span class='ocrx_word' id='word_1_473' title='bbox 1450 2158 1527 2212; x_wconf 86' lang='lat' dir='ltr'>lh.</span> <span class='ocrx_word' id='word_1_474' title='bbox 1559 2158 1640 2219; x_wconf 88' lang='grc'>10,</span> <span class='ocrx_word' id='word_1_475' title='bbox 1663 2160 1714 2219; x_wconf 92' lang='lat'>7,</span> <span class='ocrx_word' id='word_1_476' title='bbox 1735 2158 1787 2209; x_wconf 90' lang='grc'>3.</span> <span class='ocrx_word' id='word_1_477' title='bbox 1825 2184 1892 2194; x_wconf 91' lang='lat'>—-</span> <span class='ocrx_word' id='word_1_478' title='bbox 1930 2157 2057 2205; x_wconf 88' lang='lat' dir='ltr'>Eum</span> <span class='ocrx_word' id='word_1_479' title='bbox 2079 2157 2235 2221; x_wconf 86' lang='lat' dir='ltr'>patris</span> 
     </span>
     <span class='ocr_line' id='line_1_74' title="bbox 1293 2226 2234 2293; baseline -0.006 -16"><span class='ocrx_word' id='word_1_480' title='bbox 1293 2228 1613 2293; x_wconf 79' lang='lat' dir='ltr'>indulgentia</span> <span class='ocrx_word' id='word_1_481' title='bbox 1651 2242 1753 2277; x_wconf 87' lang='lat' dir='ltr'>non</span> <span class='ocrx_word' id='word_1_482' title='bbox 1786 2226 1905 2277; x_wconf 75' lang='lat' dir='ltr'>facit</span> <span class='ocrx_word' id='word_1_483' title='bbox 1940 2227 2234 2276; x_wconf 83' lang='lat' dir='ltr'>mendacem</span> 
     </span>
     <span class='ocr_line' id='line_1_75' title="bbox 1292 2304 2237 2347; baseline -0.005 0"><span class='ocrx_word' id='word_1_484' title='bbox 1292 2307 1379 2347; x_wconf 85' lang='lat' dir='ltr'>aut</span> <span class='ocrx_word' id='word_1_485' title='bbox 1398 2312 1605 2347; x_wconf 84' lang='lat' dir='ltr'>avarum</span> <span class='ocrx_word' id='word_1_486' title='bbox 1627 2304 1715 2346; x_wconf 86' lang='lat' dir='ltr'>aut</span> <span class='ocrx_word' id='word_1_487' title='bbox 1731 2310 1833 2345; x_wconf 89' lang='lat' dir='ltr'>non</span> <span class='ocrx_word' id='word_1_488' title='bbox 1855 2306 2103 2345; x_wconf 86' lang='lat' dir='ltr'>amantem</span> <span class='ocrx_word' id='word_1_489' title='bbox 2118 2308 2237 2343; x_wconf 90' lang='lat' dir='ltr'>suo-</span> 
     </span>
     <span class='ocr_line' id='line_1_76' title="bbox 1292 2364 2235 2427; baseline -0.004 -13"><span class='ocrx_word' id='word_1_490' title='bbox 1292 2382 1425 2426; x_wconf 86' lang='lat' dir='ltr'>rum,</span> <span class='ocrx_word' id='word_1_491' title='bbox 1449 2367 1671 2427; x_wconf 80' lang='lat' dir='ltr'>ferocem</span> <span class='ocrx_word' id='word_1_492' title='bbox 1711 2365 1929 2414; x_wconf 80' lang='lat' dir='ltr'>fortasse</span> <span class='ocrx_word' id='word_1_493' title='bbox 1964 2372 2115 2425; x_wconf 90' lang='lat' dir='ltr'>atque</span> <span class='ocrx_word' id='word_1_494' title='bbox 2146 2364 2235 2411; x_wconf 87' lang='lat' dir='ltr'>ad-</span> 
     </span>
     <span class='ocr_line' id='line_1_77' title="bbox 1292 2430 2232 2501; baseline -0.002 -18"><span class='ocrx_word' id='word_1_495' title='bbox 1292 2444 1554 2501; x_wconf 84' lang='lat' dir='ltr'>rogantem</span> <span class='ocrx_word' id='word_1_496' title='bbox 1576 2443 1625 2483; x_wconf 90' lang='lat' dir='ltr'>et</span> <span class='ocrx_word' id='word_1_497' title='bbox 1646 2433 1884 2482; x_wconf 76' lang='lat' dir='ltr'>infestum</span> <span class='ocrx_word' id='word_1_498' title='bbox 1910 2433 2047 2497; x_wconf 80' lang='lat' dir='ltr'>facit,</span> <span class='ocrx_word' id='word_1_499' title='bbox 2062 2433 2135 2484; x_wconf 93' lang='lat' dir='ltr'>Ib.</span> <span class='ocrx_word' id='word_1_500' title='bbox 2152 2430 2232 2488; x_wconf 86' lang='grc'>10,</span> 
     </span>
     <span class='ocr_line' id='line_1_78' title="bbox 1297 2502 2236 2566; baseline -0.006 -13"><span class='ocrx_word' id='word_1_501' title='bbox 1297 2504 1378 2566; x_wconf 86' lang='lat'>11,</span> <span class='ocrx_word' id='word_1_502' title='bbox 1402 2503 1451 2553; x_wconf 87' lang='grc'>3.</span> <span class='ocrx_word' id='word_1_503' title='bbox 1482 2530 1547 2539; x_wconf 83' lang='lat'>——·</span> <span class='ocrx_word' id='word_1_504' title='bbox 1570 2503 1626 2550; x_wconf 90' lang='lat' dir='ltr'><strong>P.</strong></span> <span class='ocrx_word' id='word_1_505' title='bbox 1646 2502 1880 2551; x_wconf 88' lang='lat' dir='ltr'>Terentio</span> <span class='ocrx_word' id='word_1_506' title='bbox 1907 2502 2037 2549; x_wconf 83' lang='lat' dir='ltr'>dixit</span> <span class='ocrx_word' id='word_1_507' title='bbox 2067 2516 2123 2550; x_wconf 86' lang='lat' dir='ltr'>se</span> <span class='ocrx_word' id='word_1_508' title='bbox 2146 2513 2236 2563; x_wconf 86' lang='lat' dir='ltr'>pa-</span> 
     </span>
     <span class='ocr_line' id='line_1_79' title="bbox 1291 2568 2235 2628; baseline -0.002 -9"><span class='ocrx_word' id='word_1_509' title='bbox 1291 2581 1405 2621; x_wconf 89' lang='lat' dir='ltr'>truo</span> <span class='ocrx_word' id='word_1_510' title='bbox 1450 2588 1577 2621; x_wconf 88' lang='lat' dir='ltr'>esse-</span> <span class='ocrx_word' id='word_1_511' title='bbox 1608 2571 2045 2628; x_wconf 85' lang='lat' dir='ltr'>inimicissimum,</span> <span class='ocrx_word' id='word_1_512' title='bbox 2090 2568 2235 2617; x_wconf 81' lang='lat' dir='ltr'>volu-</span> 
     </span>
     <span class='ocr_line' id='line_1_80' title="bbox 1292 2638 2227 2702; baseline -0.003 -13"><span class='ocrx_word' id='word_1_513' title='bbox 1292 2655 1508 2702; x_wconf 86' lang='lat' dir='ltr'>menque</span> <span class='ocrx_word' id='word_1_514' title='bbox 1567 2642 1614 2690; x_wconf 89' lang='lat' dir='ltr'>ei</span> <span class='ocrx_word' id='word_1_515' title='bbox 1682 2640 1902 2689; x_wconf 83' lang='lat' dir='ltr'>ostendit</span> <span class='ocrx_word' id='word_1_516' title='bbox 1962 2638 2227 2699; x_wconf 86' lang='lat' dir='ltr'>orationis,</span> 
     </span>
     <span class='ocr_line' id='line_1_81' title="bbox 1290 2707 2227 2773; baseline -0.004 -14"><span class='ocrx_word' id='word_1_517' title='bbox 1290 2725 1442 2773; x_wconf 83' lang='lat' dir='ltr'>quam</span> <span class='ocrx_word' id='word_1_518' title='bbox 1476 2710 1613 2773; x_wconf 81' lang='lat' dir='ltr'>&#39;apud</span> <span class='ocrx_word' id='word_1_519' title='bbox 1635 2707 1899 2758; x_wconf 87' lang='lat' dir='ltr'>Gaesarem</span> <span class='ocrx_word' id='word_1_520' title='bbox 1920 2716 2097 2758; x_wconf 84' lang='lat' dir='ltr'>contra</span> <span class='ocrx_word' id='word_1_521' title='bbox 2115 2722 2227 2757; x_wconf 87' lang='lat' dir='ltr'>eum</span> 
     </span>
     <span class='ocr_line' id='line_1_82' title="bbox 1290 2777 2231 2837; baseline 0.001 -9"><span class='ocrx_word' id='word_1_522' title='bbox 1290 2787 1425 2829; x_wconf 89' lang='lat' dir='ltr'>esset</span> <span class='ocrx_word' id='word_1_523' title='bbox 1473 2777 1740 2828; x_wconf 83' lang='lat' dir='ltr'>habiturus</span> <span class='ocrx_word' id='word_1_524' title='bbox 1788 2793 1833 2826; x_wconf 87' lang='lat' dir='ltr'>a.</span> <span class='ocrx_word' id='word_1_525' title='bbox 1886 2794 1935 2828; x_wconf 90' lang='lat' dir='ltr'>u.</span> <span class='ocrx_word' id='word_1_526' title='bbox 1990 2794 2033 2827; x_wconf 87' lang='lat' dir='ltr'>c.</span> <span class='ocrx_word' id='word_1_527' title='bbox 2087 2777 2231 2837; x_wconf 89' lang='grc'><strong>707.,</strong></span> 
     </span>
    </p>
   </div>
   <div class='ocr_carea' id='block_1_4' title="bbox 1260 2846 2232 2911">
    <p class='ocr_par' dir='ltr' id='par_1_5' title="bbox 1260 2846 2232 2911">
     <span class='ocr_line' id='line_1_83' title="bbox 1260 2846 2232 2911; baseline -0.004 -12"><span class='ocrx_word' id='word_1_528' title='bbox 1260 2848 1470 2911; x_wconf 73' lang='lat' dir='ltr'>,1b.11,</span> <span class='ocrx_word' id='word_1_529' title='bbox 1514 2846 1595 2903; x_wconf 83' lang='grc'>10,</span> <span class='ocrx_word' id='word_1_530' title='bbox 1638 2848 1686 2898; x_wconf 85' lang='grc'>1.</span> <span class='ocrx_word' id='word_1_531' title='bbox 1752 2846 1928 2907; x_wconf 88' lang='lat' dir='ltr'>1b.11,</span> <span class='ocrx_word' id='word_1_532' title='bbox 1964 2847 2046 2908; x_wconf 86' lang='lat'>16,</span> <span class='ocrx_word' id='word_1_533' title='bbox 2078 2851 2126 2896; x_wconf 85' lang='lat'><strong>4.</strong></span> <span class='ocrx_word' id='word_1_534' title='bbox 2164 2874 2232 2882; x_wconf 93' lang='lat'><em>-</em></span> 
     </span>
    </p>
   </div>
   <div class='ocr_carea' id='block_1_5' title="bbox 1286 2914 2231 3531">
    <p class='ocr_par' dir='ltr' id='par_1_6' title="bbox 1286 2914 2231 3531">
     <span class='ocr_line' id='line_1_84' title="bbox 1289 2914 2231 2981; baseline -0.002 -16"><span class='ocrx_word' id='word_1_535' title='bbox 1289 2916 1502 2975; x_wconf 85' lang='lat' dir='ltr'>Quintus</span> <span class='ocrx_word' id='word_1_536' title='bbox 1522 2924 1664 2981; x_wconf 88' lang='lat' dir='ltr'>pater</span> <span class='ocrx_word' id='word_1_537' title='bbox 1696 2914 1820 2965; x_wconf 85' lang='lat' dir='ltr'>nihil</span> <span class='ocrx_word' id='word_1_538' title='bbox 1842 2918 1987 2979; x_wconf 88' lang='lat' dir='ltr'>sapit,</span> <span class='ocrx_word' id='word_1_539' title='bbox 2024 2918 2108 2978; x_wconf 90' lang='lat' dir='ltr'>qui</span> <span class='ocrx_word' id='word_1_540' title='bbox 2129 2914 2231 2963; x_wconf 86' lang='lat' dir='ltr'>lae-</span> 
     </span>
     <span class='ocr_line' id='line_1_85' title="bbox 1286 2982 2229 3049; baseline 0.002 -17"><span class='ocrx_word' id='word_1_541' title='bbox 1286 2994 1421 3035; x_wconf 82' lang='lat' dir='ltr'>tetur</span> <span class='ocrx_word' id='word_1_542' title='bbox 1440 2986 1674 3049; x_wconf 88' lang='lat' dir='ltr'>Luperco</span> <span class='ocrx_word' id='word_1_543' title='bbox 1707 2985 1810 3033; x_wconf 83' lang='lat' dir='ltr'>filio</span> <span class='ocrx_word' id='word_1_544' title='bbox 1845 3000 1891 3032; x_wconf 87' lang='lat' dir='ltr'>a.</span> <span class='ocrx_word' id='word_1_545' title='bbox 1926 2999 1976 3032; x_wconf 90' lang='lat' dir='ltr'>u.</span> <span class='ocrx_word' id='word_1_546' title='bbox 2011 2998 2055 3035; x_wconf 86' lang='lat' dir='ltr'>c.</span> <span class='ocrx_word' id='word_1_547' title='bbox 2084 2982 2229 3044; x_wconf 88' lang='lat'>708.,</span> 
     </span>
     <span class='ocr_line' id='line_1_86' title="bbox 1289 3050 2226 3117; baseline -0.005 -14"><span class='ocrx_word' id='word_1_548' title='bbox 1289 3054 1361 3103; x_wconf 87' lang='lat' dir='ltr'>Ib.</span> <span class='ocrx_word' id='word_1_549' title='bbox 1392 3055 1472 3117; x_wconf 84' lang='lat'>12,</span> <span class='ocrx_word' id='word_1_550' title='bbox 1492 3054 1545 3114; x_wconf 84' lang='lat'>5,</span> <span class='ocrx_word' id='word_1_551' title='bbox 1570 3054 1617 3105; x_wconf 89' lang='lat' dir='ltr'><strong>l.</strong></span> <span class='ocrx_word' id='word_1_552' title='bbox 1663 3078 1734 3089; x_wconf 89' lang='lat'>·-</span> <span class='ocrx_word' id='word_1_553' title='bbox 1774 3050 1833 3109; x_wconf 88' lang='lat' dir='ltr'><strong>Q.</strong></span> <span class='ocrx_word' id='word_1_554' title='bbox 1864 3051 2038 3101; x_wconf 77' lang='lat' dir='ltr'>cicero</span> <span class='ocrx_word' id='word_1_555' title='bbox 2074 3050 2226 3112; x_wconf 87' lang='lat' dir='ltr'>filius,</span> 
     </span>
     <span class='ocr_line' id='line_1_87' title="bbox 1288 3119 2229 3183; baseline -0.004 -12"><span class='ocrx_word' id='word_1_556' title='bbox 1288 3126 1411 3174; x_wconf 62' lang='lat' dir='ltr'>ain.</span> <span class='ocrx_word' id='word_1_557' title='bbox 1436 3138 1478 3171; x_wconf 90' lang='lat' dir='ltr'>c.</span> <span class='ocrx_word' id='word_1_558' title='bbox 1506 3122 1625 3172; x_wconf 91' lang='grc'><strong>708.</strong></span> <span class='ocrx_word' id='word_1_559' title='bbox 1649 3120 1831 3170; x_wconf 84' lang='lat' dir='ltr'>aedilis</span> <span class='ocrx_word' id='word_1_560' title='bbox 1844 3119 2025 3183; x_wconf 86' lang='lat' dir='ltr'>Arpini</span> <span class='ocrx_word' id='word_1_561' title='bbox 2046 3120 2229 3179; x_wconf 80' lang='lat' dir='ltr'>factuS,</span> 
     </span>
     <span class='ocr_line' id='line_1_88' title="bbox 1288 3185 2230 3249; baseline -0.003 -10"><span class='ocrx_word' id='word_1_562' title='bbox 1288 3191 1353 3240; x_wconf 89' lang='lat' dir='ltr'>ad</span> <span class='ocrx_word' id='word_1_563' title='bbox 1377 3192 1496 3243; x_wconf 81' lang='lat' dir='ltr'>fam.</span> <span class='ocrx_word' id='word_1_564' title='bbox 1524 3189 1605 3248; x_wconf 88' lang='grc'>13,</span> <span class='ocrx_word' id='word_1_565' title='bbox 1628 3190 1711 3249; x_wconf 91' lang='grc'>11,</span> <span class='ocrx_word' id='word_1_566' title='bbox 1734 3187 1786 3239; x_wconf 88' lang='lat'><strong>3.</strong></span> <span class='ocrx_word' id='word_1_567' title='bbox 1804 3215 1869 3224; x_wconf 92' lang='lat'>·-</span> <span class='ocrx_word' id='word_1_568' title='bbox 1892 3185 2137 3237; x_wconf 85' lang='lat' dir='ltr'>Omnibus</span> <span class='ocrx_word' id='word_1_569' title='bbox 2158 3188 2230 3237; x_wconf 86' lang='lat' dir='ltr'>lo·</span> 
     </span>
     <span class='ocr_line' id='line_1_89' title="bbox 1290 3258 2228 3321; baseline -0.001 -15"><span class='ocrx_word' id='word_1_570' title='bbox 1290 3260 1363 3307; x_wconf 84' lang='lat' dir='ltr'>eis</span> <span class='ocrx_word' id='word_1_571' title='bbox 1383 3259 1505 3308; x_wconf 86' lang='lat' dir='ltr'>furit</span> <span class='ocrx_word' id='word_1_572' title='bbox 1534 3259 1857 3321; x_wconf 85' lang='lat' dir='ltr'>maximeque</span> <span class='ocrx_word' id='word_1_573' title='bbox 1876 3258 1927 3307; x_wconf 91' lang='lat' dir='ltr'>in</span> <span class='ocrx_word' id='word_1_574' title='bbox 1960 3258 2228 3315; x_wconf 78' lang='lat' dir='ltr'>conviviiS,</span> 
     </span>
     <span class='ocr_line' id='line_1_90' title="bbox 1287 3327 2226 3394; baseline -0.002 -19"><span class='ocrx_word' id='word_1_575' title='bbox 1287 3327 1629 3378; x_wconf 81' lang='lat' dir='ltr'>alienissimos</span> <span class='ocrx_word' id='word_1_576' title='bbox 1658 3336 1894 3394; x_wconf 88' lang='lat' dir='ltr'>patruum</span> <span class='ocrx_word' id='word_1_577' title='bbox 1935 3334 1984 3376; x_wconf 87' lang='lat' dir='ltr'>et</span> <span class='ocrx_word' id='word_1_578' title='bbox 2011 3335 2226 3391; x_wconf 85' lang='lat' dir='ltr'>patrem,</span> 
     </span>
     <span class='ocr_line' id='line_1_91' title="bbox 1288 3394 2228 3460; baseline -0.002 -15"><span class='ocrx_word' id='word_1_579' title='bbox 1288 3410 1402 3446; x_wconf 86' lang='lat' dir='ltr'>esse</span> <span class='ocrx_word' id='word_1_580' title='bbox 1439 3410 1471 3445; x_wconf 83' lang='lat' dir='ltr'>a</span> <span class='ocrx_word' id='word_1_581' title='bbox 1516 3394 1769 3460; x_wconf 84' lang='lat' dir='ltr'>Caesare,</span> <span class='ocrx_word' id='word_1_582' title='bbox 1818 3396 1971 3447; x_wconf 84' lang='lat' dir='ltr'>fldem</span> <span class='ocrx_word' id='word_1_583' title='bbox 1998 3396 2101 3445; x_wconf 89' lang='lat' dir='ltr'>illis</span> <span class='ocrx_word' id='word_1_584' title='bbox 2136 3394 2228 3444; x_wconf 86' lang='lat' dir='ltr'>ha·</span> 
     </span>
     <span class='ocr_line' id='line_1_92' title="bbox 1286 3463 2225 3531; baseline 0.003 -16"><span class='ocrx_word' id='word_1_585' title='bbox 1286 3465 1500 3515; x_wconf 76' lang='lat' dir='ltr'>bendani</span> <span class='ocrx_word' id='word_1_586' title='bbox 1532 3479 1631 3518; x_wconf 88' lang='lat' dir='ltr'>non</span> <span class='ocrx_word' id='word_1_587' title='bbox 1674 3481 1804 3531; x_wconf 87' lang='lat' dir='ltr'>esse,</span> <span class='ocrx_word' id='word_1_588' title='bbox 1840 3480 1887 3515; x_wconf 88' lang='lat' dir='ltr'>a.</span> <span class='ocrx_word' id='word_1_589' title='bbox 1916 3482 1967 3514; x_wconf 90' lang='lat' dir='ltr'>u.</span> <span class='ocrx_word' id='word_1_590' title='bbox 2001 3481 2045 3514; x_wconf 91' lang='lat' dir='ltr'>c.</span> <span class='ocrx_word' id='word_1_591' title='bbox 2080 3463 2225 3518; x_wconf 79' lang='lat'><strong>709..</strong></span> 
     </span>
    </p>
   </div>
  </div>
 </body>
</html>
