2500 3850
661 173 733 218 M.
760 170 1052 218 TULLIUS
1077 171 1148 217 lu.
1171 169 1234 216 F.
1268 171 1341 216 M.
1365 171 1431 216 N.
1458 167 1728 215 creme.
2142 156 2266 218 417

258 327 778 390 adAtt.7,11,lsq.
817 326 1190 383 lb.9‚2A.—-

257 399 566 463 Campaniae
631 403 679 444 et
741 395 1022 444 maritimae
1077 389 1192 442 ora'e

261 475 490 532 praeest,
531 467 604 514 lb.
627 465 678 524 7,
715 464 809 523 11,
848 465 896 512 5.
928 489 997 498 --
1029 461 1193 510 Timet

259 534 492 586 Caesaris
518 528 892 598 φαλαρισμόν,
920 531 992 582 Ib.
1020 533 1081 588 7,
1109 530 1192 588 12,

263 607 312 654 2.
348 629 422 645 ·—·
450 603 574 655 Eius
601 601 858 666 praesidia
887 608 934 649 et
962 599 1194 663 Pompeii

259 682 474 738 peccata
526 677 575 719 et
623 669 1053 734 perturbationem
1107 683 1194 716 ex-

261 742 420 806 ponit,
458 736 760 802 Π).7,13,1
786 753 863 800 sq.
883 738 1193 785 —Incertus

263 817 342 858 est
395 807 519 872 quid
570 814 688 872 agat
741 807 803 856 de
863 805 1188 855 Ciceronibus

259 877 436 942 pueris
454 876 584 925 etde
603 890 761 924 uxore
779 890 838 924 ac
873 873 1006 935 filia,
1041 873 1112 922 lb.
1143 873 1202 932 7,Ι

266 943 349 1005 13,
370 945 421 996 3.
451 971 508 978 -
531 943 708 992 Narrat
727 958 856 1005 quae
875 944 926 992 in
945 950 1195 992 conventu

263 1011 468 1077 Capuae
494 1013 666 1062 habito
689 1013 888 1062 decreta
909 1014 1026 1075 sint,
1046 1011 1118 1060 Ib.
1143 1010 1192 1074 7,

266 1081 345 1139 15,
359 1083 490 1130 2.--
508 1081 654 1132 Falso
677 1081 909 1144 opinatur
929 1079 1191 1130 Caesarem

261 1150 520 1216 praesidia
573 1151 941 1208 deducturum,
1004 1149 1078 1200 Ib.
1127 1172 1193 1182 —

261 1219 382 1267 Item
441 1217 570 1268 falso
631 1221 866 1283 opinatur
929 1217 1192 1266 Caesarem

261 1286 450 1336 bellum
487 1288 737 1338 sustinere
775 1301 874 1338 non
908 1301 1090 1356 posse,
1129 1284 1196 1333 ad

261 1353 504 1417 fam.16‚
544 1356 638 1413 12,
677 1357 730 1404 4.
765 1382 836 1394 --
877 1351 1116 1416 Dubitat,
1151 1352 1196 1401 si

264 1425 534 1488 Pompeius
555 1423 699 1472 ltalia
719 1425 883 1481 cedat,
921 1437 1100 1470 eumue
1117 1437 1198 1470 se-

262 1501 439 1556 quatur
467 1505 650 1554 necne,
691 1493 757 1540 ad
791 1493 892 1540 Att.
929 1493 980 1553 7,
1019 1489 1112 1549 20,
1143 1491 1220 1538 2.Δ

263 1560 336 1609 lb.
359 1559 410 1622 8,
435 1561 484 1621 3,
520 1559 679 1622 lsqq.
737 1561 813 1608 Ib.
834 1559 884 1622 8,
923 1559 1004 1621 14,
1037 1561 1092 1610 2.
1127 1583 1198 1594 --

262 1629 478 1678 Tristem
499 1630 610 1677 eius
627 1635 812 1677 statum
828 1635 878 1677 et
899 1625 1100 1677 consilii
1120 1627 1198 1674 in-

263 1699 432 1761 opiam
453 1696 710 1760 deplorat,
740 1697 814 1745 Ib.
849 1697 900 1759 7,
923 1698 1007 1755 21,
1049 1696 1092 1744 1.
1129 1719 1199 1730 —

265 1765 386 1814 Eius
426 1776 540 1814 acta
569 1765 887 1816 vehementer
927 1763 1196 1830 improbat,

263 1833 338 1882 lb.
371 1833 421 1894 8,
449 1835 498 1882 1.
521 1835 571 1884 2.
593 1833 642 1884 8.
663 1832 714 1886 9.
745 1860 812 1872 -
831 1833 978 1882 Putat
1001 1833 1110 1882 -sibi
1147 1831 1199 1878 in

263 1903 407 1951 Italia
428 1902 752 1966 manendum,
788 1903 861 1953 lb.
886 1901 935 1961 8,
963 1903 1014 1963 2,
1043 1903 1093 1952 4.
1129 1923 1200 1937 -—

265 1972 441 2021 Paullo
459 1981 576 2037 post
595 1971 890 2037 Pompeium
903 2008 918 2031 ,
943 1971 1040 2021 etsi
1059 1970 1199 2019 nulla

262 2055 355 2105 spe
373 2077 388 2102 ,
431 2042 673 2105 sequendi
723 2040 989 2091 consilium
1041 2041 1195 2104 capit,

263 2108 338 2161 lb.
359 2109 410 2172 8,
438 2111 518 2161 16.
571 2112 646 2161 Ib.
668 2108 718 2172 9,
747 2111 793 2172 1,
814 2108 866 2159 5.
900 2136 955 2143 —-
979 2110 1198 2173 Angitur

269 2180 388 2240 quid
410 2178 576 2237 faciat,
607 2180 652 2226 si
681 2178 865 2227 Caesar
893 2178 991 2225 sibi
1021 2178 1198 2226 trium·

267 2245 421 2311 phum
457 2246 731 2295 decreverit
749 2280 764 2308 ,
804 2247 875 2294 Ib.
897 2244 948 2308 9,
971 2248 1020 2304 2,
1039 2247 1092 2295 2.
1128 2272 1200 2283 —

267 2314 502 2364 Politicas
523 2314 768 2376 quasdam
803 2312 973 2362 theses
1000 2320 1195 2374 tractat,

267 2392 321 2432 ut
375 2384 596 2431 animum
638 2397 669 2430 a
707 2382 926 2443 querelis
961 2381 1195 2441 abducat,

268 2452 342 2501 lb.
365 2452 418 2513 9,
437 2453 490 2501 4.
531 2476 598 2487 -
635 2450 862 2514 Rogatur
897 2464 928 2498 a
963 2448 1196 2514 Caesare,

270 2528 325 2567 ut
353 2520 418 2569 ad
450 2519 626 2568 urbem
645 2520 851 2578 veniat,
885 2518 1196 2582 Pompeium,

269 2589 364 2637 etsi
395 2596 536 2653 putat
574 2602 685 2636 eum
716 2602 917 2635 causam
955 2589 1196 2651 optimam

269 2656 566 2706 foedissime
597 2664 850 2734 acturum,
889 2662 1052 2704 tamen
1085 2657 1198 2705 ideo

262 2725 415 2787 sequi
439 2723 558 2787 v,ult
585 2733 640 2774 ut-
669 2691 996 2787 ἀχαριστίας
1015 2724 1203 2773 crimen

271 2792 508 2857 effugiat,
542 2794 614 2842 lb.
643 2794 700 2851 9,
728 2794 788 2855 7,
812 2793 861 2841 4.
885 2818 950 2827 -—
977 2794 1022 2841 A
1044 2792 1200 2842 Balbo

265 2869 318 2911 et
340 2860 504 2925 Oppio
527 2860 848 2910 vehementer
866 2868 1070 2925 rogatur
1086 2897 1100 2920 ,
1139 2877 1201 2909 ne

269 2939 442 2979 contra
459 2927 723 2979 Caesarem
755 2944 893 2977 arma
929 2930 1084 2989 ferat„
1123 2930 1195 2979 lb.

265 2998 318 3057 9,
358 3000 389 3047 7
430 2999 492 3047 Α.
515 3008 562 3047 et
601 2998 658 3051 Β.
693 3024 764 3035 —-
791 2999 1023 3063 Angitur‚
1064 2997 1202 3060 quod

267 3068 563 3131 Pompeium
583 3067 846 3117 abeuntem
878 3080 976 3115 nou
995 3073 1199 3117 secutus

267 3138 350 3199 sit,
373 3136 526 3185 Attici
554 3150 668 3185 vero
694 3136 1027 3201 epistolarum
1047 3135 1191 3197 lociS,

261 3204 354 3267 qui
375 3206 422 3253 ei
448 3212 705 3264 suaserat,
746 3212 804 3255 ut
834 3206 883 3253 in
915 3204 1056 3254 ltalia
1092 3219 1198 3251 ma-

268 3280 426 3331 neret,
451 3286 506 3321 se
527 3274 827 3336 consolatur,
854 3274 922 3322 lb.
942 3272 994 3331 9,
1023 3271 1106 3321 10.
1129 3299 1198 3309 --

271 3338 453 3388 Scribit
477 3342 540 3389 ad
559 3340 820 3390 Caesarem
851 3350 900 3390 et
921 3356 982 3389 cu
1021 3342 1060 3389 it
1084 3356 1200 3389 eum

271 3408 509 3471 Pompeio
529 3409 862 3470 reconciliari,
887 3410 960 3459 lb.
1019 3444 1033 3469 ,
1059 3407 1194 3457 ll‘A.

340 3490 550 3526 01013110.

1332 351 1397 360 —-·
1441 323 1636 387 Accipit
1665 323 1958 388 Pompeium
1996 323 2266 374 Brundisio

1332 406 1447 441 cum
1502 392 1731 441 omuibus
1782 395 1943 456 copiis
1988 394 2269 457 profectum

1334 476 1463 523 esse,
1506 462 1577 513 lb.
1600 461 1649 518 9,
1671 460 1733 510 15
1756 462 1817 510 A.
1836 485 1894 496 ·-
1918 463 2135 525 Exponit
2156 477 2268 510 ser-

1334 543 1507 578 mones
1538 543 1650 578 cum
1686 529 1901 578 Caesare
1930 530 2155 590 habitos,
2192 531 2265 580 lb.

1333 599 1385 658 9,
1408 597 1489 656 18,
1524 597 1571 650 1.
1594 624 1665 634 -
1686 597 2019 647 Vehementer
2039 614 2067 646 a
2094 598 2265 648 Caelio

1334 674 1561 731 rogatur,
1594 680 1657 715 ne
1684 665 1979 730 Pompeium
2009 667 2265 729 sequendo

1334 750 1475 785 suam
1516 750 1823 797 suorumque
1868 736 2115 785 fortunam
2152 750 2269 784 con-

1332 806 1523 864 turbet,
1554 804 1619 852 ad
1651 802 1768 852 fam.
1803 803 1853 867 8,
1880 804 1960 855 16.
1985 831 2051 842 --
2070 805 2269 853 Rescri—

1333 874 1409 922 bit
1431 873 1477 922 ei
1499 886 1553 920 se
1578 873 1703 920 nihil
1736 875 1899 938 magis
1920 873 2095 938 fugere
2116 887 2269 935 quam

1334 955 1471 990 arma
1490 942 1658 990 civilia
1678 957 1770 992 uec
1794 943 2071 1006 quidquam
2097 942 2271 992 turbu-

1333 1011 1493 1063 lenter
1514 1025 1573 1058 ac
1602 1017 1787 1060 temere
1808 1011 2073 1066 facturum,
2114 1011 2189 1060 Ib.
2212 1011 2264 1074 2,

1338 1078 1421 1130 16.
1450 1105 1513 1114 -
1543 1079 1709 1128 Attico
1740 1076 1917 1128 scribit
1943 1095 1998 1130 se
2026 1081 2091 1130 ad
2121 1078 2270 1128 Pom-

1334 1149 1504 1211 peium
1533 1147 1718 1198 iturum
1748 1163 1841 1197 nec
1870 1149 2269 1214 exspectandum

1334 1217 1433 1266 sibi
1470 1215 1659 1280 videri,
1698 1231 1846 1278 quern
1886 1219 2072 1266 exitum
2102 1232 2183 1266 res
2218 1218 2270 1266 in

1336 1285 1580 1348 Hispania
1612 1285 1872 1335 habiturae
1902 1288 2029 1345 siut,
2070 1287 2136 1336 ad
2165 1287 2267 1335 Ait.

1340 1352 1419 1411 10,
1450 1353 1503 1402 8.
1536 1377 1605 1388 --
1625 1353 1872 1402 Proximis
1894 1362 2061 1404 tamen
2092 1355 2271 1404 litteris

1335 1419 1555 1469 lacrimis
1592 1435 1797 1470 suorum
1850 1421 2074 1471 mollitus
2111 1424 2180 1472 ait
2216 1436 2271 1470 se

1338 1489 1558 1538 Melitam
1612 1505 1876 1554 capessere
1928 1489 2061 1540 velle
2083 1528 2097 1550 ,
2150 1491 2271 1540 dum

1338 1557 1460 1619 quid
1496 1559 1545 1606 in
1585 1559 1830 1623 Hispania
1866 1568 2065 1623 gestum
2093 1560 2162 1608 sit
2190 1575 2271 1608 re-

1339 1626 1508 1678 scierit
1524 1663 1539 1686 ,
1577 1627 1651 1678 lb.
1678 1627 1759 1687 10,
1782 1629 1831 1680 9.
1851 1655 1921 1664 -—
1940 1629 2273 1678 proficiscitur

1338 1695 1391 1743 in
1430 1693 1693 1744 Graeciam
1730 1697 1795 1747 ad
1832 1697 2155 1762 Pompeium,
2205 1697 2271 1746 ad

1340 1762 1459 1812 l'am.
1485 1764 1565 1823 14,
1587 1765 1637 1814 7.

1408 1832 1470 1881 A.
1500 1848 1552 1880 u.
1584 1849 1630 1881 c.
1654 1833 1775 1884 706.
1802 1842 1898 1886 aet.
1922 1835 2053 1884 LIX.
2104 1834 2271 1900 Roga·

1340 1909 1419 1949 tur
1471 1915 1499 1949 a
1538 1900 1832 1967 Dolabella,
1883 1910 1937 1953 ut
1988 1904 2269 1969 desperatis

1339 1970 1569 2035 Pompeii
1622 1972 1775 2023 rebus
1824 1974 1888 2023 ab
1926 1988 1985 2022 eo
2024 1973 2270 2032 discedat,

1338 2039 1405 2088 ad
1434 2038 1553 2092 fam.
1588 2038 1649 2100 9,
1688 2039 1737 2090 9.
1787 2068 1852 2077 —-
1895 2042 2013 2091 Post
2046 2055 2271 2107 pugnam

1336 2106 1712 2171 Pharsalicam,
1748 2111 1831 2160 cui
1858 2110 2029 2161 Cice-ro
2068 2124 2163 2160 non
2194 2110 2273 2159 in·-

1336 2175 1527 2235 terl'uit,
1564 2178 1637 2229 lb.
1660 2178 1713 2237 9,
1743 2176 1824 2237 18,
1844 2180 1916 2238 2.,
1954 2178 2156 2229 reditui
2174 2180 2274 2229 Ita-

1339 2244 1461 2293 liam
1490 2252 1537 2294 et
1558 2247 1814 2298 Brundisii
1833 2262 1889 2297 se
1902 2215 2059 2309 leuet,
2083 2249 2159 2297 Ib.
2188 2248 2270 2307 14,

1340 2314 1495 2363 12.--
1509 2312 1567 2372 Q.
1582 2315 1753 2364 fratris
1766 2316 1975 2377 eiusque
1986 2316 2079 2365 fflii
2090 2316 2273 2365 acerba

1338 2384 1390 2431 in
1410 2397 1525 2431 eum
1547 2384 1681 2447 odia,
1702 2384 1767 2433 ad
1794 2383 1897 2435 Au.
1923 2383 2006 2442 11,
2037 2384 2091 2434 8.
2113 2384 2166 2436 9.
2184 2384 2267 2433 10.

1341 2450 1425 2501 13.
1444 2449 1525 2500 14.
1544 2451 1627 2501 15.
1640 2477 1707 2487 —
1720 2450 1905 2501 Scribit
1924 2452 1990 2501 ad
2007 2451 2273 2503 Caesarem

1338 2526 1388 2566 et
1418 2518 1623 2569 fratrem
1655 2526 1889 2579 excusat,
1922 2521 1989 2569 lb.
2015 2520 2097 2579 11,
2121 2520 2202 2577 12,
2220 2520 2270 2572 2.

1407 2586 1471 2635 Α.
1497 2602 1542 2635 u.
1566 2602 1611 2641 c.
1635 2587 1755 2638 707.
1776 2596 1875 2638 aet.
1896 2588 2003 2639 LX.
2050 2588 2275 2639 Poenitet.

1342 2669 1457 2702 eum
1478 2656 1693 2717 consilii,
1708 2656 1845 2719 quod
1862 2657 1916 2704 in
1934 2656 2131 2707 Italiam
2156 2658 2268 2707 red-

1340 2724 1481 2786 ierit,
1512 2724 1577 2772 ad
1596 2724 1699 2777 Ati..
1726 2726 1783 2774 ll
1806 2762 1821 2783 ‚
1845 2722 1908 2776 13
1925 2762 1938 2785 ,
1959 2726 2045 2776 24.
2066 2750 2135 2763 -—
2152 2724 2274 2787 Vult

1341 2791 1499 2841 filium
1536 2794 1601 2843 ad
1632 2792 1897 2843 Gaesarem
1938 2795 2132 2844 mittere
2154 2831 2169 2853 ,
2207 2794 2274 2843 ad

1342 2860 1466 2909 fam.
1498 2861 1581 2920 14,
1605 2862 1684 2911 11.
1709 2886 1779 2903 ·--
1801 2860 1957 2911 Mutat
1986 2863 2271 2923 consilium,

1340 2930 1403 2977 ad
1427 2930 1531 2977 Aa.
1556 2931 1637 2989 11,
1658 2931 1741 2995 18,
1766 2932 1813 2981 1.
1852 2932 1919 2981 ad
1942 2932 2063 2983 ram.
2081 2932 2163 2994 14,
2188 2930 2269 2980 15.

1340 3024 1408 3033 -
1438 2998 1610 3049 Cassio
1640 3014 1823 3049 causas
1868 3000 2076 3064 exponit
2112 3012 2203 3047 cur
2242 3013 2275 3047 a

1340 3065 1471 3115 bello
1494 3068 1811 3129 discesserit,
1850 3070 1913 3117 ad
1937 3068 2057 3117 fam.
2080 3067 2161 3131 15,
2187 3067 2270 3119 15.

1338 3160 1407 3171 —-
1427 3135 1694 3186 Brundisio
1721 3137 1825 3185 abit
1855 3137 1906 3184 iu
1929 3136 2271 3185 Tusculanum

1337 3210 1386 3253 et
1404 3204 1575 3267 paullo
1594 3213 1709 3269 post
1724 3204 1937 3255 Romam
1950 3207 2087 3255 venit
2104 3205 2273 3266 ibique

1340 3286 1453 3319 cum
1470 3275 1720 3323 veteribus
1744 3275 1990 3337 amicis,i.
2006 3290 2053 3323 e.
2074 3288 2190 3322 cum
2212 3273 2274 3320 li-

1338 3340 1445 3388 bris
1464 3343 1599 3401 suis,
1634 3344 1681 3391 in
1700 3344 1915 3407 giatiam
1936 3344 2094 3406 redit,
2125 3342 2199 3391 lb·
2222 3340 2274 3412 9,

1344 3408 1391 3467 l,
1416 3408 1488 3458 2.
1504 3410 1575 3459 Ib.
1596 3409 1647 3470 9,
1668 3412 1721 3471 2,
1739 3412 1792 3463 5.
