2500 3850
274 237 391 300 168

268 403 597 458 Hellanicus
627 405 844 456 Lesbius
873 403 1273 472 (Mytilenaeas).

335 500 406 512 ·--
440 475 562 526 Sine
601 474 722 524 ullis
757 476 1062 525 ornamentis
1099 491 1279 526 monu-

271 597 278 610 ι
339 553 506 594 menta
525 543 688 594 solum
708 551 988 608 temporum
1011 544 1276 595 hominum

338 615 564 664 locorum
583 621 942 678 gestarumque
963 629 1134 664 rerum
1159 613 1277 662 reli·

339 684 473 746 quit,
493 685 557 733 de
579 692 707 733 orat.
728 684 779 746 2,
803 682 884 743 12,
907 680 990 732 53.

268 751 466 816 Helle,
498 768 529 802 a
561 768 661 815 qua
689 751 1048 815 Hellespontus
1073 751 1276 812 dicitur,

339 830 463 874 orat.
483 820 570 886 49,
594 821 713 872 163.

269 888 691 956 Hellespontus.
723 890 838 952 Via,
858 904 987 950 quae
1003 904 1093 953 per
1112 889 1279 938 Mace-

340 962 544 1015 doniam
561 966 638 1008 est
650 973 811 1020 usque
821 958 890 1007 ad
901 957 1279 1022 Hellespontum

339 1029 603 1087 militaris,
633 1029 695 1077 de
726 1041 869 1090 prov.
901 1041 1044 1081 eous.
1067 1029 1117 1090 2,
1137 1030 1190 1081 4.
1213 1055 1280 1064 —-

337 1098 692 1163 Hellespontus
719 1098 916 1146 iunctus
937 1111 966 1144 a
994 1096 1194 1156 Xerxe,
1217 1097 1281 1146 de

338 1167 425 1218 fin.
451 1167 483 1215 2
500 1203 512 1224 ,
533 1165 630 1227 34,
657 1167 771 1216 112.
795 1191 864 1200 —-
883 1164 1154 1230 Propontis
1178 1177 1282 1215 tota

341 1245 492 1298 atque
542 1236 897 1300 Hellespontus
951 1235 1138 1284 venibit
1184 1236 1278 1285 sub

342 1321 630 1370 praecone,
655 1306 718 1354 de
748 1303 862 1368 lege
892 1318 1000 1369 agr.
1032 1304 1092 1364 1,
1128 1304 1153 1353 1
1173 1342 1186 1364 ,
1229 1304 1277 1353 1.

342 1384 468 1427 orat.
491 1374 587 1432 49,
622 1373 739 1425 163.
781 1373 848 1422 ad
867 1372 985 1423 Her.
1012 1374 1063 1430 4,
1085 1373 1169 1436 54,
1189 1373 1275 1424 68.

271 1443 706 1508 Hellespontus,
772 1443 918 1506 regio
983 1443 1279 1507 provinciae

342 1515 525 1576 Asiae,
565 1527 724 1576 prope
753 1511 1138 1574 Hellespontum
1173 1511 1277 1562 fre-

341 1592 447 1630 tum
461 1617 476 1643 ‚
499 1583 640 1630 cuius
662 1579 855 1629 incolae
871 1575 1276 1644 Hellespontii,

342 1651 407 1699 ad
425 1649 543 1697 fam.
565 1648 628 1699 13
643 1685 657 1711 ,
681 1647 747 1698 53
763 1686 776 1709 ,
798 1650 850 1698 2.
882 1648 1009 1698 Hinc
1031 1649 1277 1711 Lampsa·

343 1733 456 1766 cum
477 1716 787 1781 Hellesponti
823 1718 1069 1780 oppidum
1092 1718 1280 1768 dicitur

341 1787 488 1835 Verr.
511 1793 732 1836 accusat.
757 1785 802 1845 1,
825 1787 910 1846 24,
930 1786 1016 1837 63.

271 1853 576 1912 Helonius,
609 1854 770 1902 cliens
801 1855 982 1925 Attici,
1017 1853 1084 1902 ad
1103 1854 1204 1903 Att.
1227 1855 1278 1916 5,

271 1990 561 2055 Helorini,
609 1992 802 2042 incolae
859 1992 1028 2043 Helori
1082 1994 1281 2059 oppidi,

342 2064 488 2112 Verr.
511 2068 729 2111 accusat.
755 2062 808 2122 3,
827 2062 915 2124 43,
937 2062 1054 2115 103.

271 2130 520 2181 Helorus
535 2166 550 2194 ,
571 2131 692 2179 urbs
715 2130 919 2180 Siciliae
940 2132 1069 2180 inter
1089 2130 1281 2197 Pachy-

342 2215 460 2248 num
481 2208 532 2249 et
551 2197 828 2263 Syracusas
843 2237 856 2259 ,
885 2201 1032 2249 Verr.
1057 2208 1281 2253 accusat.

311 2310 316 2315 .
342 2270 392 2328 5,
416 2270 500 2325 34,
523 2267 607 2318 90.

271 2335 542 2390 Helvetii.
581 2338 770 2387 Eorum
799 2336 1008 2387 foedera
1031 2354 1148 2388 cum
1179 2340 1281 2387 Ro-

340 2408 533 2465 manis,
568 2409 621 2456 iu
657 2408 842 2470 quibus
877 2417 1148 2473 exceptum
1183 2415 1278 2468 est,

341 2493 403 2526 ne
424 2478 538 2540 quis
559 2492 730 2527 eorum
751 2477 1036 2527 aRomanis
1057 2470 1183 2525 civis
1200 2491 1279 2525 re-

342 2547 575 2610 cipiatur,
597 2561 688 2610 pro
704 2544 862 2594 Balbo
880 2546 964 2610 14,
979 2545 1148 2596 32.-
1161 2544 1280 2594 Hel·

341 2614 465 2664 vet'ii
490 2615 727 2663 dicuntur
764 2627 878 2663 esse
915 2614 968 2663 in
1005 2616 1158 2665 armis
1191 2630 1281 2663 ex-

342 2685 702 2744 cursionesque
724 2683 774 2730 in
798 2684 1113 2747 provinciam
1131 2682 1282 2749 (Gal-

339 2752 460 2799 liam
479 2749 882 2813 Narbonensem)
903 2751 1068 2803 l'acere
1083 2768 1135 2807 ιι.
1154 2768 1206 2806 u.
1231 2768 1279 2801 c.

341 2818 491 2877 694..
527 2820 591 2868 ad
621 2819 728 2872 Aa.
764 2821 822 2881 1,
858 2818 951 2882 19,
981 2824 1032 2873 2.
1061 2848 1132 2859 -
1155 2822 1281 2872 Cum

341 2888 600 2937 acerrimis
631 2890 922 2940 nationibus
959 2900 1010 2941 et
1043 2892 1281 2941 maximis

342 2956 704 3007 Germanorum
743 2966 792 3008 et
828 2959 1174 3010 Helvetiorum
1221 2960 1278 3011 G.

341 3024 525 3075 Caesar
571 3027 783 3091 proeliis
821 3028 1116 3082 felicissime
1159 3043 1281 3078 con-

343 3096 578 3154 certavit,
602 3098 665 3146 de
683 3111 828 3160 prov.
849 3112 990 3147 cons.
1017 3096 1099 3157 13,
1119 3096 1207 3150 33.

272 3158 335 3213 Ρ.
358 3162 658 3217 Helvidius
678 3164 866 3217 Rufus
883 3202 898 3228 ,
923 3181 1077 3228 eques
1097 3168 1283 3217 Roma·
1308 3240 1313 3245 .

341 3247 437 3281 uus
453 3270 465 3288 ,
484 3248 576 3299 pro
599 3234 794 3283 Cluent.
821 3234 905 3299 70,
936 3233 1054 3288 198.

271 3297 513 3351 Helvius
540 3300 794 3365 Mancia,
823 3313 991 3353 orator
1018 3304 1281 3366 deformis,

343 3370 520 3417 irrisus
557 3385 590 3419 a
624 3370 678 3418 C.
716 3370 843 3419 Iulio
890 3371 1105 3421 Caesare
1141 3370 1283 3421 Stra-

340 3436 471 3484 bone
485 3472 500 3495 ,
523 3437 732 3488 decrat.
755 3440 806 3498 2,
825 3437 910 3497 66,
933 3438 1052 3489 266.
1076 3464 1142 3476 —-·
1159 3439 1283 3488 Eius

345 3504 564 3564 dictum,
592 3505 667 3555 lb.
699 3506 751 3565 2,
776 3504 863 3564 68,
883 3507 1003 3555 274.

793 249 888 295 ΗΕ
899 249 1236 296 LLANIOUS
1263 273 1345 282 -·
1368 251 1461 296 HE
1470 249 1830 296 RACLIDES.

1348 405 1546 456 Henna
1560 441 1574 468 ,
1593 406 1713 454 urbs
1734 403 1939 454 Siciliae
1963 407 2374 458 mediterraneae

1416 476 1665 538 maxima,
1706 475 1854 526 Verr.
1902 484 2131 524 accusat.
2178 475 2248 540 3,
2290 477 2371 538 83,

1420 545 1539 598 192.
1570 569 1641 580 —
1670 542 1952 607 Descriptio
1984 546 2216 594 nemoris
2238 545 2373 594 Hen-

1416 615 1649 663 nensium
1686 619 1735 662 et
1759 613 1967 662 Hennae
1990 615 2166 673 urbis,
2208 615 2288 663 lb-
2321 618 2371 677 4,

1416 682 1503 742 48,
1527 679 1643 732 107.
1665 707 1736 718 —
1752 681 2039 731 Hennensis
2064 697 2193 747 ager
2218 685 2275 732 in
2292 682 2371 731 Si-

1416 752 1559 815 cilia,
1580 751 1651 803 Ib.
1674 749 1727 811 3,
1752 749 1834 814 18,
1856 751 1942 802 47.
1959 778 2026 786 -
2046 751 2371 813 HennenseS,

1417 822 1492 871 Ib.
1514 819 1565 879 3,
1585 821 1671 882 42,
1697 818 1813 872 100.

1346 887 1707 954 Hephaestus
1740 890 2067 954 ApamensIS.
2106 888 2239 936 Eum
2258 926 2272 946 ,
2312 905 2369 938 ne

1418 967 1598 1008 noceat
1658 956 1849 1016 Quinto,
1902 956 2049 1006 fratri
2075 993 2090 1016 ,
2162 957 2367 1006 Marcus

1420 1029 1558 1078 omni
1594 1041 1686 1076 sua
1734 1028 1973 1076 comitate
2008 1027 2367 1090 complectitur

1422 1114 1466 1148 a.
1504 1114 1556 1149 u.
1590 1111 1631 1146 c.
1664 1095 1816 1159 695„
1848 1097 1915 1145 ad
1940 1095 1999 1154 Q.
2036 1095 2101 1146 rr.
2140 1097 2191 1156 1,
2222 1096 2283 1153 2,
2316 1099 2367 1145 2.

1347 1235 1501 1287 Hera
1516 1271 1531 1297 ,
1551 1234 1761 1283 alterum
1784 1248 1965 1282 nomeu
1986 1233 2183 1296 Hyblae
2204 1235 2366 1281 mino-

1418 1307 1491 1354 ris
1510 1304 1561 1352 in
1582 1301 1770 1362 Sicilia,
1794 1303 1859 1353 ad
1882 1307 1982 1352 Att.
2003 1304 2053 1366 2,
2082 1303 2129 1364 1,
2152 1301 2201 1352 5.

1348 1372 1655 1435 Heraclea,
1708 1373 1829 1422 urbs
1868 1371 2084 1436 Magnae
2124 1370 2367 1420 Graeciae

1417 1444 1548 1492 inter
1600 1442 1946 1505 Metapontum
1991 1449 2042 1491 et
2086 1441 2361 1488 Tarentum

1418 1513 1533 1563 sita.
1584 1511 1659 1560 Ea
1692 1517 1799 1558 erat
1834 1511 2015 1560 civitas
2050 1509 2362 1570 aequissimo

1418 1582 1528 1629 iure
1550 1594 1610 1628 ac
1640 1577 1875 1639 foedere,
1909 1593 2003 1642 pro
2038 1578 2195 1627 Arch.
2226 1580 2279 1636 4,
2308 1579 2354 1628 6.

1419 1675 1489 1686 --
1506 1647 1732 1697 Tabulae
1756 1648 2166 1696 Heracleensium
2198 1646 2359 1710 publi-

1420 1733 1510 1767 cae
1529 1717 1701 1766 ltalico
1724 1717 1855 1765 bello
1880 1718 2087 1765 incenso
2109 1715 2358 1764 tabulario

1420 1787 1743 1844 interierunt,
1782 1787 1853 1834 lb.
1888 1786 1953 1847 4,
1992 1785 2044 1838 8.
2085 1811 2157 1820 —-
2190 1785 2359 1833 Hera-

1422 1859 1604 1906 cleotes
1622 1854 1835 1914 Zeuxis,
1861 1854 1925 1902 de
1947 1855 2051 1902 inv.
2077 1856 2125 1911 2,
2151 1854 2201 1912 1,
2223 1853 2272 1906 1.

1352 1925 1661 1988 Heraclea,
1702 1925 1943 1988 oppidum
1974 1922 2282 1973 Phthiotidis
2314 1937 2353 1971 s,

1424 1994 1751 2055 Thessaliae,
1772 2008 1853 2057 ep.
1877 1995 1943 2042 ad
1968 1992 2111 2043 Brut.
2141 1992 2187 2055 1,
2206 1992 2255 2043 6.

1352 2064 1651 2127 Heracleo,
1670 2063 1986 2127 praedonum
2010 2062 2131 2112 dux.
2152 2075 2247 2108 non
2270 2074 2355 2110 sua

1422 2136 1625 2193 virtute,
1644 2132 1736 2181 sed
1754 2132 1932 2182 Verris
1952 2132 2172 2180 avaritia
2192 2130 2355 2189 nequi-

1421 2203 1595 2265 tiaque
1622 2204 1807 2258 victor,
1834 2200 2053 2249 classem
2089 2198 2357 2264 pulcherri-

1422 2286 1557 2321 mam
1587 2269 1767 2337 populi
1790 2270 2003 2319 Romani
2034 2272 2087 2317 in
2117 2268 2255 2317 littus
2276 2282 2356 2315 ex-

1420 2340 1623 2405 pulsam
1643 2346 1690 2388 et
1725 2340 1936 2388 eiectam
1954 2338 2256 2387 inflammari
2285 2338 2355 2384 in-

1420 2410 1672 2471 cendique
1697 2407 1848 2458 iussit
1862 2444 1876 2467 ‚
1897 2409 2045 2457 Verr.
2068 2411 2285 2457 accusat.
2307 2404 2354 2462 5,

1420 2478 1517 2543 35,
1541 2478 1627 2529 91.
1658 2504 1731 2515 ——-
1762 2476 1956 2527 Deinde
1994 2475 2276 2541 penetravit
2307 2474 2357 2521 in

1364 2608 1368 2613 1
1418 2555 1622 2611 portum
1656 2546 2063 2610 Syracusanum,
2100 2545 2174 2594 ΙΙ).
2192 2544 2223 2594 5
2241 2580 2253 2601 ,
2274 2542 2355 2599 37,

1350 2684 1729 2736 Heracleotae
1743 2721 1758 2747 ,
1792 2684 1988 2733 incolae
2006 2683 2277 2732 Heracleae
2296 2681 2354 2729 ad

1419 2754 1653 2803 Latinum
1690 2768 1851 2819 prope
1887 2753 2014 2803 fines
2048 2750 2258 2813 Cariae,
2298 2748 2357 2799 ad

1421 2823 1542 2874 fam.
1580 2822 1664 2882 13,
1686 2824 1774 2883 56,
1797 2825 1847 2875 2.

1350 2890 1623 2944 Heraclia
1644 2908 1687 2940 s.
1710 2890 1991 2941 Heraclea
2012 2890 2259 2954 oppidum
2284 2886 2357 2937 Si-

1421 2962 1571 3021 ciliae
1606 2962 1739 3011 oirea
1769 2962 1953 3012 ostium
1990 2959 2172 3023 Halyci
2203 2958 2360 3007 fluvii.

1419 3030 1492 3081 Eo
1530 3030 1740 3080 colonos
1771 3031 1827 3079 P.
1871 3028 2109 3092 Rupilius
2144 3043 2191 3077 a.
2229 3043 2279 3074 u.
2316 3042 2359 3075 c.

1420 3098 1541 3150 623.
1606 3099 1817 3149 deduxit
1870 3097 2118 3161 legesque
2168 3096 2234 3145 de
2281 3108 2357 3143 co-

1424 3168 1649 3232 optando
1680 3175 1859 3217 senatu
1882 3173 1931 3215 et
1949 3166 2012 3215 de
2048 3180 2261 3215 numero
2284 3179 2349 3211 ve·

1422 3244 1588 3286 terum
1620 3252 1681 3287 ac
1714 3250 1963 3286 novorum
1994 3235 2165 3293 dedit,
2213 3234 2361 3283 Verr.

1424 3313 1645 3355 accusat.
1664 3307 1716 3368 2,
1736 3303 1823 3363 20,
1849 3304 1965 3356 125.
1986 3332 2045 3341 —-
2064 3302 2191 3353 Hine
2210 3302 2361 3351 Hera-

1422 3373 1629 3423 cliensis
1647 3409 1660 3431 ,
1688 3374 1762 3421 lb.
1785 3373 1837 3433 5,
1860 3372 1945 3429 33,
1966 3372 2051 3425 86.

1352 3438 1687 3492 Heraclides
1745 3440 2009 3500 Ponticus,
2069 3456 2134 3489 ex
2186 3436 2361 3487 schola

1421 3509 1650 3569 Platonis
1666 3544 1680 3566 ,
1700 3509 1823 3569 quid
1842 3509 2107 3557 tradiderit
2127 3508 2191 3557 de
2216 3519 2363 3555 mun-
