2500 3850
370 188 431 236 0.
452 188 759 236 LICINIUS
786 187 1023 234 MACER
1055 209 1125 220 -
1144 189 1206 236 Ρ.
1236 187 1538 236 LICINIUS
1564 186 1876 234 MURENA.

132 345 370 410 piscinas
402 359 524 393 suas
556 343 661 394 fore
693 343 861 392 salvas
882 357 1088 407 sperare

133 415 444 472 videantur,
472 414 539 462 ad
559 414 663 471 Att,
686 413 732 472 1,
755 411 844 468 18,
864 410 915 461 6.

62 483 134 534 C.
194 478 455 532 Licinius
502 480 699 530 Macer
719 516 735 542 ,
792 480 1082 528 historicus·

136 552 219 601 De
239 551 486 599 historica
509 551 619 599 eius
651 558 757 598 arte
778 555 826 598 et
846 549 1084 611 eloquen-

136 621 214 668 tia
236 620 571 679 existimatur,
604 617 667 667 de
687 617 787 682 leg.
815 619 861 677 1,
878 619 927 675 2,
952 619 1002 666 7.
1018 642 1086 653 —
1122 652 1131 662 .

136 678 202 740 C.
222 689 458 738 Licinius
477 686 643 736 Macer
659 722 674 746 ‚
708 694 853 751 pater
877 684 933 735 C.
955 684 1086 734 Lici-

138 758 215 806 nii
254 755 433 819 Calvi,
490 757 730 820 oratoris,
788 755 1084 804 auctoritate

141 825 451 892 eguit‚‚sed
488 823 583 874 fuit
628 831 877 888 patronus
924 838 1085 888 prope

140 896 356 944 modum
376 893 814 958 diligentissimUS,
838 892 976 942 Brut.
996 892 1083 952 67,

139 963 267 1016 238.
296 991 364 999 —
392 962 446 1013 C.
472 962 666 1021 Macer,
698 960 753 1011 C.
783 961 980 1010 Rabirii
1009 961 1085 1010 in-

140 1033 347 1094 imicus,
384 1029 505 1082 huic
524 1031 705 1080 obiecit
727 1031 913 1079 crimen
934 1031 1086 1079 inter·

142 1103 265 1152 fecti
278 1099 565 1160 Saturnini,
589 1115 679 1164 pro
702 1099 911 1148 Rabirio
937 1099 1082 1163 perd.

144 1173 207 1229 2,
242 1169 295 1220 6.
329 1197 398 1206 --
432 1169 506 1218 De
539 1169 647 1218 eius
685 1168 1005 1217 damnatione
1036 1181 1082 1216 a.

142 1257 198 1289 u.
250 1255 296 1291 c.
349 1237 469 1288 688.
517 1237 585 1289 Μ.
640 1237 805 1286 Tullio
850 1243 1085 1302 praetore

146 1309 301 1370 facta,
338 1306 406 1356 ad
422 1307 530 1355 Att.
556 1305 602 1365 1,
623 1307 673 1364 4,
693 1307 745 1359 2.

80 1393 140 1443 C.
164 1390 421 1444 Licinius
436 1391 645 1442 Macer.
682 1391 876 1442 Nomen
894 1391 1088 1439 Vatinii

146 1463 413 1512 delaturus
476 1476 588 1512 esse
638 1459 805 1510 Macer
858 1459 1086 1509 Licinius

146 1533 413 1652 gicgbalttur
449 1545 495 1580 a.
525 1546 575 1580 u.
600 1545 645 1579 c.
668 1528 809 1589 698„
846 1529 913 1577 ad
938 1529 996 1587 Q.
1020 1527 1080 1578 fr.

183 1638 197 1661 2
256 1638 269 1660 9
336 1635 349 1648 '

83 1685 143 1734 C.
166 1682 419 1735 Licinius
438 1682 623 1735 Nerva
641 1685 869 1734 tribunus
889 1683 981 1748 pl.‚
1016 1685 1087 1732 ci·

150 1757 232 1803 vis
290 1753 556 1818 improbus
577 1790 591 1813 ,
647 1768 749 1802 non
793 1753 1085 1815 indisertus,

146 1823 287 1872 Brut.
311 1822 399 1885 34,
423 1821 541 1872 129.

86 1907 145 1957 C.
175 1903 432 1958 Licinius
453 1903 709 1971 Murena,
734 1903 888 1955 frater
898 1905 958 1960 L.
981 1905 1090 1955 Mu-

152 1993 301 2027 renae
320 1992 351 2025 a
366 1976 605 2026 Cicerone
626 1975 843 2036 defensi,
868 1989 961 2040 pro
982 1974 1091 2023 Mu·

150 2060 270 2095 rena
290 2045 376 2104 41,
398 2044 483 2095 89.
552 2087 565 2101 ,
900 2054 905 2059 ·

83 2128 147 2181 Ia.
170 2127 424 2181 Licinius
455 2126 527 2181 P.
559 2125 623 2175 F.
654 2125 718 2176 Ρ.
740 2124 807 2176 N.
833 2124 1089 2189 Murena,

150 2206 296 2265 pater
317 2200 457 2260 eius,
498 2212 645 2260 quem
668 2196 842 2245 Cicero
865 2195 1091 2243 oratione

153 2268 399 2318 defendit.
450 2266 533 2315 Ad
560 2262 617 2316 G.
650 2263 914 2313 Lucullum
951 2264 1091 2328 lega-

150 2350 233 2386 tus
253 2336 473 2399 missus,
508 2334 576 2383 ad
593 2333 698 2385 Ast.
730 2331 823 2395 13,
846 2331 906 2395 6,
934 2333 983 2383 4.
1022 2358 1087 2368 —

151 2404 497 2455 Mithridatem
514 2415 801 2467 repressum
822 2414 1008 2465 magna
1026 2416 1091 2451 ex

150 2484 295 2539 parte
316 2509 330 2534 ,
371 2486 472 2521 non
518 2485 818 2536 oppressum
867 2469 1087 2531 reliquit,

150 2558 243 2608 pro
268 2544 479 2591 Murena
504 2540 596 2601 15,
620 2540 705 2593 32.
726 2568 796 2577 --
814 2536 1011 2588 Bellum
1037 2540 1091 2587 iu

154 2616 311 2662 Ponto
340 2610 583 2661 adversus
604 2608 947 2657 Mithridatem
974 2622 1092 2671 ges-

156 2684 222 2731 sit
242 2718 255 2737 ,
293 2679 455 2729 Acad.
478 2693 556 2743 pr.
578 2678 611 2726 2
627 2714 640 2737 ,
663 2677 711 2737 l,
731 2679 783 2726 2.
806 2702 877 2712 -—
902 2676 1089 2725 Decem

154 2764 312 2799 naves
332 2750 442 2797 eius
464 2748 604 2797 iussu
622 2744 845 2810 populus
864 2744 1092 2793 Milesius

156 2835 218 2868 ex
234 2818 452 2883 pecunia
477 2815 715 2879 vectigali
736 2813 923 2879 populo
942 2814 1088 2862 Rom.

155 2887 293 2946 fecit,
332 2886 465 2935 sicut
480 2899 572 2949 pro
593 2898 683 2932 sua
705 2896 933 2945 quaeque
950 2891 1093 2946 parte

156 2957 311 3007 Asiae
331 2963 560 3004 caeterae
581 2953 831 3011 civitatee,
849 2952 994 2999 Verr.
1007 2966 1093 2999 ac-

158 3032 319 3073 cusat.
344 3024 370 3073 1
388 3058 402 3083 ,
422 3021 516 3080 35,
545 3020 629 3071 90.
654 3046 723 3055 --
742 3019 1095 3083 Triumphavit

160 3096 223 3143 de
239 3090 533 3141 Mithridate
550 3125 565 3150 ,
600 3090 694 3141 sed
726 3090 796 3138 ita
812 3088 1095 3152 triumpha-

159 3164 261 3227 vit,
298 3168 357 3210 ut
388 3160 479 3209 ille
507 3158 689 3224 pulsus
724 3165 1096 3223 superatusque

160 3235 409 3295 regnaret.
462 3230 543 3277 Ab
573 3244 632 3279 eo
668 3226 804 3277 bello
836 3226 1097 3277 Murenam

162 3298 299 3353 Sulla
310 3298 587 3357 revocavit,
601 3298 741 3347 deim
786 3333 797 3345 .
814 3296 901 3349 Cn.
918 3297 953 3346 P
992 3309 1094 3361 mp.

157 3366 375 3433 3422-
390 3366 469 3417 De
487 3367 597 3415 eius
617 3358 678 3415 tfi
680 3381 764 3415 um
772 3352 1099 3429 pfloamplis-

162 3439 318 3502 simo,
344 3450 440 3503 pro
462 3434 675 3484 Murena
700 3436 749 3500 7,
774 3432 857 3486 15.

2031 171 2146 233 221

1156 341 1220 394 Ῑι.
1242 339 1492 392 Licinius
1532 342 1595 393 L.
1623 340 1686 392 F.
1712 341 1776 392 Ρ.
1810 340 1876 392 N.
1900 340 2151 394 Murena.

1226 413 1339 460 Fuit
1377 415 1426 462 in
1457 413 1582 461 Asia
1617 417 1664 460 et
1705 412 1812 460 viro
1857 410 2150 472 fortissim0‚

1224 482 1421 544 parenti
1440 495 1549 539 suc,
1587 493 1770 544 magno
1790 481 2077 528 adiumento
2103 480 2155 528 in

1224 549 1503 613 periculis,
1549 549 1739 598 solacio
1780 550 1833 597 in
1875 549 2150 606 laboribuS,

1224 618 1548 682 gratulationi
1572 619 1625 666 in
1653 619 1866 668 victoria
1901 617 2021 680 fuit,
2061 631 2153 682 pro

1224 687 1434 736 Murena
1452 688 1504 748 5,
1527 688 1610 738 12.
1633 713 1700 724 --
1723 687 1946 737 Proavus
1977 687 2086 736 eius
2108 692 2156 734 et

1222 771 1347 808 avus
1383 763 1641 820 praetores
1676 755 1879 805 fuerunt
1920 761 1970 804 et
2013 761 2156 820 pater

1224 841 1288 874 ex
1323 833 1557 889 practura
1601 824 1953 890 triumphavit,
1991 825 2063 872 lb.
2104 825 2172 886 7„

1226 893 1310 946 15.
1327 920 1396 931 —-
1419 895 1640 958 Legatus
1663 894 1722 942 L.
1745 893 1958 950 Lucuklo
1983 893 2078 942 fuit
2109 903 2157 943 et

1224 977 1435 1027 magnas
1473 978 1552 1012 res
1590 963 1777 1028 gessit,
1813 977 1904 1027 pro
1947 963 2158 1012 Murena

1225 1031 1277 1090 9,
1297 1033 1382 1083 20.
1409 1061 1480 1072 —-
1519 1032 1750 1084 Comitiis
1787 1032 2152 1091 consularibus,

1224 1115 1353 1162 quae
1372 1099 1548 1150 consul
1565 1101 1742 1152 Cicero
1765 1100 1962 1159 habuit,
1990 1099 2049 1153 D.
2073 1102 2155 1149 Iu-

1223 1171 1340 1218 nius
1371 1169 1574 1220 Silanus
1597 1177 1646 1220 et
1683 1171 1741 1220 L.
1780 1171 2007 1236 Licinius
2046 1169 2156 1220 Mu-

1225 1253 1344 1287 rena
1363 1238 1598 1288 consules
1613 1239 1866 1303 designati
1885 1246 2017 1287 sunt.
2039 1239 2158 1288 Post

1225 1308 1433 1358 comitia
1450 1307 1710 1356 Murenam
1735 1307 1847 1370 lege
1871 1307 2036 1355 Tullia
2053 1309 2158 1356 An-

1222 1377 1393 1426 tonius
1413 1376 1476 1424 de
1497 1376 1688 1424 ambitu
1721 1376 2020 1440 competitor
2047 1377 2158 1424 eius

1226 1445 1482 1494 accusavit
1508 1442 1616 1492 Ser.
1639 1441 1898 1507 Sulpicius
1930 1459 2040 1491 cum
2069 1445 2158 1491 tri-

1226 1514 1322 1562 bus
1365 1512 1789 1575 subscriptoribus
1831 1511 1900 1560 M.
1954 1511 2157 1572 Catone,

1226 1581 1316 1632 Cn.
1339 1582 1616 1639 Postumio,
1656 1577 1766 1633 Ser.
1789 1579 2016 1645 Sulpicio
2037 1580 2160 1630 ado·

1227 1650 1464 1702 lescente.
1539 1649 1779 1700 Defendit
1815 1665 1932 1699 eum
1967 1649 2158 1707 Cicero,

1227 1735 1330 1769 una
1343 1734 1454 1769 cum
1469 1718 1528 1777 Q.
1540 1720 1808 1771 Hortensio
1823 1730 1870 1770 et
1884 1721 1927 1768 M
1937 1760 1950 1773 .
1965 1717 2159 1778 Crasso,

1227 1790 1302 1838 ita
1336 1796 1392 1837 ut
1427 1788 1803 1853 absolveretur,
1841 1803 1932 1854 pro
1956 1789 2163 1839 Murena

1233 1859 1280 1918 1,
1306 1859 1332 1908 1
1354 1873 1467 1920 sqq.
1531 1872 1624 1922 pro
1644 1857 1821 1908 Flacco
1846 1857 1931 1920 39,
1949 1857 2041 1910 98.
2097 1857 2162 1906 de

1233 1916 1319 1976 fin.
1343 1928 1395 1988 4,
1425 1929 1511 1986 27,
1531 1930 1615 1978 74.
1673 1930 1738 1977 de
1772 1928 1922 1977 domo
1951 1943 2046 1977 sua
2074 1929 2159 1985 52,

1234 1995 1352 2047 134.
1401 2024 1472 2035 --
1513 1996 1819 2061 Designatus
1874 1995 2050 2047 consul
2099 1998 2162 2045 de

1232 2066 1674 2114 animadversione
1737 2066 1790 2113 in
1845 2063 2163 2114 Catilinarios
2206 2078 2226 2089 ·

1233 2134 1366 2183 dixit
1397 2142 1512 2184 ante
1548 2132 1812 2197 Catonem,
1850 2133 1917 2183 ad
1951 2133 2054 2183 Att.
2079 2136 2161 2193 12,

1230 2203 1325 2264 21,
1375 2202 1424 2253 1.
1461 2230 1527 2239 —
1581 2203 1642 2252 Ei
1675 2203 1867 2268 placuit
1906 2200 2164 2262 Ciceronis

1231 2271 1542 2336 consulatus,
1579 2273 1801 2337 Philipp.
1829 2274 1876 2331 2,
1903 2273 1953 2333 5,
1986 2274 2066 2322 12.
2097 2298 2162 2307 -—

1231 2340 1357 2389 Cum
1377 2340 1584 2391 Murena
1601 2342 1658 2391 P.
1676 2340 1882 2391 Clodius
1901 2355 1958 2389 se
1977 2340 2028 2388 in
2049 2337 2164 2389 Gal-

1231 2408 1356 2459 liam
1397 2409 1639 2471 contulit,
1681 2410 1746 2458 de
1779 2408 1988 2472 harusp.
2023 2422 2162 2471 resp.

1230 2478 1316 2537 20,
1347 2478 1435 2527 42.
1473 2504 1541 2514 —-
1576 2477 1650 2527 De
1685 2475 1904 2539 hospitio
1935 2475 2166 2525 Ciceroni

1230 2546 1519 2610 praebendo
1565 2542 1918 2594 liberalissime
1955 2557 2165 2608 respon·

1234 2615 1309 2663 dit
1351 2630 1399 2663 a.
1437 2631 1487 2667 u.
1538 2630 1581 2663 c.
1621 2612 1778 2678 709„
1830 2613 1898 2662 ad
1931 2614 2034 2683 Att.
2080 2608 2164 2676 13,

1233 2682 1330 2743 50,
1367 2684 1420 2734 5.

1164 2765 1231 2817 Ρ.
1248 2764 1498 2819 Licinius
1511 2766 1765 2831 Murena,
1793 2781 2014 2833 proavus
2036 2770 2163 2833 eiuS‚

1230 2852 1383 2898 quem
1427 2836 1602 2887 Cicero
1652 2838 1882 2887 defendit
1901 2874 1916 2898 ‚
1965 2847 2168 2903 praetor

1231 2906 1418 3024 ξιιὶἷὸει.
1459 2921 1510 2955 ιι.
1550 2923 1592 2956 c.
1641 2906 1793 2969 598„
1831 2921 1923 2972 pro
1961 2908 2170 2956 Murena

1164 3055 1230 3107 P.
1263 3054 1513 3108 Licinius
1545 3055 1609 3107 Ρ.
1643 3055 1706 3105 F.
1736 3056 2005 3117 Murena,
2044 3070 2168 3105 avus

1235 3128 1363 3189 eius,
1387 3142 1534 3189 quem
1560 3126 1732 3175 Cicero
1753 3124 1999 3187 defendit,
2021 3139 2170 3189 prae-

1237 3200 1320 3243 tor
1361 3210 1407 3244 a.
1453 3210 1502 3244 u.
1547 3209 1592 3246 c.
1638 3193 1788 3255 641„
1835 3206 1926 3257 pro
1962 3192 2171 3243 Murena

1236 3265 1286 3325 7,
1310 3263 1389 3313 15.

1167 3362 1231 3413 Ρ.
1269 3356 1518 3411 Licinius
1556 3358 1826 3421 Murena,
1859 3358 2084 3420 aequalis
2107 3357 2170 3418 Q.

1236 3429 1508 3483 Hortensii.
1561 3429 1631 3479 De
1650 3431 1760 3479 eius
1785 3428 2011 3478 doctrina
2030 3435 2078 3478 et
2096 3427 2173 3479 fa-
