2500 3850
813 177 963 228 SEX.
997 179 1396 230 HERENNIUS
1425 203 1500 214 --
1527 179 1820 230 HERMIA.

337 334 395 384 L.
431 333 727 399 Philippum
756 335 807 384 in
832 335 1121 386 consulatus
1152 333 1284 398 peti-

337 404 474 453 tione
526 419 559 452 a
604 403 669 454 M.
708 404 959 454 Herennio
994 411 1281 468 superatuS,

339 487 434 537 pro
456 471 587 524 Mur.
614 470 696 532 17,
718 472 804 525 36.
843 473 904 521 cl.
927 472 1067 526 Brut,
1090 473 1121 522 l.
1144 488 1188 525 c.

270 539 395 592 Sex.
413 539 732 591 Herennius
746 577 760 603 ,
784 541 889 590 Caii
911 542 1100 590 tribuni
1119 549 1281 606 pater,

340 611 564 671 divisor,
594 611 660 658 ad
684 611 791 658 Att.
817 611 863 670 1,
891 610 971 672 18,
991 612 1041 660 4.

270 677 342 728 Τ.
390 675 710 728 Herennius
731 713 745 740 ,
801 679 887 740 qui
942 678 1281 744 argentariam

338 747 488 810 Lepti
510 746 698 798 fecerat
712 783 725 806 ,
749 762 777 795 a
798 748 961 796 Verre
978 749 1142 796 securi
1162 762 1280 810 per·

336 829 545 872 cussus,
563 817 709 865 Verr.
732 824 953 864 accusat.
976 815 1027 880 5,
1049 813 1131 877 59,
1157 815 1276 870 155.

338 884 407 932 cl.
430 885 499 935 ib.
528 885 575 948 1,
597 885 650 948 5,
672 886 755 937 14.

264 948 586 1002 Herennium
608 952 776 1004 Gallo
806 953 983 1002 histrio
1016 967 1047 1001 a
1077 952 1135 1000 L.
1158 950 1279 1001 Cor-

338 1022 475 1072 nelio
500 1021 659 1072 Balbo
696 1020 923 1072 Gadibus
942 1022 1092 1070 anulo
1125 1035 1278 1070 aureo

338 1093 555 1142 donatus
577 1091 693 1140 etin
713 1090 875 1142 Xllll.
899 1089 1096 1140 sessum
1118 1090 1279 1139 dedu·

337 1168 447 1209 etus
462 1195 475 1219 ‚
504 1161 569 1208 ad
589 1159 711 1211 fam.
736 1159 819 1223 10,
842 1159 928 1219 32,
948 1160 999 1209 2.

260 1226 498 1280 Herillii
522 1227 843 1293 philosophi,
876 1228 940 1278 de
962 1233 1088 1281 orat.
1116 1227 1169 1291 3,
1192 1227 1275 1288 17,

258 1365 522 1418 Hel-illus
604 1367 1060 1433 Karthaginiensis.
1152 1367 1275 1416 Eius

332 1442 608 1502 praecepta
660 1437 848 1486 similia
892 1436 1177 1486 Menedemi
1226 1442 1277 1484 et

332 1506 699 1555 Ereti-incorum
715 1541 731 1566 ,
768 1506 927 1557 Acad.
964 1521 1043 1571 pr.
1084 1508 1115 1555 2
1130 1541 1144 1565 ,
1184 1505 1273 1562 42,

335 1573 455 1625 129.
500 1599 573 1611 -
616 1575 837 1624 Herillus
890 1575 957 1624 ad
1009 1574 1275 1624 scientiam

333 1644 503 1693 omnia
522 1657 793 1703 revocans,
831 1658 987 1693 unum
1018 1642 1276 1705 quoddam

330 1714 524 1762 bonum
568 1713 721 1776 vidit,
764 1713 856 1762 sed
892 1727 986 1761 nec
1026 1713 1274 1776 optimum

331 1797 428 1831 nec
472 1796 571 1844 quo
618 1783 725 1830 vita
762 1781 1044 1847 gubernari
1088 1781 1271 1844 possit.

330 1853 509 1913 Itaque
542 1849 627 1899 hic
664 1851 775 1915 ipse
819 1851 921 1898 iam
956 1850 1155 1915 pridem
1196 1856 1274 1900 est

330 1915 580 1971 reiectus:
610 1927 729 1985 post
760 1920 893 1971 enim
929 1918 1272 1985 Chrysippum

330 2006 431 2040 non
466 2004 589 2039 sane
617 1998 693 2039 est
715 1991 1057 2055 disputatum,
1092 1990 1153 2038 de
1180 1988 1270 2042 fin.

330 2061 365 2110 2
382 2092 397 2123 ‚
434 2058 499 2111 13
515 2096 528 2116 ,
557 2056 643 2111 43.
668 2084 733 2095 —-
754 2057 979 2108 Herillus
1005 2058 1272 2107 scientiam

328 2142 585 2178 summum
631 2130 817 2178 bonum
876 2142 993 2177 esse
1047 2126 1274 2177 defendit

329 2212 425 2247 nec
445 2212 550 2246 rem
568 2195 726 2246 ullam
750 2197 903 2246 aliam
929 2210 1022 2261 per
1042 2209 1098 2245 se
1116 2210 1272 2259 expe-

326 2266 535 2317 tendam
550 2301 567 2328 ,
590 2266 655 2316 de
672 2266 757 2315 fin.
778 2266 829 2325 5,
852 2266 937 2325 25,
960 2264 1041 2315 73.
1068 2289 1139 2304 -
1173 2265 1272 2313 He-

328 2336 479 2385 rillus
521 2337 574 2384 in
622 2335 907 2401 cognitione
960 2340 1011 2383 et
1056 2334 1270 2383 scientia

327 2418 583 2453 summum
604 2404 791 2455 bonum
810 2404 980 2469 ponit,
1004 2401 1166 2454 Acad.
1187 2417 1265 2467 pr.

326 2474 377 2530 2,
398 2474 485 2534 42,
510 2472 625 2523 129.
648 2500 705 2510 -
738 2471 977 2532 Herillus,
1000 2472 1047 2519 si
1066 2472 1135 2519 ita
1154 2485 1270 2519 sen-

326 2542 395 2591 sit
412 2542 539 2591 nihil
558 2556 669 2592 esse
684 2542 873 2591 bonum
892 2548 1093 2605 praeter
1105 2542 1270 2588 scien-

326 2612 451 2659 tiam
468 2647 481 2669 ‚
536 2626 733 2661 omnem
788 2610 987 2660 consilii
1032 2608 1270 2673 capiendi

326 2694 531 2729 causam
603 2681 1045 2740 inventionemque
1109 2676 1268 2726 officii

326 2749 555 2811 sustulit,
579 2748 644 2798 de
660 2748 746 2801 fin.
769 2748 820 2811 5,
842 2748 891 2806 8,
912 2746 997 2797 23.
1013 2772 1084 2781 -
1101 2745 1264 2795 Heril-

328 2816 407 2865 lus
466 2818 631 2881 ipsius
690 2818 842 2866 animi
902 2816 1265 2881 cogitationem

326 2884 648 2949 amplexatus
668 2886 917 2935 actionem
938 2884 1169 2945 reliquit,
1200 2884 1264 2933 de

325 2954 410 3004 fin.
434 2955 483 3011 4,
509 2954 590 3019 14,
615 2953 703 3004 36.
728 2980 793 2990 —-
811 2954 935 3003 Eius
955 2954 1159 3015 levitas„
1180 2952 1260 3006 Ib.

324 3022 377 3081 4,
400 3022 481 3085 15,
501 3023 945 3085 40.—Aristoni5‚
966 3021 1259 3087 PyrrhoniS,

324 3090 506 3140 Herilli
539 3092 816 3141 sententiae
845 3092 908 3139 de
940 3091 1125 3140 fluibus
1144 3105 1263 3141 eva-

322 3168 555 3225 fluerunt,
574 3160 785 3212 Tuscul.
810 3160 862 3216 5,
882 3158 968 3217 30,
991 3160 1077 3211 85.
1112 3158 1175 3213 cl.
1198 3158 1262 3207 de

322 3228 409 3282 fin.
432 3231 483 3288 2,
506 3228 591 3292 11,
614 3228 697 3281 35.
738 3230 799 3279 de
820 3227 905 3278 off.
935 3229 981 3287 1,
1002 3229 1053 3287 2,
1078 3227 1126 3278 6.

254 3294 635 3349 Hermam-eon
650 3334 663 3356 ‚
685 3297 947 3361 portitoris
969 3311 1171 3357 nornen,
1196 3297 1262 3346 de

322 3366 426 3418 inv,
453 3365 503 3427 1,
526 3366 610 3424 30,
626 3367 714 3416 47.

253 3430 512 3483 Hermae.
549 3434 759 3484 Hermas
778 3434 1059 3495 antiquitus
1076 3448 1175 3482 non
1198 3434 1262 3481 li·-

2238 173 2344 231 171

1422 338 1600 386 cebat
1587 351 1775 401 imponi
1799 338 2073 403 sepulcris,
2097 340 2158 388 de
2181 339 2280 406 leg.
2300 341 2350 404 2,

1423 405 1519 466 26,
1539 406 1627 457 65.
1651 407 1948 456 -Hermae
1972 409 2211 458 Pentelici
2240 425 2352 458 cum

1422 475 1672 538 capitibus
1696 476 1892 537 aeneis,
1913 477 1979 525 ad
2001 479 2104 530 Att.
2129 478 2190 537 1,
2215 476 2277 542 8,
2299 479 2350 530 2.

1420 542 1485 592 cl.
1508 543 1575 592 ib.
1604 544 1650 603 1,
1671 543 1721 607 9,
1741 545 1792 592 2.

1339 597 1678 678 Ερμαῖον,
1706 580 1902 662 ’lucrum
1924 614 2259 679 insperatum,
2289 617 2354 664 ad

1418 682 1522 728 Att.
1548 679 1632 740 13,
1656 681 1738 739 19,
1757 680 1810 730 5.

1347 747 1730 815 Hermagoras
1753 749 1939 812 rhetor,
1969 751 2135 800 floruit
2155 751 2354 800 Cicero-

1418 816 1498 866 nis
1531 825 1712 869 aetate.
1734 843 1800 853 —
1820 818 1942 867 Eius
1974 813 2248 885 disciplina
2277 823 2353 869 in-

1421 900 1516 951 ops
1545 887 1612 935 ad
1645 888 1953 946 ornandum,
1986 890 2077 937 sed
2111 890 2176 939 ad
2211 891 2354 940 inv-e

1417 956 1656 1005 niendum
1693 957 1947 1020 expedita.
1987 957 2058 1006 Ea
2087 958 2172 1006 dat
2199 960 2353 1007 ratio-

1419 1039 1511 1074 nes
1540 1032 1703 1074 certas
1739 1033 1788 1073 et
1823 1034 2094 1090 praecepta
2131 1027 2349 1087 dicendi,

1419 1108 1548 1155 quae
1579 1094 1623 1142 si
1653 1095 1898 1144 minorem
1921 1095 2108 1144 habeut
2137 1111 2351 1161 appara-

1415 1169 1520 1211 tum
1557 1163 1707 1224 (sunt
1745 1164 1878 1212 enim
1916 1162 2140 1227 exilia),
2182 1173 2351 1214 tamen

1413 1229 1602 1280 habent
1637 1233 1862 1282 ordinem
1898 1241 1948 1281 et
1989 1235 2235 1295 quasdam
2273 1251 2350 1284 er-

1413 1315 1522 1349 rare
1539 1300 1590 1348 in
1610 1300 1826 1350 dicendo
1841 1315 1941 1351 non
1953 1303 2202 1364 patientes
2217 1305 2348 1362 viaS,

1413 1367 1556 1420 Brut.
1577 1368 1662 1428 76,
1689 1367 1807 1419 263.
1849 1369 1912 1418 cl.
1934 1369 2002 1416 ib.
2024 1369 2110 1428 78,
2137 1371 2256 1423 271.
2282 1399 2350 1407 -—

1413 1437 1748 1501 Hermagoras
1830 1435 2197 1500 reprehensuS,
2288 1441 2349 1488 de

1416 1507 1518 1555 inv.
1545 1505 1590 1564 l,
1611 1504 1662 1564 6,
1683 1505 1735 1554 8.
1775 1506 1849 1553 Ib.
1873 1505 1919 1566 1,
1953 1503 2003 1566 9,
2029 1505 2111 1557 12.
2137 1531 2204 1540 --
2226 1506 2349 1556 Eius

1342 1575 1345 1586 '
1415 1576 1703 1638 inventum,
1729 1573 1800 1626 lb.
1826 1574 1881 1634 1,
1909 1575 2002 1634 11,
2027 1573 2106 1624 16.
2129 1603 2198 1611 —-
2218 1575 2350 1635 Quid

1414 1644 1478 1692 de
1516 1644 1843 1710 degressione
1879 1644 2135 1704 docuerit,
2179 1645 2254 1698 Ib.
2301 1646 2346 1705 1,

1342 1779 1746 1847 Hermarchus,
1765 1783 2115 1848 Mytilenaeus,
2141 1782 2350 1846 Epicuri

1415 1850 1696 1917 discipulus
1735 1859 1884 1916 atque
1923 1860 2224 1902 testamento
2260 1852 2349 1902 he-

1413 1935 1493 1971 res
1509 1958 1523 1982 ,
1551 1921 1712 1975 Acad.
1734 1936 1812 1987 pr.
1836 1923 1888 1981 2,
1909 1920 1977 1973 30
1993 1960 2008 1983 ,
2032 1920 2115 1972 97.
2139 1948 2205 1957 -·
2225 1923 2349 1972 Her-

1415 1990 1651 2041 marchus
1671 1999 1842 2040 contra
1858 1991 2214 2057 Pythagoram,
2233 1990 2349 2040 Pla-

1412 2066 1580 2109 tonem
1600 2059 2058 2124 Empedoclemque
2091 2060 2250 2120 dixit,
2285 2061 2348 2110 de

1415 2142 1464 2181 u.
1489 2128 1540 2177 d.
1566 2128 1612 2186 1,
1633 2126 1716 2191 33,
1739 2127 2128 2193 93.-Epicuri
2148 2128 2215 2177 ad
2233 2144 2345 2179 eum

1413 2198 1626 2262 epistola
1641 2234 1656 2261 ,
1681 2198 1743 2247 de
1761 2198 1847 2252 fin.
1877 2202 1926 2257 2,
1949 2198 2033 2257 30,
2053 2196 2141 2251 96.

1343 2263 1729 2317 Hermarchus
1761 2267 1936 2317 Chius.
1985 2267 2108 2316 Cum
2139 2280 2200 2314 eo
2225 2280 2346 2328 syn·

1412 2334 1636 2398 graphas
1662 2335 1782 2383 fecit
1813 2337 1866 2384 P.
1901 2335 2136 2393 Clodius,
2169 2334 2233 2382 de
2256 2333 2346 2382 ha-

1408 2416 1550 2466 rusp.
1575 2416 1710 2466 resp.
1734 2402 1816 2463 16,
1839 2402 1925 2452 34.

1338 2468 1754 2533 Herma-thena,
1791 2472 1991 2533 signum
2021 2469 2073 2517 in
2099 2483 2198 2516 uua
2233 2469 2346 2519 basi

1410 2540 1644 2589 Mercurii
1663 2548 1712 2587 et
1729 2538 1984 2587 Minervae
2003 2536 2343 2598 coniunctum,

1409 2608 1474 2656 ad
1496 2609 1600 2657 Att.
1636 2608 1660 2657 1
1678 2644 1693 2668 ,
1723 2608 1749 2657 1
1767 2644 1781 2671 ,
1815 2606 1867 2660 5.
1891 2632 1961 2645 -—
1988 2605 2343 2656 Ornamentum

1410 2677 1748 2739 Academiae,
1770 2678 1844 2727 lb.
1869 2677 1914 2742 1,
1940 2678 1992 2737 4,
2014 2674 2064 2726 3.

1338 2744 1767 2809 Hermeraclae,
1798 2747 1946 2811 signa
1965 2760 2077 2795 cum
2108 2746 2346 2795 Mercurii

1406 2821 1456 2863 et
1485 2814 1718 2864 Herculis
1746 2817 2028 2881 capitibus,
2055 2816 2121 2865 ad
2152 2815 2256 2864 Att.
2295 2814 2342 2877 l,

1335 2950 1597 3003 Hermes.
1614 2944 1818 3017 Ἑρμῆς
1839 2967 2101 3003 commune
2121 2966 2198 2999 om
2208 2952 2343 3000 nium

1406 3031 1454 3070 et
1473 3022 1698 3073 Minerva
1715 3022 1971 3086 singulare
1991 3021 2189 3083 insigne
2203 3018 2341 3067 Cice-

1403 3090 1542 3139 ronis
1561 3092 1833 3155 gymnasii,
1856 3091 1922 3139 ad
1941 3091 2043 3138 Au.
2070 3087 2118 3147 1,
2138 3089 2188 3146 4,
2210 3086 2259 3137 3.
2274 3114 2340 3123 --

1405 3159 1621 3208 Hermae
1658 3157 1898 3209 Pentelici
1941 3171 2050 3205 cum
2089 3156 2341 3219 capitibus

1406 3222 2270 3288 aeneis,1b.1‚8‚.21b.19‚2.

1335 3294 1632 3361 [Hermes,
1668 3294 1842 3344 rhetor
1878 3294 2128 3350 GraecuS,
2169 3293 2341 3341 doctor

1407 3362 1694 3423 Cicer-onia,
1722 3362 1787 3412 ad
1805 3358 2236 3425 Her.1,11‚18.]

1333 3427 1631 3481 normias.
1663 3429 1959 3495 Hei-mins,
1991 3444 2168 3481 servus
2199 3430 2329 3479 Cice-
