2500 3850
572 201 639 262 Q.
675 203 960 252 CAELIUS
989 227 1072 238 --
1095 207 1168 253 M.
1201 205 1493 255 CAELan
1520 207 1767 258 RUFUS.
2132 200 2216 259 57

179 361 229 427 Q.
251 357 477 421 Caelius,
501 359 722 408 collusor
741 366 790 410 et
818 359 1010 410 sodalis
1034 360 1137 410 An-

227 430 358 487 tonii,
385 426 603 493 Philipp.
641 427 733 493 13,
767 429 826 492 2,
861 427 910 478 3.
951 431 1026 479 Ib.
1051 429 1134 490 13,

177 565 225 616 Τ.
247 563 470 616 Caclius.
511 565 569 614 L.
604 565 902 630 Cossinius,
930 567 1132 626 Tiburs,

224 637 428 684 damnato
453 635 509 682 T.
536 634 708 684 Caelio
739 636 867 685 civis
885 634 1032 689 Rom.
1057 643 1134 688 est

222 703 386 762 factu3‚
405 717 496 768 pro
517 703 675 754 Balbo
697 703 784 768 23,
806 703 891 755 53.

173 770 214 822 L.
235 770 434 822 Caelius
454 769 755 838 Antipater
771 809 787 836 ,
816 773 1032 838 scriptor
1057 774 1135 824 lu-

221 841 438 906 culentus,
459 842 586 891 iuris
603 843 753 892 valde
765 843 976 907 perituS,
989 843 1129 892 Brut.

219 909 414 969 26,102.
436 910 494 958 L.
521 910 728 960 Caelius
755 912 1022 977 Antipater
1041 913 1133 962 ad-

219 993 396 1029 monere
419 979 648 1043 reliquos
678 981 870 1044 potuit,
905 987 958 1030 ut
987 997 1133 1031 accu-

219 1047 350 1097 ratius
368 1049 674 1111 scriberent,
699 1049 764 1098 de
785 1049 919 1115 legg.
943 1050 990 1111 1,
1009 1052 1057 1110 2,
1077 1050 1128 1101 6.

217 1118 391 1166 —Post
409 1117 679 1178 Catonem,
702 1118 966 1179 Pictorem,
987 1119 1130 1168 Piso-

219 1200 312 1234 nem
333 1186 612 1250 paullulum
643 1201 702 1236 se
727 1187 886 1236 erexit
917 1195 965 1236 et
987 1189 1131 1238 addi-

220 1254 278 1303 dit
292 1254 516 1306 historiae
545 1257 800 1306 maiorem
823 1271 1004 1306 sonum
1023 1259 1129 1308 An-

217 1325 398 1387 tipater,
429 1325 493 1374 de
513 1325 1032 1444 W
1063 1327 1124 1378 cl.

219 1401 322 1447 orat.
363 1392 456 1456 69,
503 1393 628 1457 23..
668 1419 744 1432 —-·
778 1393 1011 1444 Narravit
1047 1411 1129 1446 so-

215 1463 376 1510 mnium
410 1461 742 1523 Hannibalis,
785 1463 848 1512 de
883 1463 1040 1512 divin.
1079 1464 1127 1523 1,

214 1529 281 1589 24,
301 1531 377 1580 48.
405 1557 476 1568 -
505 1531 758 1594 Sequitur
779 1529 1024 1582 Graecam
1050 1532 1130 1582 Si-

215 1595 296 1648 leni
318 1599 612 1664 historiam,
647 1601 720 1654 lb.
747 1601 804 1663 1,
833 1600 929 1664 24,
953 1602 1039 1654 49.
1065 1627 1132 1638 -·

214 1693 270 1703 -
295 1667 517 1718 Narravit
561 1671 768 1719 somnia
801 1667 914 1723 Tib.
951 1670 1130 1733 Atinii,

214 1736 274 1785 lb.
294 1737 343 1796 1,
364 1737 446 1799 26,
475 1739 565 1790 55.
603 1764 670 1774 --
705 1737 760 1788 C.
787 1735 1028 1799 Gracchi,
1052 1739 1129 1788 lb.

216 1805 266 1864 1,
294 1805 377 1870 26,
409 1805 492 1857 56.
513 1834 589 1844 --
609 1807 744 1866 Quid
779 1804 1042 1856 tradiderit
1068 1807 1132 1856 de

216 1876 684 1941 portentistempore
704 1873 824 1927 belli
852 1877 1028 1927 Punici
1051 1890 1130 1926 se-

217 1944 342 1993 cundi
358 1944 559 2003 oblatiS‚
591 1947 653 1995 de
675 1946 836 1996 divin.
863 1945 911 2006 1,
934 1945 1020 2009 35,
1045 1945 1127 1996 78.

218 2036 268 2046 —
288 2012 338 2066 C.
360 2014 666 2065 Flaminium
685 2014 931 2081 religione
957 2013 1130 2079 negle-

220 2088 286 2139 cta
319 2084 566 2133 cecidisse
605 2084 744 2147 apud
777 2084 1130 2133 Trasimenum

217 2150 365 2199 scribit
392 2168 504 2201 cum
539 2166 728 2218 magno
758 2152 832 2201 rei
853 2151 994 2215 publ.
1017 2152 1147 2201 vul--

217 2231 336 2275 nere,
356 2220 415 2269 de
433 2236 482 2275 n.
505 2221 560 2271 d.
581 2222 632 2284 2,
655 2220 705 2282 3,
727 2218 778 2271 8.
795 2247 862 2256 -
880 2220 1044 2271 Locus
1065 2236 1129 2271 ex

217 2286 306 2335 eius
321 2286 557 2351 historia,
583 2291 645 2339 de
665 2296 794 2339 orat.
818 2289 876 2351 3,
896 2288 981 2351 38,
1008 2289 1126 2343 153.

217 2380 272 2389 —
281 2355 501 2421 Epitome
522 2358 594 2407 M.
606 2358 748 2409 Bruti
759 2356 1128 2424 Caelianorum,

217 2424 269 2471 atl
285 2426 379 2477 Att.
406 2426 487 2489 13,
510 2426 568 2477 8.

167 2484 213 2536 0·
241 2490 446 2546 Caelius
484 2494 700 2547 Caldus
715 2496 855 2547 ‘trib.
895 2494 969 2559 pl.
1007 2494 1126 2547 647.

217 2574 302 2611 cos.
323 2578 366 2617 a.
383 2579 432 2613 u.
453 2579 496 2615 c.
519 2564 641 2615 660.
665 2580 780 2614 cum
797 2563 887 2617 Cn.
911 2564 1130 2613 Domitio

217 2628 550 2683 Ahenobarbo.
601 2633 971 2683 Perduellionis
1007 2648 1132 2695 quo-

217 2712 298 2758 que
329 2701 514 2751 iudicio
557 2702 611 2753 C.
659 2700 858 2752 Caelius
896 2701 1130 2751 tabellam

216 2766 333 2817 dedit
349 2769 638 2834 doluitque,
666 2773 837 2834 quoad
861 2772 1020 2832 vixit,
1053 2786 1127 2832 se,

217 2841 261 2883 ut
285 2840 585 2903 opprimeret
622 2838 676 2887 C.
715 2839 968 2905 Popilium
1000 2840 1128 2889 Lae-

215 2912 376 2969 natem,
391 2909 629 2959 nocuisse
648 2910 720 2959 rei
741 2910 900 2982 publ.²
915 2908 1129 2979 delegg.

215 2970 256 3037 3Ι
279 2973 352 3037 16,
372 2974 455 3037 36.
477 3004 546 3013 —
567 2976 690 3027 Eius
713 2978 764 3026 in
783 2978 1000 3029 dicendo
1023 2993 1130 3027 me·-

215 3039 460 3111 diocritas,
500 3046 564 3095 de
604 3052 732 3095 orat.
777 3046 802 3097 1
819 3085 836 3112 ,
869 3046 965 3107 25,
1009 3046 1124 3098 117.

214 3108 336 3164 Brut.
361 3114 454 3179 45,
479 3114 595 3167 165.
618 3140 684 3150 —-
703 3112 757 3165 C.
790 3114 988 3165 Caelius
1017 3114 1132 3165 Cal-

216 3176 297 3228 dus
307 3196 401 3231 non
414 3183 755 3235 mediocribus
773 3185 1052 3235 inimicitiis
1071 3200 1131 3234 ac

214 3244 448 3303 laboribus
483 3253 768 3318 contendit,
807 3261 860 3303 ut
896 3254 964 3303 ad
989 3268 1127 3304 sum-

214 3328 310 3367 mos
347 3318 562 3373 honores
613 3318 897 3387 perveniret
912 3359 926 3382 ,
976 3322 1124 3373 Verr.

215 3396 415 3437 accusat.
437 3388 469 3439 5
483 3426 496 3447 ‚
529 3388 622 3451 70,
654 3390 775 3444 181.
795 3417 866 3428 -
883 3389 1128 3449 Quaestor

215 3464 300 3501 non
319 3456 600 3521 estractus,
622 3473 714 3524 pro
735 3458 907 3509 Plane.
933 3459 1019 3527 21,
1037 3458 1123 3511 52.

1278 363 1343 412 de
1374 363 1485 412 eius
1514 365 1758 428 petitione
1792 365 2113 430 consumam,
2154 365 2212 425 Q.

1278 430 1383 480 Cic.
1406 432 1469 481 de
1486 440 1587 496 pet.
1608 448 1747 482 cons.
1771 431 1822 492 3,
1844 433 1923 484 11.
1939 435 2087 484 --·Μ.
2108 436 2217 485 An-

1275 500 1401 551 tonii
1431 502 1641 551 oratoris
1670 503 1721 550 in
1754 517 1867 552 eum
1896 503 2113 565 dictum,
2152 507 2217 555 de

1277 575 1401 619 orat.
1426 571 1477 626 2,
1496 568 1581 631 64,
1604 570 1725 622 257.

1209 635 1275 688 G.
1318 634 1547 688 Caelius
1578 636 1640 687 L.
1679 637 1742 687 F.
1786 636 1850 688 G.
1883 639 1948 691 N.
1985 640 2213 692 CalduS.

1273 707 1405 757 Eum
1425 707 1489 756 de
1508 708 1771 772 provincia
1788 708 2039 758 decedens
2061 725 2213 774 quae-

1276 782 1463 826 storem
1480 778 1777 841 praeposuit
1806 776 1873 831 M.
1894 777 2067 828 Cicero
2098 793 2216 842 pro-

1277 845 1487 907 vinciae,
1506 845 1572 894 ad
1588 844 1710 898 fam.
1728 847 1777 908 2,
1792 845 1874 909 15,
1890 847 1941 895 4.
1966 847 2029 896 ad
2040 847 2144 896 Att.
2162 848 2215 906 6,

1275 913 1325 974 6,
1342 913 1392 966 3.
1420 915 1490 964 Ib.
1516 917 1566 976 7,
1590 915 1637 974 1,
1658 916 1711 967 6.
1743 914 1973 979 Epistola
1993 917 2059 966 ad
2078 932 2213 976 eum,

1274 983 1341 1032 ad
1361 983 1483 1034 fam.
1500 985 1551 1045 2,
1576 981 1659 1034 19.
1682 984 1743 1032 cl.
1770 984 1835 1032 ad
1858 984 1962 1034 Att.
1982 987 2032 1046 6,
2054 986 2105 1046 2,
2126 985 2207 1039 10.

1276 1052 1348 1102 lb.
1372 1051 1423 1114 6,
1443 1054 1495 1113 4,
1520 1052 1567 1102 1.
1606 1053 1680 1102 Ib.
1700 1053 1751 1114 6,
1776 1052 1827 1112 5,
1853 1051 1904 1105 3.

1206 1119 1276 1186 Q.
1335 1117 1565 1172 Caelius
1619 1119 1995 1185 Latiniensis,
2050 1123 2209 1172 tribu-

1272 1204 1367 1241 nus
1394 1190 1462 1255 pl.
1496 1197 1543 1238 et
1562 1203 1693 1239 anno
1722 1192 1958 1254 proximo
1990 1191 2211 1255 legatuS,

1272 1259 1335 1309 de
1356 1261 1478 1322 imp.
1504 1258 1593 1310 Cn.
1614 1259 1791 1324 Pomp.
1819 1257 1901 1321 19,
1922 1259 2004 1309 58.

1199 1324 1279 1376 Μ.
1320 1324 1545 1378 caelius
1582 1325 1798 1390 Rufus,
1841 1334 2015 1392 pater,
2055 1343 2215 1388 eques

1270 1397 1448 1460 Rom.,
1490 1409 1677 1458 senex,
1728 1411 1843 1444 cum
1890 1405 2218 1444 accusaretur

1270 1463 1424 1513 filius.
1464 1463 1587 1514 Eius
1621 1462 1828 1520 laudes,
1868 1477 1961 1525 pro
1993 1463 2125 1514 Cael.
2157 1467 2209 1526 2,

1272 1532 1323 1584 3.
1344 1533 1485 1582 Idem
1505 1531 1702 1581 videtur
1720 1531 1871 1580 etiam
1895 1533 2035 1581 testis
2054 1531 2219 1581 fuisse

1274 1603 1326 1650 in
1351 1601 1411 1652 L.
1435 1599 1697 1662 Flaccum,
1736 1613 1829 1665 pro
1859 1601 1917 1652 L.
1954 1599 2130 1650 Flacco
2161 1601 2213 1652 1.

1272 1674 1333 1727 4.
1359 1669 1441 1721 11.

1201 1739 1281 1790 Μ.
1308 1735 1536 1788 Caelius
1555 1733 1772 1801 Rufus,
1801 1737 1953 1790 filius.
1989 1738 2055 1786 M.
2084 1739 2214 1789 Cae-

1275 1807 1371 1858 lius
1397 1814 1659 1857 accusatus
1684 1808 1748 1857 de
1767 1809 1817 1858 vi
1837 1808 1975 1874 apud
1996 1805 2085 1861 Cn,
2108 1807 2210 1857 Do-

1272 1877 1469 1927 mitium
1486 1876 1541 1927 L.
1562 1877 1617 1930 F.
1641 1875 2037 1927 Ahenobarbum
2059 1877 2209 1927 valde

1272 1953 1643 2081 ἓὲρὲἕΐίἶῗὲῗ
1666 1955 1814 2064 {³⁰²³
1830 1946 2204 2065 ἓὲῖἓὲῗιίἒᾷἓ·

1272 2084 1340 2133 lio
1359 2090 1504 2148 pater
1525 2084 1689 2141 varie,
1721 2098 1813 2147 pro
1836 2083 1967 2133 Cael.
1994 2084 2045 2142 2,
2066 2081 2115 2131 3.
2142 2110 2213 2120 —-

1270 2152 1385 2201 Fuit
1400 2154 1452 2201 in
1471 2153 1648 2201 amicis
1670 2150 1933 2212 Catilinae,
1958 2166 1989 2201 a
2006 2166 2105 2214 qua
2124 2168 2208 2200 ac-

1272 2222 1531 2272 cusatione
1554 2236 1669 2271 eum
1690 2220 1871 2271 callide
1890 2220 2117 2270 defendit
2136 2220 2203 2273 M,

1273 2290 1465 2350 Cicero,
1478 2292 1551 2340 lb.
1564 2292 1615 2351 4,
1634 2290 1699 2341 10
1710 2305 1820 2353 sqq.
1837 2290 1966 2337 —M
1972 2326 1985 2339 .
2006 2288 2208 2339 Caelius

1272 2359 1505 2408 tribunus
1534 2358 1607 2421 pl.
1630 2358 1710 2423 (a.
1735 2374 1784 2409 u.
1814 2374 1859 2409 c.
1883 2354 2033 2418 702.)
2057 2371 2209 2418 quem

1274 2428 1340 2477 ad
1352 2427 1557 2476 modum
1575 2440 1631 2473 se
1649 2426 1865 2489 gesserit
1881 2425 1933 2473 in
1948 2437 2103 2472 causa
2115 2423 2214 2471 Mi-

1272 2496 1433 2557 lonis,
1454 2508 1545 2558 pro
1567 2492 1671 2545 Mil.
1699 2490 1785 2553 33,
1806 2492 1891 2543 91.
1914 2517 1981 2528 -
2003 2492 2078 2539 De
2098 2492 2209 2540 eius

1274 2563 1591 2626 eloquentiae
1610 2562 1813 2621 studiis,
1829 2560 1968 2611 Brut.
1984 2558 2069 2623 79,
2083 2560 2203 2611 273.

1274 2633 1339 2687 cl.
1378 2632 1448 2681 ib.
1489 2630 1559 2683 86
1574 2668 1589 2693 ,
1628 2629 1747 2681 297.
1800 2630 2125 2681 Aedilitatem
2162 2630 2213 2680 ei

1271 2700 1551 2767 gratulatur
1582 2700 1649 2749 M.
1688 2699 1899 2765 Cicero,·
1920 2699 1987 2749 ad
2009 2700 2129 2751 fam.
2156 2702 2207 2760 2,

1270 2770 1330 2832 9,
1357 2771 1403 2820 1.
1423 2770 1623 2819 —Eius
1642 2769 1890 2835 epistolae
1910 2770 2210 2835 superstites

1269 2840 1436 2891 XVII.
1484 2840 1795 2889 constituunt
1836 2840 1923 2890 lib.
1966 2839 2032 2890 ad
2079 2838 2206 2889 fam.

1270 2909 1408 2961 VIlI.
1428 2934 1499 2943 -—
1524 2906 1709 2959 Scribit
1737 2910 1803 2960 ad
1828 2908 2123 2961 Ciceronem
2144 2908 2211 2957 de

1270 2992 1325 3027 re
1344 2975 1485 3041 publ.
1510 2984 1559 3027 et
1578 2979 1685 3028 suis
1712 2980 1765 3027 in
1786 2978 2043 3027 aedilitate
2072 2990 2208 3025 com-

1268 3047 1600 3112 petitoribus,
1626 3047 1693 3097 ad
1724 3048 1847 3097 farn.
1866 3046 1919 3101 8,
1939 3047 1990 3105 2,
2014 3046 2064 3097 2.
2111 3044 2209 3095 Cu·

1272 3117 1349 3182 pit
1380 3115 1578 3178 aliquid
1616 3116 1684 3165 ad
1716 3130 1773 3165 se
1802 3130 1833 3163 a
1867 3114 1933 3164 M.
1968 3112 2213 3163 Cicerone

1270 3186 1554 3248 conscribi,
1582 3184 1649 3233 ad
1668 3184 1793 3233 fam.
1813 3183 1865 3245 8,
1887 3184 1937 3243 3,
1959 3181 2009 3233 3.
2030 3208 2099 3219 -—-
2117 3182 2209 3231 Pe-

1267 3255 1326 3305 tit
1348 3270 1380 3303 a
1400 3252 1641 3303 Cicerone
1666 3266 1869 3317 procos.
1894 3251 2104 3301 Ciliciae
2118 3287 2133 3311 ,
2155 3261 2209 3299 ut
2304 3266 2307 3269 ⁴

1270 3323 1372 3375 sibi
1398 3318 1669 3386 pantheras
1689 3321 1755 3370 ad
1776 3319 1925 3370 ludos
1946 3320 2213 3370 aedilicios

1266 3395 1532 3456 procuret,
1567 3390 1642 3442 Ib.
1678 3404 1759 3454 ep.
1790 3392 1853 3446 4,
1886 3388 1937 3439 8.
1959 3390 2013 3442 9.
2044 3389 2122 3437 De
2144 3389 2212 3435 iis

1269 3460 1445 3511 Cicero
1464 3458 1739 3523 respondet
1757 3458 1824 3507 ad
1844 3457 1966 3510 fam.
1982 3459 2033 3520 2,
2057 3456 2139 3516 11,
2154 3457 2205 3503 2.
