2500 3850
226 264 234 271 .
282 171 408 233 282

355 341 456 392 678
477 344 526 390 et
541 337 660 390 680.
701 338 876 389 Sicilia
894 354 1048 390 censa
1067 348 1167 399 est,
1203 341 1279 391 Ib.

353 412 414 469 2,
443 408 544 471 56,
579 408 697 461 138.
730 434 800 445 -—
828 410 948 458 Eius
977 411 1202 474 probitas
1229 412 1281 459 in

353 478 612 528 reddenda
631 476 826 526 mulieri
847 476 900 526 C.
914 477 1067 527 Plotii
1085 479 1283 529 heredi-

352 556 479 612 tate,
519 548 581 596 de
612 547 695 596 fln.
718 547 778 610 2,
821 546 903 606 18,
932 546 1015 599 58.
1060 574 1126 583 —
1162 547 1281 599 Sex.

351 615 667 671 Peducaeus,
693 616 848 663 iudex
869 617 919 664 in
938 616 1112 667 Verris
1131 632 1287 667 causa

353 687 568 735 reiectus
605 700 637 733 a
670 685 856 747 Verre,
897 687 1034 747 quod
1078 702 1191 737 eum
1231 685 1293 735 in‘

351 754 622 805 iudicando
650 753 863 803 nimium
892 755 975 803 sui
1003 757 1130 805 iuris
1169 770 1283 805 sen-

351 824 635 887 tentiaeque
655 831 939 889 cognosset,
972 826 1115 873 Verr.
1133 840 1280 874 accu-

349 902 445 945 sat.
471 896 497 945 1
513 932 527 955 ,
552 894 582 942 7
597 928 612 955 ,
639 892 719 944 18.
745 919 815 929 —
845 892 949 943 Sex
967 895 1280 953 Peducaeus„

349 965 412 1013 ad
435 964 536 1011 Αιι.
562 962 610 1021 1,
632 963 682 1020 4,
706 962 752 1011 1.
794 964 865 1011 Ib.
894 962 940 1025 1,
963 966 1012 1021 5,
1039 964 1090 1014 4.

277 1030 405 1083 Sex.
427 1030 750 1080 Peducaeus
765 1065 780 1092 ,
818 1030 952 1079 filius
971 1032 1280 1095 praeceden-

345 1101 431 1161 tis,
469 1098 588 1149 Sex.
611 1113 797 1164 nepos,
829 1111 1056 1148 summus
1078 1098 1278 1149 Cicero-

349 1169 428 1215 nis
474 1168 665 1217 amicus
721 1183 780 1216 ac
829 1167 1110 1222 familiaris.
1153 1169 1276 1219 Eius

347 1235 598 1285 absolutio
656 1252 702 1285 a.
759 1251 809 1284 u.
857 1251 900 1284 c.
943 1238 1061 1291 704.
1086 1273 1100 1298 ,
1153 1238 1278 1289 Gae—

348 1307 448 1355 lius
470 1306 535 1355 ad
553 1304 675 1358 fam.
703 1304 766 1366 8,
801 1307 893 1366 14,
928 1307 975 1356 1.
1010 1334 1078 1342 —-
1109 1308 1277 1356 Etiam

344 1375 606 1427 Peducaeo
655 1373 778 1437 quid
818 1374 969 1424 faciat
1001 1376 1277 1426 videndum

346 1460 477 1494 esse.
523 1445 648 1493 Eum
671 1444 802 1493 enim
823 1442 1144 1507 splendorem
1165 1460 1278 1495 esse

345 1516 480 1574 eiuS,
500 1523 554 1562 ut
583 1513 758 1562 eadem
777 1514 1094 1577 postulentur
1111 1516 1174 1564 ab
1197 1529 1275 1574 e0‚

345 1598 474 1645 quae
513 1583 574 1629 ab
609 1581 942 1645 amplissimis
973 1584 1197 1644 civibus,
1228 1599 1273 1633 a.

344 1667 394 1703 ιι.
422 1666 466 1701 c.
495 1650 668 1709 705.,·
708 1649 775 1698 ad
795 1651 898 1700 Att.
943 1654 1001 1710 7,
1038 1650 1184 1703 13.'a.
1221 1652 1272 1703 3.

346 1720 419 1767 lb.
452 1718 512 1780 7,
564 1719 655 1782 14,
700 1716 750 1769 3.
793 1744 859 1754 -—
896 1721 1118 1770 Atticum
1161 1734 1277 1768 cum

345 1786 496 1837 Sexto
522 1787 671 1835 etiarn
695 1801 829 1836 nunc
859 1788 957 1836 sibi
986 1788 1147 1837 videri
1172 1788 1276 1837 Ro-

345 1870 458 1915 mae
502 1862 636 1903 recte
677 1870 792 1905 esse
833 1870 1002 1919 posse.
1077 1856 1274 1906 Etenim

349 1939 435 1975 eos
511 1925 719 1976 minime
783 1928 973 1976 amicos
1033 1926 1277 1991 Pompeio

346 2009 459 2044 esse
527 1995 723 2044 debere.
813 1994 1074 2046 Neminem
1143 1997 1278 2045 enim

347 2079 584 2126 umquam
607 2071 798 2112 tantum
819 2065 882 2113 de
903 2067 1108 2112 urbanis
1131 2080 1278 2127 prae-

345 2134 446 2182 diis
481 2133 760 2181 detraxisse
780 2169 794 2192 ,
833 2134 897 2182 ad
918 2137 1019 2180 Att.
1043 2137 1092 2194 7,
1120 2132 1201 2193 17,
1227 2131 1273 2182 1.

343 2229 408 2236 —
424 2200 699 2249 Consilium
719 2199 1004 2262 factumque
1023 2201 1278 2251 Ciceronis

345 2284 376 2318 a
396 2267 550 2318 Sexto
574 2268 773 2333 probari
803 2283 849 2321 a.
881 2285 929 2318 n.
963 2285 1008 2318 c.
1032 2268 1179 2329 705.,
1209 2271 1276 2320 ad

345 2340 448 2390 Att.
483 2337 542 2398 9,
565 2341 595 2387 7
613 2375 625 2397 ,
651 2341 702 2389 2.
744 2363 811 2373 —·-
849 2337 972 2386 Eius
1001 2340 1275 2388 auctoritas

343 2408 554 2457 multum
601 2407 738 2469 apud
777 2405 1066 2456 Ciceronem
1118 2408 1271 2469 valet,

340 2477 412 2528 Ib.
435 2476 484 2536 9,
516 2475 596 2540 10,
621 2475 702 2526 10.
735 2476 807 2525 Ib.
838 2476 920 2536 10,
943 2477 992 2536 1,
1020 2478 1047 2527 1
1069 2478 1118 2524 et
1140 2480 1274 2527 4.—

341 2546 416 2595 De
442 2560 637 2594 summa
671 2543 922 2594 Ciceronis
949 2547 1000 2594 in
1033 2544 1151 2594 Sex.
1177 2545 1271 2595 Pe·

341 2615 587 2664 ducaeum
625 2612 782 2660 filium
829 2613 1181 2662 benevolentia
1222 2623 1273 2662 et

340 2683 560 2730 amicitia
585 2688 821 2745 paterna,
859 2682 925 2730 ad
955 2682 1056 2731 Att.
1091 2680 1185 2743 13,
1217 2682 1267 2743 l,

342 2750 391 2801 3.
415 2775 483 2785 -
503 2750 620 2796 Eius
640 2749 909 2797 auctoritas
931 2763 1112 2816 magna
1131 2752 1269 2814 apud

335 2816 628 2866 Ciceronem
675 2823 722 2865 et
764 2819 816 2865 in
859 2819 1035 2882 primis
1077 2821 1265 2884 graviS,

343 2887 409 2935 ad
429 2888 531 2934 Att.
557 2885 622 2935 15
639 2920 654 2945 ,
679 2884 771 2945 13,
793 2885 841 2938 3.
864 2913 928 2922 --
951 2888 1072 2937 Vult
1089 2889 1188 2937 sibi
1209 2889 1271 2937 ab

342 2956 509 3005 Attico
531 2954 673 3004 Sexti
691 2954 933 3005 iudicium
963 2957 1025 3007 de
1046 2958 1270 3006 oratione

339 3025 626 3090 Philippica
673 3025 898 3076 secunda
936 3025 1111 3076 Cicero
1155 3040 1270 3090 per-

341 3095 491 3143 scribi
509 3133 520 3146 .
545 3095 610 3144 ad
631 3096 732 3142 Att.
761 3093 841 3154 16,
867 3094 948 3154 11,
973 3095 1015 3144 1.
1047 3120 1116 3130 -
1135 3093 1270 3143 Nihil

337 3165 607 3213 iucundius
622 3163 798 3212 litteris
811 3162 971 3223 Sexti,
983 3161 1109 3212 nihil
1129 3177 1269 3212 ama-

336 3231 505 3291 bilius,
524 3233 696 3283 adAtt.
710 3231 792 3291 16,
812 3231 894 3293 15,
913 3233 961 3282 4.

268 3298 540 3366 Pegasus,
561 3301 722 3349 alatus
741 3299 828 3348 ille
848 3315 1026 3361 equus,
1047 3299 1270 3364 Neptuni

341 3379 384 3414 υι
411 3369 648 3417 Medusae
669 3368 822 3415 filius.
847 3394 902 3404 —-
949 3368 988 3417 Ο
1011 3368 1267 3418 hominem

338 3434 754 3498 fortunatum,qui
775 3436 884 3483 eius
902 3437 1036 3484 modi
1055 3437 1267 3484 nuncios

677 182 827 229 SEX.
861 181 1265 231 PEDUGAEUS
1292 202 1379 219 ·-—·
1399 183 1960 232 PELOPONNESUS.

1424 358 1513 392 seu
1542 344 1712 407 potius
1747 342 1971 409 Pegasos
2007 340 2233 391 habeat!
2270 356 2361 407 pro

1425 412 1623 470 Quinct.
1654 412 1739 474 25,
1765 411 1851 463 80.

1355 470 1669 547 Πειρήνη.
1709 482 1772 530 V.
1798 478 2022 529 Pirene.

1355 548 1558 599 Peleus
1573 584 1588 611 ,
1628 548 1839 598 Achillis
1860 557 2033 615 pater,
2072 548 2139 597 de
2156 556 2288 599 orat.
2312 549 2354 600 3.

1427 617 1508 677 15,
1532 617 1619 667 57.

1354 683 1565 750 Pelias,
1598 684 1819 752 Neptuni
1848 686 1999 747 filius,
2040 687 2169 736 Iolci
2200 702 2291 736 rex
2312 691 2357 735 iu

1420 755 1716 821 Thessalia,
1755 758 1820 806 ad
1842 756 1957 805 Her.
1983 758 2033 817 2,
2057 758 2145 817 22,
2164 754 2257 806 34.
2296 783 2357 791 ——

1420 824 1547 873 Eum
1566 820 1700 875 filiae
1718 840 1990 889 recoquere
2014 825 2284 889 volebant,
2309 836 2355 871 ut

1420 903 1815 957 repuerascam,
1852 895 1914 944 de
1935 908 2041 947 sen.
2068 893 2156 953 23,
2182 894 2274 945 83.
2298 922 2356 929 —-

1420 962 1588 1011 Peliae
1610 964 1770 1029 filiae,
1806 965 1869 1013 de
1893 970 2021 1013 orat.
2046 961 2098 1027 3,
2126 963 2217 1023 58,
2240 964 2353 1011 217.

1349 1027 1608 1098 Peligni,
1646 1032 1869 1099 populus
1906 1032 2113 1095 Italiae,
2158 1032 2353 1090 Marsis

1419 1102 1718 1150 Marrucinis
1736 1138 1750 1163 ,
1791 1102 2081 1151 Ferentanis
2127 1100 2351 1151 confinis,

1412 1195 1483 1207 --
1516 1170 1711 1235 Peligni
1766 1178 1813 1220 et
1854 1170 2042 1230 Marsi,
2088 1168 2351 1218 fortissimi

1414 1238 1536 1287 viri:
1579 1254 1751 1288 eorum
1771 1240 1930 1288 tribus
1951 1237 2149 1303 Sergia,
2180 1241 2235 1287 iu
2274 1242 2352 1287 {a-

1415 1307 1596 1356 tinium
1617 1308 1699 1365 15,
1728 1306 1812 1359 36.
1835 1332 1903 1345 —-
1923 1309 1987 1357 M.
2015 1307 2252 1357 Allienus
2269 1307 2353 1356 Pe-

1418 1376 1611 1441 lignus,
1652 1376 1854 1427 Tuscul.
1878 1381 1930 1441 4,
1950 1378 2038 1436 22,
2056 1375 2147 1426 50.

1347 1442 1569 1494 Pelium
1634 1460 1811 1495 nemus
1879 1446 1931 1494 in
1989 1444 2133 1493 Pelio
2188 1454 2351 1493 monte

1416 1514 1726 1574 Thessaliae,
1764 1516 1816 1563 in
1838 1516 1983 1563 initio
2010 1514 2227 1564 Medeae
2260 1514 2332 1563 En

1416 1583 1595 1631 uianae
1612 1618 1625 1643 ,
1665 1586 1727 1647 ad
1748 1584 1865 1632 Her.
1888 1584 1939 1644 2,
1964 1583 2049 1640 22,
2066 1580 2153 1633 34.
2196 1584 2265 1632 de
2285 1585 2353 1631 in-

1415 1661 1552 1700 vent.
1585 1653 1633 1715 l,
1654 1653 1741 1711 49,
1762 1652 1848 1702 91.
1897 1659 2000 1716 top.
2031 1649 2113 1711 16,
2140 1650 2231 1701 61.
2266 1666 2349 1715 pro

1418 1720 1587 1769 Caelio
1607 1720 1659 1784 8,
1686 1719 1768 1770 18.
1811 1721 1872 1770 de
1892 1720 1996 1770 fato
2018 1720 2102 1785 15,
2128 1720 2215 1772 35.

1344 1786 1535 1851 Pella,
1576 1789 2089 1852 caputMacedoniae,
2122 1790 2262 1839 unde
2279 1802 2351 1835 re—

1417 1872 1507 1922 ges
1560 1856 1885 1907 Macedoniae
1904 1894 1919 1923 ,
1973 1856 2248 1922 Philippus
2310 1866 2351 1904 et

1417 1927 1707 1976 Alexander
1731 1928 1917 1976 Pellaei
1955 1927 2101 1984 dicti,
2145 1927 2213 1976 ad
2250 1927 2347 1975 Aa.

1346 2060 1651 2113 Pellenaei.
1703 2062 2071 2126 Πελληναίων
2095 2061 2352 2111 πολιτεία
2481 2067 2482 2133 l

1418 2131 1546 2181 liber
1564 2131 1870 2195 Dicaearchi,
1911 2134 1975 2182 ad
1996 2136 2096 2180 Att.
2122 2133 2173 2190 2,
2194 2133 2247 2193 2,
2272 2133 2321 2181 2.

1348 2198 1684 2264 Pelopidae,
1740 2201 1795 2250 id
1841 2208 1942 2264 est,
1998 2200 2210 2264 Pelopis
2268 2215 2353 2264 ge-

1416 2284 1511 2318 nus
1528 2307 1541 2329 ‚
1576 2269 1923 2334 significantur
1943 2269 2261 2331 Caesariani,
2295 2270 2353 2317 ad
2479 2301 2480 2328 2

1415 2337 1535 2391 sam.
1561 2339 1609 2399 7,
1623 2336 1709 2400 28,
1727 2339 1773 2388 1.
1814 2339 1889 2390 lb.
1905 2339 1955 2404 7,
1976 2337 2063 2400 30,
2081 2339 2129 2390 1.
2167 2337 2238 2387 ad
2250 2338 2350 2386 Att.
2479 2333 2480 2379 l

1417 2407 1501 2469 15,
1520 2407 1600 2465 11,
1622 2406 1671 2458 3.

1343 2471 1881 2540 Peloponnesiacum
1903 2475 2111 2535 bellum,
2152 2476 2278 2538 der.
2302 2489 2347 2538 p.

1412 2541 1461 2604 3,
1478 2544 1562 2603 32,
1577 2548 1737 2595 44.-
1751 2547 1804 2592 ln
1821 2559 1881 2593 eo
1896 2544 1999 2593 dux
2012 2544 2351 2594 Lacedaemo·
2476 2577 2478 2623 1

1410 2614 1609 2661 niorum
1654 2611 2037 2673 Callicratidas,
2072 2613 2137 2662 de
2170 2611 2262 2664 off.
2303 2614 2345 2675 1,

1408 2682 1493 2746 24,
1528 2681 1613 2732 84.

1340 2748 1807 2815 Peloponnesiae,
1822 2757 1877 2798 ut
1894 2750 2101 2800 rebatur
2112 2747 2347 2798 Dicaear-
2471 2747 2477 2868 Ι

1414 2819 1557 2881 chus,
1598 2820 1825 2868 civitates
1848 2833 1966 2867 num
1998 2831 2176 2866 omnes
2202 2820 2347 2866 mari-

1413 2888 1581 2950 timae,
1606 2888 1670 2936 ad
1684 2889 1785 2938 Att.
1806 2885 1857 2945 6,
1879 2888 1930 2949 2,
1954 2886 2003 2936 3.
2472 2931 2474 2952 ;

1342 2954 1781 3020 Peloponnesus,
1818 2969 2005 3020 magna
2042 2954 2345 3017 paeninsula
2472 2953 2474 2974 ¹

1410 3025 1635 3086 reliquae
1668 3022 1909 3072 Graeciae
1944 3022 2135 3072 Isthmo
2174 3021 2345 3072 Corin·
2469 2975 2475 3111 X

1410 3093 1514 3142 thio
1545 3093 1842 3142 adhaerens.
1867 3119 1933 3128 —
1968 3090 2345 3155 Peloponnesus

1411 3163 1517 3210 fere
1553 3168 1656 3210 tota
1684 3162 1737 3208 in
1762 3161 1887 3210 mari
1906 3169 2010 3219 est,
2043 3161 2108 3209 de
2138 3175 2186 3211 r.
2214 3173 2267 3223 p.
2296 3159 2341 3220 2,

1408 3232 1459 3287 4,
1482 3227 1531 3279 8.
1569 3230 1633 3278 ad
1655 3229 1775 3278 fam.
1795 3229 1845 3293 7,
1867 3228 1953 3289 28,
1979 3230 2025 3279 1.
2064 3227 2272 3276 Tuscul.
2297 3226 2341 3286 3,

1408 3300 1494 3360 22,
1510 3297 1593 3350 53.
1619 3312 1685 3333 -2
1702 3302 1721 3330 θ
1736 3297 1837 3346 Nos
1860 3299 2031 3346 iuveni
2045 3331 2061 3360 ,
2097 3303 2153 3346 ut
2174 3310 2341 3360 rogas,

1408 3365 1847 3428 suppeditabimus
1870 3372 1917 3416 et
1939 3366 2343 3428 Peloponnesum

1408 3437 1571 3496 ipsam
1607 3435 1969 3482 sustinebimus
1984 3437 2024 3493 ⁹,
2065 3435 2233 3496 inquit
2268 3431 2347 3481 Ci-
