<?xml version="1.0" encoding="UTF-8"?>
<!DOCTYPE html PUBLIC "-//W3C//DTD XHTML 1.0 Transitional//EN"
    "http://www.w3.org/TR/xhtml1/DTD/xhtml1-transitional.dtd">
<html xmlns="http://www.w3.org/1999/xhtml" xml:lang="en" lang="en">
 <head>
  <title>
</title>
<meta http-equiv="Content-Type" content="text/html;charset=utf-8" />
  <meta name='ocr-system' content='tesseract 3.04.00' />
  <meta name='ocr-capabilities' content='ocr_page ocr_carea ocr_par ocr_line ocrx_word'/>
</head>
<body>
  <div class='ocr_page' id='page_1' title='image "./scriptaquaemans04mlgoog_0112.png"; bbox 0 0 2500 3850; ppageno 0'>
   <div class='ocr_carea' id='block_1_1' title="bbox 261 239 2170 299">
    <p class='ocr_par' dir='ltr' id='par_1_1' title="bbox 261 239 2170 299">
     <span class='ocr_line' id='line_1_1' title="bbox 261 239 2170 299; baseline -0.004 0"><span class='ocrx_word' id='word_1_1' title='bbox 261 239 379 299; x_wconf 85' lang='lat'><strong>106</strong></span> <span class='ocrx_word' id='word_1_2' title='bbox 418 250 482 297; x_wconf 85' lang='lat' dir='ltr'><strong>L.</strong></span> <span class='ocrx_word' id='word_1_3' title='bbox 521 246 987 296; x_wconf 73' lang='lat' dir='ltr'><strong>conN.s(21P1o</strong></span> <span class='ocrx_word' id='word_1_4' title='bbox 1009 267 1093 279; x_wconf 90' lang='lat'><strong>--</strong></span> <span class='ocrx_word' id='word_1_5' title='bbox 1120 247 1183 294; x_wconf 80' lang='grc' dir='ltr'><strong>Ρ.</strong></span> <span class='ocrx_word' id='word_1_6' title='bbox 1220 245 1426 294; x_wconf 55' lang='lat' dir='ltr'><strong>comt.</strong></span> <span class='ocrx_word' id='word_1_7' title='bbox 1460 244 1684 293; x_wconf 78' lang='lat' dir='ltr'><strong>sc11&gt;10</strong></span> <span class='ocrx_word' id='word_1_8' title='bbox 1715 244 2170 292; x_wconf 54' lang='lat' dir='ltr'><strong>summanus.</strong></span> 
     </span>
    </p>
   </div>
   <div class='ocr_carea' id='block_1_2' title="bbox 318 399 1266 1152">
    <p class='ocr_par' dir='ltr' id='par_1_2' title="bbox 318 399 1266 1152">
     <span class='ocr_line' id='line_1_2' title="bbox 326 399 1266 471; baseline -0.005 -16"><span class='ocrx_word' id='word_1_9' title='bbox 326 406 401 471; x_wconf 87' lang='lat' dir='ltr'><strong>(a</strong></span> <span class='ocrx_word' id='word_1_10' title='bbox 434 420 487 456; x_wconf 95' lang='grc' dir='ltr'><strong>ιι.</strong></span> <span class='ocrx_word' id='word_1_11' title='bbox 528 421 571 454; x_wconf 90' lang='lat' dir='ltr'><strong>c.</strong></span> <span class='ocrx_word' id='word_1_12' title='bbox 605 399 782 466; x_wconf 82' lang='lat'><strong>560.,)</strong></span> <span class='ocrx_word' id='word_1_13' title='bbox 820 416 1007 467; x_wconf 86' lang='lat' dir='ltr'><strong>passus</strong></span> <span class='ocrx_word' id='word_1_14' title='bbox 1042 407 1120 451; x_wconf 81' lang='lat' dir='ltr'><strong>est</strong></span> <span class='ocrx_word' id='word_1_15' title='bbox 1155 408 1266 450; x_wconf 90' lang='lat' dir='ltr'><strong>tum</strong></span> 
     </span>
     <span class='ocr_line' id='line_1_3' title="bbox 326 470 1265 539; baseline -0.004 -17"><span class='ocrx_word' id='word_1_16' title='bbox 326 476 547 539; x_wconf 86' lang='lat' dir='ltr'><strong>primum</strong></span> <span class='ocrx_word' id='word_1_17' title='bbox 576 487 605 520; x_wconf 88' lang='lat' dir='ltr'><strong>a</strong></span> <span class='ocrx_word' id='word_1_18' title='bbox 620 471 871 538; x_wconf 87' lang='lat' dir='ltr'><strong>populari</strong></span> <span class='ocrx_word' id='word_1_19' title='bbox 901 485 1145 520; x_wconf 88' lang='lat' dir='ltr'><strong>consessu</strong></span> <span class='ocrx_word' id='word_1_20' title='bbox 1180 470 1265 535; x_wconf 91' lang='lat' dir='ltr'><strong>(in</strong></span> 
     </span>
     <span class='ocr_line' id='line_1_4' title="bbox 325 539 1266 608; baseline -0.005 -16"><span class='ocrx_word' id='word_1_21' title='bbox 325 539 725 608; x_wconf 79' lang='lat' dir='ltr'>Megalensibus)</span> <span class='ocrx_word' id='word_1_22' title='bbox 764 540 1018 589; x_wconf 88' lang='lat' dir='ltr'><strong>senatoria</strong></span> <span class='ocrx_word' id='word_1_23' title='bbox 1065 539 1266 588; x_wconf 89' lang='lat' dir='ltr'><strong>subsel-</strong></span> 
     </span>
     <span class='ocr_line' id='line_1_5' title="bbox 324 607 1261 674; baseline -0.005 -13"><span class='ocrx_word' id='word_1_24' title='bbox 324 613 392 662; x_wconf 84' lang='lat' dir='ltr'><strong>lia</strong></span> <span class='ocrx_word' id='word_1_25' title='bbox 414 609 660 674; x_wconf 86' lang='lat' dir='ltr'><strong>separari,</strong></span> <span class='ocrx_word' id='word_1_26' title='bbox 684 607 881 658; x_wconf 89' lang='lat' dir='ltr'><strong>Cornel.</strong></span> <span class='ocrx_word' id='word_1_27' title='bbox 903 609 1053 673; x_wconf 85' lang='lat' dir='ltr'><strong>prim.</strong></span> <span class='ocrx_word' id='word_1_28' title='bbox 1076 607 1261 672; x_wconf 80' lang='lat' dir='ltr'><strong>fragm.</strong></span> 
     </span>
     <span class='ocr_line' id='line_1_6' title="bbox 325 676 1262 756; baseline -0.004 -26"><span class='ocrx_word' id='word_1_29' title='bbox 325 681 408 732; x_wconf 83' lang='lat'><strong>12.</strong></span> <span class='ocrx_word' id='word_1_30' title='bbox 440 693 495 742; x_wconf 86' lang='lat' dir='ltr'><strong>p</strong></span> <span class='ocrx_word' id='word_1_31' title='bbox 526 676 646 728; x_wconf 89' lang='grc'><strong>210.</strong></span> <span class='ocrx_word' id='word_1_32' title='bbox 687 678 753 731; x_wconf 83' lang='lat' dir='ltr'><strong>cl.</strong></span> <span class='ocrx_word' id='word_1_33' title='bbox 785 679 850 727; x_wconf 88' lang='lat' dir='ltr'><strong>de</strong></span> <span class='ocrx_word' id='word_1_34' title='bbox 878 677 1088 756; x_wconf 66' lang='lat' dir='ltr'><strong>harusp³</strong></span> <span class='ocrx_word' id='word_1_35' title='bbox 1126 691 1262 756; x_wconf 78' lang='lat' dir='ltr'><strong>resp.</strong></span> 
     </span>
     <span class='ocr_line' id='line_1_7' title="bbox 324 741 1263 808; baseline -0.004 -10"><span class='ocrx_word' id='word_1_36' title='bbox 324 749 407 808; x_wconf 87' lang='lat'><strong>12,</strong></span> <span class='ocrx_word' id='word_1_37' title='bbox 430 749 515 797; x_wconf 85' lang='lat'><strong>24.</strong></span> <span class='ocrx_word' id='word_1_38' title='bbox 539 741 602 782; x_wconf 71' lang='lat'><strong>9-</strong></span> <span class='ocrx_word' id='word_1_39' title='bbox 623 746 769 795; x_wconf 88' lang='lat' dir='ltr'><strong>Enuii</strong></span> <span class='ocrx_word' id='word_1_40' title='bbox 789 745 1039 796; x_wconf 82' lang='lat' dir='ltr'><strong>distichon</strong></span> <span class='ocrx_word' id='word_1_41' title='bbox 1072 745 1123 793; x_wconf 92' lang='lat' dir='ltr'><strong>in</strong></span> <span class='ocrx_word' id='word_1_42' title='bbox 1151 746 1263 794; x_wconf 89' lang='lat' dir='ltr'><strong>eius</strong></span> 
     </span>
     <span class='ocr_line' id='line_1_8' title="bbox 322 810 1261 878; baseline -0.007 -11"><span class='ocrx_word' id='word_1_43' title='bbox 322 817 546 878; x_wconf 88' lang='lat' dir='ltr'><strong>laudem,</strong></span> <span class='ocrx_word' id='word_1_44' title='bbox 570 815 774 864; x_wconf 87' lang='lat' dir='ltr'><strong>Tuscul.</strong></span> <span class='ocrx_word' id='word_1_45' title='bbox 795 815 846 875; x_wconf 92' lang='grc'><strong>5,</strong></span> <span class='ocrx_word' id='word_1_46' title='bbox 870 813 952 877; x_wconf 88' lang='grc'><strong>17,</strong></span> <span class='ocrx_word' id='word_1_47' title='bbox 970 810 1058 864; x_wconf 87' lang='grc'><strong>49.</strong></span> <span class='ocrx_word' id='word_1_48' title='bbox 1073 814 1261 862; x_wconf 59' lang='grc' dir='ltr'><strong>-Ειι,</strong></span> 
     </span>
     <span class='ocr_line' id='line_1_9' title="bbox 319 882 1260 941; baseline -0.003 -5"><span class='ocrx_word' id='word_1_49' title='bbox 319 888 393 936; x_wconf 87' lang='lat' dir='ltr'><strong>nii</strong></span> <span class='ocrx_word' id='word_1_50' title='bbox 417 898 590 934; x_wconf 87' lang='lat' dir='ltr'><strong>versus</strong></span> <span class='ocrx_word' id='word_1_51' title='bbox 609 885 661 931; x_wconf 91' lang='lat' dir='ltr'><strong>in</strong></span> <span class='ocrx_word' id='word_1_52' title='bbox 682 883 792 932; x_wconf 90' lang='lat' dir='ltr'><strong>eius</strong></span> <span class='ocrx_word' id='word_1_53' title='bbox 812 883 1042 941; x_wconf 90' lang='lat' dir='ltr'><strong>laudem,</strong></span> <span class='ocrx_word' id='word_1_54' title='bbox 1077 882 1142 933; x_wconf 83' lang='lat' dir='ltr'><strong>de</strong></span> <span class='ocrx_word' id='word_1_55' title='bbox 1170 882 1260 933; x_wconf 86' lang='lat' dir='ltr'><strong>fin.</strong></span> 
     </span>
     <span class='ocr_line' id='line_1_10' title="bbox 322 950 1262 1016; baseline -0.005 -12"><span class='ocrx_word' id='word_1_56' title='bbox 322 957 373 1014; x_wconf 87' lang='lat'><strong>2,</strong></span> <span class='ocrx_word' id='word_1_57' title='bbox 396 955 479 1012; x_wconf 84' lang='lat'><strong>32,</strong></span> <span class='ocrx_word' id='word_1_58' title='bbox 506 951 621 1002; x_wconf 92' lang='grc'><strong>106.</strong></span> <span class='ocrx_word' id='word_1_59' title='bbox 640 977 711 989; x_wconf 90' lang='grc'><strong>--</strong></span> <span class='ocrx_word' id='word_1_60' title='bbox 730 950 899 1016; x_wconf 83' lang='lat' dir='ltr'><strong>Scipio</strong></span> <span class='ocrx_word' id='word_1_61' title='bbox 918 951 1128 999; x_wconf 87' lang='lat' dir='ltr'><strong>invicte!</strong></span> <span class='ocrx_word' id='word_1_62' title='bbox 1162 951 1262 1000; x_wconf 87' lang='lat' dir='ltr'><strong>En-</strong></span> 
     </span>
     <span class='ocr_line' id='line_1_11' title="bbox 321 1018 1256 1079; baseline -0.004 -7"><span class='ocrx_word' id='word_1_63' title='bbox 321 1024 441 1072; x_wconf 85' lang='lat' dir='ltr'><strong>nius</strong></span> <span class='ocrx_word' id='word_1_64' title='bbox 460 1022 621 1079; x_wconf 80' lang='lat' dir='ltr'><strong>dixit,</strong></span> <span class='ocrx_word' id='word_1_65' title='bbox 644 1025 769 1070; x_wconf 88' lang='lat' dir='ltr'><strong>orat.</strong></span> <span class='ocrx_word' id='word_1_66' title='bbox 790 1019 890 1078; x_wconf 85' lang='lat'><strong>45,</strong></span> <span class='ocrx_word' id='word_1_67' title='bbox 928 1018 1045 1071; x_wconf 82' lang='lat'><strong>152.</strong></span> <span class='ocrx_word' id='word_1_68' title='bbox 1088 1020 1152 1069; x_wconf 88' lang='lat' dir='ltr'><strong>de</strong></span> <span class='ocrx_word' id='word_1_69' title='bbox 1171 1019 1256 1068; x_wconf 85' lang='lat' dir='ltr'><strong>fln.</strong></span> 
     </span>
     <span class='ocr_line' id='line_1_12' title="bbox 318 1087 1257 1152; baseline -0.005 -11"><span class='ocrx_word' id='word_1_70' title='bbox 318 1092 371 1150; x_wconf 98' lang='grc'><strong>5,</strong></span> <span class='ocrx_word' id='word_1_71' title='bbox 392 1092 477 1148; x_wconf 89' lang='grc'><strong>24,</strong></span> <span class='ocrx_word' id='word_1_72' title='bbox 500 1088 582 1140; x_wconf 87' lang='grc'><strong>70.</strong></span> <span class='ocrx_word' id='word_1_73' title='bbox 602 1089 780 1152; x_wconf 74' lang='lat' dir='ltr'><strong>parad.</strong></span> <span class='ocrx_word' id='word_1_74' title='bbox 806 1088 854 1150; x_wconf 92' lang='lat'><strong>1,</strong></span> <span class='ocrx_word' id='word_1_75' title='bbox 874 1089 924 1149; x_wconf 90' lang='grc'><strong>2,</strong></span> <span class='ocrx_word' id='word_1_76' title='bbox 948 1087 1031 1138; x_wconf 89' lang='grc'><strong>12.</strong></span> <span class='ocrx_word' id='word_1_77' title='bbox 1053 1088 1120 1137; x_wconf 88' lang='lat' dir='ltr'><strong>ad</strong></span> <span class='ocrx_word' id='word_1_78' title='bbox 1140 1089 1257 1141; x_wconf 85' lang='lat' dir='ltr'><strong>Her.</strong></span> 
     </span>
    </p>
   </div>
   <div class='ocr_carea' id='block_1_3' title="bbox 320 1159 519 1222">
    <p class='ocr_par' dir='ltr' id='par_1_3' title="bbox 320 1159 519 1222">
     <span class='ocr_line' id='line_1_13' title="bbox 320 1159 519 1222; baseline -0.017 -12"><span class='ocrx_word' id='word_1_79' title='bbox 320 1159 519 1222; x_wconf 86' lang='grc'><strong>4,.5,7</strong></span> 
     </span>
    </p>
   </div>
   <div class='ocr_carea' id='block_1_4' title="bbox 246 1221 1262 1305">
    <p class='ocr_par' dir='ltr' id='par_1_4' title="bbox 246 1221 1262 1305">
     <span class='ocr_line' id='line_1_14' title="bbox 246 1221 1262 1305; baseline -0.002 -28"><span class='ocrx_word' id='word_1_80' title='bbox 246 1229 315 1284; x_wconf 86' lang='grc' dir='ltr'><strong>Ρ.</strong></span> <span class='ocrx_word' id='word_1_81' title='bbox 356 1223 651 1277; x_wconf 82' lang='lat' dir='ltr'><strong>Cornelius</strong></span> <span class='ocrx_word' id='word_1_82' title='bbox 695 1221 917 1305; x_wconf 80' lang='lat' dir='ltr'><strong>Scipio,</strong></span> <span class='ocrx_word' id='word_1_83' title='bbox 956 1224 1089 1273; x_wconf 87' lang='lat' dir='ltr'><strong>filius</strong></span> <span class='ocrx_word' id='word_1_84' title='bbox 1123 1225 1262 1275; x_wconf 76' lang='lat' dir='ltr'><strong>Afri-</strong></span> 
     </span>
    </p>
   </div>
   <div class='ocr_carea' id='block_1_5' title="bbox 318 1293 1262 1636">
    <p class='ocr_par' dir='ltr' id='par_1_5' title="bbox 318 1293 1262 1636">
     <span class='ocr_line' id='line_1_15' title="bbox 320 1293 1262 1358; baseline -0.001 -13"><span class='ocrx_word' id='word_1_85' title='bbox 320 1297 436 1346; x_wconf 90' lang='lat' dir='ltr'><strong>cani</strong></span> <span class='ocrx_word' id='word_1_86' title='bbox 472 1296 707 1351; x_wconf 88' lang='lat' dir='ltr'><strong>maioris,</strong></span> <span class='ocrx_word' id='word_1_87' title='bbox 744 1296 790 1343; x_wconf 87' lang='lat' dir='ltr'><strong>si</strong></span> <span class='ocrx_word' id='word_1_88' title='bbox 826 1308 1039 1358; x_wconf 88' lang='lat' dir='ltr'><strong>corpore</strong></span> <span class='ocrx_word' id='word_1_89' title='bbox 1071 1293 1262 1344; x_wconf 82' lang='lat' dir='ltr'><strong>valuis-</strong></span> 
     </span>
     <span class='ocr_line' id='line_1_16' title="bbox 320 1363 1262 1429; baseline -0.002 -15"><span class='ocrx_word' id='word_1_90' title='bbox 320 1371 422 1424; x_wconf 86' lang='lat' dir='ltr'><strong>set,</strong></span> <span class='ocrx_word' id='word_1_91' title='bbox 455 1367 502 1413; x_wconf 85' lang='lat' dir='ltr'><strong>in</strong></span> <span class='ocrx_word' id='word_1_92' title='bbox 524 1364 704 1429; x_wconf 90' lang='lat' dir='ltr'><strong>primis</strong></span> <span class='ocrx_word' id='word_1_93' title='bbox 723 1363 925 1412; x_wconf 88' lang='lat' dir='ltr'><strong>habitus</strong></span> <span class='ocrx_word' id='word_1_94' title='bbox 946 1369 1080 1412; x_wconf 88' lang='lat' dir='ltr'><strong>esset</strong></span> <span class='ocrx_word' id='word_1_95' title='bbox 1102 1363 1262 1413; x_wconf 88' lang='lat' dir='ltr'><strong>diser-</strong></span> 
     </span>
     <span class='ocr_line' id='line_1_17' title="bbox 318 1431 1260 1494; baseline -0.001 -11"><span class='ocrx_word' id='word_1_96' title='bbox 318 1443 429 1483; x_wconf 79' lang='lat' dir='ltr'><strong>tus:</strong></span> <span class='ocrx_word' id='word_1_97' title='bbox 464 1433 690 1483; x_wconf 87' lang='lat' dir='ltr'><strong>indicant</strong></span> <span class='ocrx_word' id='word_1_98' title='bbox 725 1446 878 1494; x_wconf 90' lang='lat' dir='ltr'><strong>quum</strong></span> <span class='ocrx_word' id='word_1_99' title='bbox 919 1431 1260 1482; x_wconf 78' lang='lat' dir='ltr'><strong>oratiunculae</strong></span> 
     </span>
     <span class='ocr_line' id='line_1_18' title="bbox 318 1500 1261 1562; baseline -0.001 -11"><span class='ocrx_word' id='word_1_100' title='bbox 318 1511 423 1552; x_wconf 87' lang='lat' dir='ltr'><strong>tum</strong></span> <span class='ocrx_word' id='word_1_101' title='bbox 486 1502 700 1551; x_wconf 89' lang='lat' dir='ltr'><strong>historia</strong></span> <span class='ocrx_word' id='word_1_102' title='bbox 756 1500 1005 1562; x_wconf 81' lang='lat' dir='ltr'><strong>quaedam</strong></span> <span class='ocrx_word' id='word_1_103' title='bbox 1070 1501 1261 1550; x_wconf 86' lang='lat' dir='ltr'><strong>Graeca</strong></span> 
     </span>
     <span class='ocr_line' id='line_1_19' title="bbox 319 1568 1254 1636; baseline -0.002 -16"><span class='ocrx_word' id='word_1_104' title='bbox 319 1573 507 1636; x_wconf 87' lang='lat' dir='ltr'><strong>scripta</strong></span> <span class='ocrx_word' id='word_1_105' title='bbox 530 1569 693 1618; x_wconf 86' lang='lat' dir='ltr'><strong>dulcis</strong></span> <span class='ocrx_word' id='word_1_106' title='bbox 670 1571 856 1627; x_wconf 67' lang='lat' dir='ltr'><strong>ssime,</strong></span> <span class='ocrx_word' id='word_1_107' title='bbox 882 1569 1022 1622; x_wconf 85' lang='lat' dir='ltr'><strong>Brut.</strong></span> <span class='ocrx_word' id='word_1_108' title='bbox 1047 1568 1139 1634; x_wconf 87' lang='grc'><strong>19,</strong></span> <span class='ocrx_word' id='word_1_109' title='bbox 1169 1570 1254 1622; x_wconf 91' lang='grc'><strong>77.</strong></span> 
     </span>
    </p>
   </div>
   <div class='ocr_carea' id='block_1_6' title="bbox 320 1606 1260 1758">
    <p class='ocr_par' dir='ltr' id='par_1_6' title="bbox 320 1606 1260 1758">
     <span class='ocr_line' id='line_1_20' title="bbox 320 1606 1260 1758; baseline 0.001 -71"><span class='ocrx_word' id='word_1_110' title='bbox 320 1638 463 1758; x_wconf 62' lang='lat'><strong>{15</strong></span> <span class='ocrx_word' id='word_1_111' title='bbox 409 1639 472 1687; x_wconf 90' lang='lat' dir='ltr'><strong>de</strong></span> <span class='ocrx_word' id='word_1_112' title='bbox 493 1637 577 1688; x_wconf 83' lang='lat' dir='ltr'><strong>off.</strong></span> <span class='ocrx_word' id='word_1_113' title='bbox 608 1636 763 1704; x_wconf 67' lang='lat'><strong>1233,</strong></span> <span class='ocrx_word' id='word_1_114' title='bbox 790 1606 905 1687; x_wconf 73' lang='lat'><strong>12⁹1.</strong></span> <span class='ocrx_word' id='word_1_115' title='bbox 946 1638 1009 1687; x_wconf 90' lang='lat' dir='ltr'><strong>de</strong></span> <span class='ocrx_word' id='word_1_116' title='bbox 1039 1653 1149 1688; x_wconf 86' lang='lat' dir='ltr'><strong>sen.</strong></span> <span class='ocrx_word' id='word_1_117' title='bbox 1175 1639 1260 1700; x_wconf 90' lang='grc'><strong>11,</strong></span> 
     </span>
    </p>
   </div>
   <div class='ocr_carea' id='block_1_7' title="bbox 248 1771 1274 1839">
    <p class='ocr_par' dir='ltr' id='par_1_7' title="bbox 248 1771 1274 1839">
     <span class='ocr_line' id='line_1_21' title="bbox 248 1771 1274 1839; baseline -0.001 -13.998"><span class='ocrx_word' id='word_1_118' title='bbox 248 1777 317 1831; x_wconf 93' lang='grc' dir='ltr'><strong>Ρ.</strong></span> <span class='ocrx_word' id='word_1_119' title='bbox 353 1771 647 1825; x_wconf 80' lang='lat' dir='ltr'><strong>Cornelius</strong></span> <span class='ocrx_word' id='word_1_120' title='bbox 678 1772 866 1839; x_wconf 80' lang='lat' dir='ltr'><strong>Scipio</strong></span> <span class='ocrx_word' id='word_1_121' title='bbox 890 1773 1274 1838; x_wconf 62' lang='lat' dir='ltr'><strong>Aemilianus,</strong></span> 
     </span>
    </p>
   </div>
   <div class='ocr_carea' id='block_1_8' title="bbox 311 1842 1346 3540">
    <p class='ocr_par' dir='ltr' id='par_1_8' title="bbox 318 1842 1262 1901">
     <span class='ocr_line' id='line_1_22' title="bbox 318 1842 1262 1901; baseline -0.004 -7"><span class='ocrx_word' id='word_1_122' title='bbox 318 1842 592 1894; x_wconf 83' lang='lat' dir='ltr'><strong>Africanus</strong></span> <span class='ocrx_word' id='word_1_123' title='bbox 612 1845 778 1894; x_wconf 87' lang='lat' dir='ltr'><strong>minor</strong></span> <span class='ocrx_word' id='word_1_124' title='bbox 791 1880 805 1901; x_wconf 92' lang='lat'><strong>,</strong></span> <span class='ocrx_word' id='word_1_125' title='bbox 825 1844 885 1896; x_wconf 91' lang='lat' dir='ltr'><strong>L.</strong></span> <span class='ocrx_word' id='word_1_126' title='bbox 910 1843 1073 1893; x_wconf 85' lang='lat' dir='ltr'><strong>Paulli</strong></span> <span class='ocrx_word' id='word_1_127' title='bbox 1086 1845 1262 1892; x_wconf 88' lang='lat' dir='ltr'><strong>Aemi-</strong></span> 
     </span>
    </p>

    <p class='ocr_par' dir='ltr' id='par_1_9' title="bbox 319 1911 1259 2102">
     <span class='ocr_line' id='line_1_23' title="bbox 319 1911 1259 1979; baseline -0.002 -16"><span class='ocrx_word' id='word_1_128' title='bbox 319 1913 374 1963; x_wconf 89' lang='lat' dir='ltr'><strong>lii</strong></span> <span class='ocrx_word' id='word_1_129' title='bbox 402 1912 540 1963; x_wconf 83' lang='lat' dir='ltr'><strong>filius</strong></span> <span class='ocrx_word' id='word_1_130' title='bbox 577 1913 848 1979; x_wconf 87' lang='lat' dir='ltr'><strong>adoptatus</strong></span> <span class='ocrx_word' id='word_1_131' title='bbox 877 1928 908 1962; x_wconf 89' lang='lat' dir='ltr'><strong>a</strong></span> <span class='ocrx_word' id='word_1_132' title='bbox 936 1912 992 1962; x_wconf 87' lang='lat' dir='ltr'><strong>P.</strong></span> <span class='ocrx_word' id='word_1_133' title='bbox 1026 1911 1259 1962; x_wconf 86' lang='lat' dir='ltr'><strong>Cornelio</strong></span> 
     </span>
     <span class='ocr_line' id='line_1_24' title="bbox 319 1973 1346 2048; baseline -0.005 -15"><span class='ocrx_word' id='word_1_134' title='bbox 319 1982 592 2048; x_wconf 85' lang='lat' dir='ltr'><strong>Scipione,</strong></span> <span class='ocrx_word' id='word_1_135' title='bbox 630 1982 861 2032; x_wconf 84' lang='lat' dir='ltr'><strong>Africani</strong></span> <span class='ocrx_word' id='word_1_136' title='bbox 888 1981 1097 2031; x_wconf 86' lang='lat' dir='ltr'><strong>maioris</strong></span> <span class='ocrx_word' id='word_1_137' title='bbox 1128 1973 1346 2042; x_wconf 84' lang='lat' dir='ltr'><strong>filio,</strong></span> 
     </span>
     <span class='ocr_line' id='line_1_25' title="bbox 320 2049 1256 2102; baseline -0.005 -1"><span class='ocrx_word' id='word_1_138' title='bbox 320 2052 413 2101; x_wconf 87' lang='lat' dir='ltr'><strong>sub</strong></span> <span class='ocrx_word' id='word_1_139' title='bbox 446 2052 645 2102; x_wconf 89' lang='lat' dir='ltr'><strong>initium</strong></span> <span class='ocrx_word' id='word_1_140' title='bbox 682 2051 805 2101; x_wconf 90' lang='lat' dir='ltr'><strong>belli</strong></span> <span class='ocrx_word' id='word_1_141' title='bbox 830 2049 1010 2099; x_wconf 87' lang='lat' dir='ltr'><strong>Punici</strong></span> <span class='ocrx_word' id='word_1_142' title='bbox 1040 2049 1175 2098; x_wconf 85' lang='lat' dir='ltr'><strong>tertii</strong></span> <span class='ocrx_word' id='word_1_143' title='bbox 1206 2062 1256 2096; x_wconf 81' lang='lat' dir='ltr'><strong>a.</strong></span> 
     </span>
    </p>

    <p class='ocr_par' dir='ltr' id='par_1_10' title="bbox 317 2115 1262 2376">
     <span class='ocr_line' id='line_1_26' title="bbox 317 2115 1262 2172; baseline -0.006 -4"><span class='ocrx_word' id='word_1_144' title='bbox 317 2135 370 2172; x_wconf 88' lang='lat' dir='ltr'><strong>u.</strong></span> <span class='ocrx_word' id='word_1_145' title='bbox 410 2138 454 2169; x_wconf 87' lang='lat' dir='ltr'><strong>c.</strong></span> <span class='ocrx_word' id='word_1_146' title='bbox 493 2119 613 2171; x_wconf 86' lang='grc'><strong>603.</strong></span> <span class='ocrx_word' id='word_1_147' title='bbox 645 2120 877 2170; x_wconf 87' lang='lat' dir='ltr'><strong>tribunus</strong></span> <span class='ocrx_word' id='word_1_148' title='bbox 912 2116 1128 2165; x_wconf 88' lang='lat' dir='ltr'><strong>militum</strong></span> <span class='ocrx_word' id='word_1_149' title='bbox 1162 2115 1262 2164; x_wconf 80' lang='lat' dir='ltr'><strong>fuit</strong></span> 
     </span>
     <span class='ocr_line' id='line_1_27' title="bbox 319 2184 1260 2247; baseline -0.006 -10"><span class='ocrx_word' id='word_1_150' title='bbox 319 2191 371 2237; x_wconf 93' lang='lat' dir='ltr'><strong>in</strong></span> <span class='ocrx_word' id='word_1_151' title='bbox 410 2188 703 2247; x_wconf 76' lang='lat' dir='ltr'><strong>Celtiberia,</strong></span> <span class='ocrx_word' id='word_1_152' title='bbox 754 2184 937 2235; x_wconf 86' lang='lat' dir='ltr'><strong>deinde</strong></span> <span class='ocrx_word' id='word_1_153' title='bbox 974 2197 1107 2233; x_wconf 88' lang='lat' dir='ltr'><strong>anno</strong></span> <span class='ocrx_word' id='word_1_154' title='bbox 1148 2185 1260 2233; x_wconf 89' lang='lat' dir='ltr'><strong>eius</strong></span> 
     </span>
     <span class='ocr_line' id='line_1_28' title="bbox 318 2251 1261 2316; baseline -0.007 -9"><span class='ocrx_word' id='word_1_155' title='bbox 318 2258 440 2307; x_wconf 85' lang='lat' dir='ltr'><strong>belli</strong></span> <span class='ocrx_word' id='word_1_156' title='bbox 460 2256 680 2307; x_wconf 85' lang='lat' dir='ltr'><strong>secundo</strong></span> <span class='ocrx_word' id='word_1_157' title='bbox 710 2268 759 2306; x_wconf 87' lang='lat' dir='ltr'><strong>a.</strong></span> <span class='ocrx_word' id='word_1_158' title='bbox 782 2268 833 2301; x_wconf 91' lang='lat' dir='ltr'><strong>u.</strong></span> <span class='ocrx_word' id='word_1_159' title='bbox 855 2268 901 2303; x_wconf 89' lang='lat' dir='ltr'><strong>c.</strong></span> <span class='ocrx_word' id='word_1_160' title='bbox 930 2251 1051 2305; x_wconf 89' lang='grc'><strong>606.</strong></span> <span class='ocrx_word' id='word_1_161' title='bbox 1039 2288 1081 2316; x_wconf 91' lang='grc'><strong>.,</strong></span> <span class='ocrx_word' id='word_1_162' title='bbox 1104 2265 1261 2315; x_wconf 89' lang='lat' dir='ltr'><strong>quum</strong></span> 
     </span>
     <span class='ocr_line' id='line_1_29' title="bbox 318 2320 1261 2380; baseline -0.008 -4"><span class='ocrx_word' id='word_1_163' title='bbox 318 2342 409 2376; x_wconf 83' lang='lat' dir='ltr'><strong>rex</strong></span> <span class='ocrx_word' id='word_1_164' title='bbox 435 2324 733 2375; x_wconf 82' lang='lat' dir='ltr'><strong>Massinissa</strong></span> <span class='ocrx_word' id='word_1_165' title='bbox 762 2320 1087 2380; x_wconf 79' lang='lat' dir='ltr'><strong>decessisset,</strong></span> <span class='ocrx_word' id='word_1_166' title='bbox 1119 2336 1147 2371; x_wconf 87' lang='lat' dir='ltr'><strong>e</strong></span> <span class='ocrx_word' id='word_1_167' title='bbox 1174 2334 1261 2369; x_wconf 88' lang='lat' dir='ltr'><strong>ca-</strong></span> 
     </span>
    </p>

    <p class='ocr_par' dir='ltr' id='par_1_11' title="bbox 318 2388 1260 2526">
     <span class='ocr_line' id='line_1_30' title="bbox 318 2388 1260 2458; baseline -0.008 -13"><span class='ocrx_word' id='word_1_168' title='bbox 318 2396 439 2445; x_wconf 89' lang='lat' dir='ltr'><strong>stris</strong></span> <span class='ocrx_word' id='word_1_169' title='bbox 458 2393 595 2458; x_wconf 85' lang='lat' dir='ltr'><strong>apud</strong></span> <span class='ocrx_word' id='word_1_170' title='bbox 622 2388 987 2453; x_wconf 81' lang='lat' dir='ltr'><strong>Karthaginem</strong></span> <span class='ocrx_word' id='word_1_171' title='bbox 1020 2396 1260 2439; x_wconf 89' lang='lat' dir='ltr'><strong>evocatus</strong></span> 
     </span>
     <span class='ocr_line' id='line_1_31' title="bbox 320 2456 1260 2526; baseline -0.008 -12"><span class='ocrx_word' id='word_1_172' title='bbox 320 2466 429 2514; x_wconf 85' lang='lat' dir='ltr'><strong>eius</strong></span> <span class='ocrx_word' id='word_1_173' title='bbox 446 2474 658 2526; x_wconf 85' lang='lat' dir='ltr'><strong>regnum</strong></span> <span class='ocrx_word' id='word_1_174' title='bbox 674 2459 805 2507; x_wconf 86' lang='lat' dir='ltr'><strong>inter</strong></span> <span class='ocrx_word' id='word_1_175' title='bbox 818 2465 922 2507; x_wconf 88' lang='lat' dir='ltr'><strong>tres</strong></span> <span class='ocrx_word' id='word_1_176' title='bbox 942 2456 1098 2521; x_wconf 86' lang='lat' dir='ltr'><strong>filios,</strong></span> <span class='ocrx_word' id='word_1_177' title='bbox 1114 2458 1260 2507; x_wconf 86' lang='lat' dir='ltr'><strong>Mici-</strong></span> 
     </span>
    </p>

    <p class='ocr_par' dir='ltr' id='par_1_12' title="bbox 316 2526 1258 2650">
     <span class='ocr_line' id='line_1_32' title="bbox 316 2526 1258 2598; baseline -0.005 -18"><span class='ocrx_word' id='word_1_178' title='bbox 316 2545 492 2598; x_wconf 80' lang='lat' dir='ltr'><strong>psam,</strong></span> <span class='ocrx_word' id='word_1_179' title='bbox 522 2528 822 2589; x_wconf 82' lang='lat' dir='ltr'><strong>Gulussam,</strong></span> <span class='ocrx_word' id='word_1_180' title='bbox 859 2526 1258 2577; x_wconf 86' lang='lat' dir='ltr'><strong>Manastabalem</strong></span> 
     </span>
     <span class='ocr_line' id='line_1_33' title="bbox 316 2564 1261 2650; baseline -0.004 -1"><span class='ocrx_word' id='word_1_181' title='bbox 316 2599 511 2650; x_wconf 85' lang='lat' dir='ltr'><strong>divisit.</strong></span> <span class='ocrx_word' id='word_1_182' title='bbox 552 2599 614 2643; x_wconf 84' lang='lat' dir='ltr'><strong>A.</strong></span> <span class='ocrx_word' id='word_1_183' title='bbox 647 2609 699 2649; x_wconf 81' lang='lat' dir='ltr'><strong>u.</strong></span> <span class='ocrx_word' id='word_1_184' title='bbox 731 2610 777 2643; x_wconf 89' lang='lat' dir='ltr'><strong>c.</strong></span> <span class='ocrx_word' id='word_1_185' title='bbox 807 2564 930 2647; x_wconf 90' lang='grc'><strong>607.</strong></span> <span class='ocrx_word' id='word_1_186' title='bbox 958 2611 1075 2645; x_wconf 88' lang='lat' dir='ltr'><strong>cum</strong></span> <span class='ocrx_word' id='word_1_187' title='bbox 1096 2594 1150 2646; x_wconf 85' lang='lat' dir='ltr'><strong>G.</strong></span> <span class='ocrx_word' id='word_1_188' title='bbox 1170 2595 1261 2645; x_wconf 91' lang='lat' dir='ltr'><strong>Li-</strong></span> 
     </span>
    </p>

    <p class='ocr_par' dir='ltr' id='par_1_13' title="bbox 314 2662 1258 2725">
     <span class='ocr_line' id='line_1_34' title="bbox 314 2662 1258 2725; baseline -0.003 -9"><span class='ocrx_word' id='word_1_189' title='bbox 314 2670 399 2717; x_wconf 88' lang='lat' dir='ltr'><strong>vio</strong></span> <span class='ocrx_word' id='word_1_190' title='bbox 420 2662 715 2715; x_wconf 81' lang='lat' dir='ltr'><strong>Mamiliano</strong></span> <span class='ocrx_word' id='word_1_191' title='bbox 737 2662 899 2714; x_wconf 84' lang='lat' dir='ltr'><strong>Druso</strong></span> <span class='ocrx_word' id='word_1_192' title='bbox 929 2679 1083 2725; x_wconf 90' lang='lat' dir='ltr'><strong>quum</strong></span> <span class='ocrx_word' id='word_1_193' title='bbox 1115 2664 1258 2715; x_wconf 87' lang='lat' dir='ltr'><strong>acdi-</strong></span> 
     </span>
    </p>

    <p class='ocr_par' dir='ltr' id='par_1_14' title="bbox 311 2731 1262 3540">
     <span class='ocr_line' id='line_1_35' title="bbox 315 2731 1256 2797; baseline 0.001 -15"><span class='ocrx_word' id='word_1_194' title='bbox 315 2736 507 2783; x_wconf 84' lang='lat' dir='ltr'><strong>litatem</strong></span> <span class='ocrx_word' id='word_1_195' title='bbox 544 2739 767 2795; x_wconf 90' lang='lat' dir='ltr'><strong>peteret,</strong></span> <span class='ocrx_word' id='word_1_196' title='bbox 807 2731 1008 2797; x_wconf 76' lang='lat' dir='ltr'><strong>legibus</strong></span> <span class='ocrx_word' id='word_1_197' title='bbox 1041 2734 1256 2795; x_wconf 90' lang='lat' dir='ltr'><strong>solutus,</strong></span> 
     </span>
     <span class='ocr_line' id='line_1_36' title="bbox 312 2800 1257 2853; baseline 0.001 -1"><span class='ocrx_word' id='word_1_198' title='bbox 312 2803 402 2853; x_wconf 87' lang='grc'><strong>37.</strong></span> <span class='ocrx_word' id='word_1_199' title='bbox 452 2814 614 2850; x_wconf 90' lang='lat' dir='ltr'><strong>annos</strong></span> <span class='ocrx_word' id='word_1_200' title='bbox 664 2808 811 2849; x_wconf 87' lang='lat' dir='ltr'><strong>natus</strong></span> <span class='ocrx_word' id='word_1_201' title='bbox 859 2800 1038 2851; x_wconf 89' lang='lat' dir='ltr'><strong>consul</strong></span> <span class='ocrx_word' id='word_1_202' title='bbox 1092 2801 1257 2853; x_wconf 77' lang='lat' dir='ltr'><strong>factus</strong></span> 
     </span>
     <span class='ocr_line' id='line_1_37' title="bbox 316 2869 1261 2934; baseline 0.001 -15"><span class='ocrx_word' id='word_1_203' title='bbox 316 2871 548 2919; x_wconf 71' lang='lat' dir='ltr'><strong>Africam</strong></span> <span class='ocrx_word' id='word_1_204' title='bbox 585 2869 768 2934; x_wconf 88' lang='lat' dir='ltr'><strong>populi</strong></span> <span class='ocrx_word' id='word_1_205' title='bbox 800 2871 943 2919; x_wconf 89' lang='lat' dir='ltr'><strong>iussu</strong></span> <span class='ocrx_word' id='word_1_206' title='bbox 977 2876 1121 2919; x_wconf 85' lang='lat' dir='ltr'><strong>extra</strong></span> <span class='ocrx_word' id='word_1_207' title='bbox 1150 2886 1261 2924; x_wconf 88' lang='lat' dir='ltr'><strong>sor-</strong></span> 
     </span>
     <span class='ocr_line' id='line_1_38' title="bbox 316 2938 1262 3004; baseline 0.001 -16"><span class='ocrx_word' id='word_1_208' title='bbox 316 2948 417 2988; x_wconf 84' lang='lat' dir='ltr'><strong>tem</strong></span> <span class='ocrx_word' id='word_1_209' title='bbox 452 2939 767 3004; x_wconf 83' lang='lat' dir='ltr'><strong>provinciam</strong></span> <span class='ocrx_word' id='word_1_210' title='bbox 799 2941 1011 3003; x_wconf 85' lang='lat' dir='ltr'><strong>accepit.</strong></span> <span class='ocrx_word' id='word_1_211' title='bbox 1046 2938 1262 2989; x_wconf 82' lang='lat' dir='ltr'><strong>Kartha·</strong></span> 
     </span>
     <span class='ocr_line' id='line_1_39' title="bbox 311 3005 1259 3074; baseline 0.002 -17"><span class='ocrx_word' id='word_1_212' title='bbox 311 3010 489 3074; x_wconf 61' lang='lat' dir='ltr'><strong>‚ginem</strong></span> <span class='ocrx_word' id='word_1_213' title='bbox 507 3009 772 3059; x_wconf 81' lang='lat' dir='ltr'><strong>obsessam</strong></span> <span class='ocrx_word' id='word_1_214' title='bbox 792 3022 840 3057; x_wconf 85' lang='lat' dir='ltr'><strong>a.</strong></span> <span class='ocrx_word' id='word_1_215' title='bbox 863 3023 915 3055; x_wconf 82' lang='lat' dir='ltr'><strong>u.</strong></span> <span class='ocrx_word' id='word_1_216' title='bbox 932 3022 975 3057; x_wconf 88' lang='lat' dir='ltr'><strong>c.</strong></span> <span class='ocrx_word' id='word_1_217' title='bbox 996 3005 1119 3060; x_wconf 89' lang='grc'><strong>608.</strong></span> <span class='ocrx_word' id='word_1_218' title='bbox 1140 3024 1259 3073; x_wconf 90' lang='lat' dir='ltr'><strong>pro-</strong></span> 
     </span>
     <span class='ocr_line' id='line_1_40' title="bbox 314 3076 1258 3143; baseline 0.002 -18"><span class='ocrx_word' id='word_1_219' title='bbox 314 3086 496 3143; x_wconf 79' lang='lat' dir='ltr'><strong>rogato</strong></span> <span class='ocrx_word' id='word_1_220' title='bbox 553 3077 600 3126; x_wconf 92' lang='lat' dir='ltr'><strong>ei</strong></span> <span class='ocrx_word' id='word_1_221' title='bbox 644 3076 997 3142; x_wconf 77' lang='lat' dir='ltr'><strong>proconsulari</strong></span> <span class='ocrx_word' id='word_1_222' title='bbox 1040 3078 1258 3142; x_wconf 86' lang='lat' dir='ltr'><strong>imperio</strong></span> 
     </span>
     <span class='ocr_line' id='line_1_41' title="bbox 312 3144 1257 3211; baseline 0.001 -16"><span class='ocrx_word' id='word_1_223' title='bbox 312 3148 451 3211; x_wconf 87' lang='lat' dir='ltr'><strong>cepit</strong></span> <span class='ocrx_word' id='word_1_224' title='bbox 470 3155 518 3196; x_wconf 89' lang='lat' dir='ltr'><strong>et</strong></span> <span class='ocrx_word' id='word_1_225' title='bbox 539 3146 747 3207; x_wconf 81' lang='lat' dir='ltr'><strong>excidit,</strong></span> <span class='ocrx_word' id='word_1_226' title='bbox 772 3144 1047 3208; x_wconf 74' lang='lat' dir='ltr'><strong>Africaque</strong></span> <span class='ocrx_word' id='word_1_227' title='bbox 1066 3146 1116 3194; x_wconf 90' lang='lat' dir='ltr'><strong>in</strong></span> <span class='ocrx_word' id='word_1_228' title='bbox 1137 3160 1257 3211; x_wconf 85' lang='lat' dir='ltr'><strong>pro-</strong></span> 
     </span>
     <span class='ocr_line' id='line_1_42' title="bbox 316 3213 1260 3265; baseline 0 -1"><span class='ocrx_word' id='word_1_229' title='bbox 316 3217 515 3265; x_wconf 85' lang='lat' dir='ltr'><strong>vinciae</strong></span> <span class='ocrx_word' id='word_1_230' title='bbox 532 3213 796 3265; x_wconf 81' lang='lat' dir='ltr'><strong>Romanae</strong></span> <span class='ocrx_word' id='word_1_231' title='bbox 813 3214 1030 3263; x_wconf 84' lang='lat' dir='ltr'><strong>formam</strong></span> <span class='ocrx_word' id='word_1_232' title='bbox 1050 3214 1260 3264; x_wconf 85' lang='lat' dir='ltr'><strong>redacta</strong></span> 
     </span>
     <span class='ocr_line' id='line_1_43' title="bbox 315 3280 1259 3350; baseline 0 -17"><span class='ocrx_word' id='word_1_233' title='bbox 315 3298 597 3349; x_wconf 83' lang='lat' dir='ltr'><strong>cognomen</strong></span> <span class='ocrx_word' id='word_1_234' title='bbox 652 3284 884 3335; x_wconf 77' lang='lat' dir='ltr'><strong>Africani</strong></span> <span class='ocrx_word' id='word_1_235' title='bbox 932 3298 963 3332; x_wconf 87' lang='lat' dir='ltr'><strong>a</strong></span> <span class='ocrx_word' id='word_1_236' title='bbox 1016 3280 1259 3350; x_wconf 87' lang='lat' dir='ltr'><strong>Scipione</strong></span> 
     </span>
     <span class='ocr_line' id='line_1_44' title="bbox 314 3350 1259 3415; baseline 0.001 -15"><span class='ocrx_word' id='word_1_237' title='bbox 314 3354 556 3403; x_wconf 78' lang='lat' dir='ltr'><strong>Africano</strong></span> <span class='ocrx_word' id='word_1_238' title='bbox 577 3354 771 3405; x_wconf 86' lang='lat' dir='ltr'><strong>maiore</strong></span> <span class='ocrx_word' id='word_1_239' title='bbox 801 3352 951 3415; x_wconf 88' lang='lat' dir='ltr'><strong>quasi</strong></span> <span class='ocrx_word' id='word_1_240' title='bbox 975 3350 1259 3401; x_wconf 87' lang='lat' dir='ltr'><strong>hereditate</strong></span> 
     </span>
     <span class='ocr_line' id='line_1_45' title="bbox 317 3420 1260 3471; baseline 0.001 -3"><span class='ocrx_word' id='word_1_241' title='bbox 317 3422 545 3471; x_wconf 83' lang='lat' dir='ltr'><strong>relictum</strong></span> <span class='ocrx_word' id='word_1_242' title='bbox 574 3423 725 3470; x_wconf 86' lang='lat' dir='ltr'><strong>etiam</strong></span> <span class='ocrx_word' id='word_1_243' title='bbox 750 3437 846 3470; x_wconf 90' lang='lat' dir='ltr'><strong>sua</strong></span> <span class='ocrx_word' id='word_1_244' title='bbox 866 3421 1055 3471; x_wconf 85' lang='lat' dir='ltr'><strong>virtute</strong></span> <span class='ocrx_word' id='word_1_245' title='bbox 1077 3428 1126 3469; x_wconf 88' lang='lat' dir='ltr'><strong>et</strong></span> <span class='ocrx_word' id='word_1_246' title='bbox 1145 3420 1260 3471; x_wconf 76' lang='lat' dir='ltr'><strong>reli-</strong></span> 
     </span>
     <span class='ocr_line' id='line_1_46' title="bbox 315 3488 1258 3540; baseline 0.003 -3"><span class='ocrx_word' id='word_1_247' title='bbox 315 3490 464 3538; x_wconf 82' lang='lat' dir='ltr'><strong>citate</strong></span> <span class='ocrx_word' id='word_1_248' title='bbox 496 3488 709 3539; x_wconf 78' lang='lat' dir='ltr'><strong>obtinuit</strong></span> <span class='ocrx_word' id='word_1_249' title='bbox 737 3497 786 3538; x_wconf 91' lang='lat' dir='ltr'><strong>et</strong></span> <span class='ocrx_word' id='word_1_250' title='bbox 805 3489 1022 3539; x_wconf 84' lang='lat' dir='ltr'><strong>Romam</strong></span> <span class='ocrx_word' id='word_1_251' title='bbox 1053 3490 1258 3540; x_wconf 82' lang='lat' dir='ltr'><strong>rediens</strong></span> 
     </span>
    </p>
   </div>
   <div class='ocr_carea' id='block_1_9' title="bbox 1398 399 2352 1892">
    <p class='ocr_par' dir='ltr' id='par_1_15' title="bbox 1398 399 2352 1892">
     <span class='ocr_line' id='line_1_47' title="bbox 1403 399 2350 464; baseline 0.003 -15"><span class='ocrx_word' id='word_1_252' title='bbox 1403 399 1720 464; x_wconf 89' lang='lat' dir='ltr'><strong>triumphum</strong></span> <span class='ocrx_word' id='word_1_253' title='bbox 1749 400 2228 464; x_wconf 82' lang='lat' dir='ltr'><strong>splendidissimum</strong></span> <span class='ocrx_word' id='word_1_254' title='bbox 2251 401 2350 452; x_wconf 80' lang='lat' dir='ltr'><strong>du·</strong></span> 
     </span>
     <span class='ocr_line' id='line_1_48' title="bbox 1404 468 2347 523; baseline 0.001 -6"><span class='ocrx_word' id='word_1_255' title='bbox 1404 470 1498 517; x_wconf 82' lang='lat' dir='ltr'><strong>xit.</strong></span> <span class='ocrx_word' id='word_1_256' title='bbox 1513 469 1576 517; x_wconf 91' lang='lat' dir='ltr'><strong>A.</strong></span> <span class='ocrx_word' id='word_1_257' title='bbox 1593 485 1696 523; x_wconf 88' lang='lat' dir='ltr'><strong>u.c.</strong></span> <span class='ocrx_word' id='word_1_258' title='bbox 1713 468 1832 520; x_wconf 89' lang='grc'><strong>612.</strong></span> <span class='ocrx_word' id='word_1_259' title='bbox 1853 484 2032 519; x_wconf 90' lang='lat' dir='ltr'><strong>censor</strong></span> <span class='ocrx_word' id='word_1_260' title='bbox 2041 469 2141 518; x_wconf 72' lang='lat' dir='ltr'><strong>mit</strong></span> <span class='ocrx_word' id='word_1_261' title='bbox 2153 485 2270 519; x_wconf 89' lang='lat' dir='ltr'><strong>cum</strong></span> <span class='ocrx_word' id='word_1_262' title='bbox 2283 469 2347 518; x_wconf 90' lang='lat' dir='ltr'><strong>L.</strong></span> 
     </span>
     <span class='ocr_line' id='line_1_49' title="bbox 1401 537 2347 599; baseline 0.006 -13"><span class='ocrx_word' id='word_1_263' title='bbox 1401 539 1645 587; x_wconf 84' lang='lat' dir='ltr'><strong>Mummio</strong></span> <span class='ocrx_word' id='word_1_264' title='bbox 1673 537 1931 599; x_wconf 86' lang='lat' dir='ltr'><strong>Achaico,</strong></span> <span class='ocrx_word' id='word_1_265' title='bbox 1963 538 2106 587; x_wconf 85' lang='lat' dir='ltr'><strong>Brut.</strong></span> <span class='ocrx_word' id='word_1_266' title='bbox 2127 539 2224 599; x_wconf 87' lang='grc'><strong>22,</strong></span> <span class='ocrx_word' id='word_1_267' title='bbox 2255 538 2347 592; x_wconf 88' lang='grc'><strong>85.</strong></span> 
     </span>
     <span class='ocr_line' id='line_1_50' title="bbox 1405 605 2347 672; baseline 0.001 -17"><span class='ocrx_word' id='word_1_268' title='bbox 1405 608 1470 655; x_wconf 92' lang='lat' dir='ltr'><strong>de</strong></span> <span class='ocrx_word' id='word_1_269' title='bbox 1490 605 1575 655; x_wconf 80' lang='lat' dir='ltr'><strong>off.</strong></span> <span class='ocrx_word' id='word_1_270' title='bbox 1597 607 1647 666; x_wconf 90' lang='grc'><strong>2,</strong></span> <span class='ocrx_word' id='word_1_271' title='bbox 1670 607 1766 668; x_wconf 86' lang='grc'><strong>22,</strong></span> <span class='ocrx_word' id='word_1_272' title='bbox 1789 607 1875 661; x_wconf 87' lang='grc'><strong>76.</strong></span> <span class='ocrx_word' id='word_1_273' title='bbox 1913 607 1979 656; x_wconf 89' lang='lat' dir='ltr'><strong>ad</strong></span> <span class='ocrx_word' id='word_1_274' title='bbox 2000 608 2102 655; x_wconf 83' lang='lat' dir='ltr'><strong>Att.</strong></span> <span class='ocrx_word' id='word_1_275' title='bbox 2131 606 2222 672; x_wconf 91' lang='grc'><strong>16,</strong></span> <span class='ocrx_word' id='word_1_276' title='bbox 2258 606 2347 660; x_wconf 87' lang='grc'><strong>13.</strong></span> 
     </span>
     <span class='ocr_line' id='line_1_51' title="bbox 1403 674 2347 741; baseline 0.002 -17"><span class='ocrx_word' id='word_1_277' title='bbox 1403 690 1478 734; x_wconf 89' lang='lat' dir='ltr'><strong>c.‚</strong></span> <span class='ocrx_word' id='word_1_278' title='bbox 1511 689 1556 724; x_wconf 85' lang='lat' dir='ltr'><strong>a.</strong></span> <span class='ocrx_word' id='word_1_279' title='bbox 1583 691 1637 729; x_wconf 92' lang='lat' dir='ltr'><strong>u.</strong></span> <span class='ocrx_word' id='word_1_280' title='bbox 1669 691 1716 724; x_wconf 91' lang='lat' dir='ltr'><strong>c.</strong></span> <span class='ocrx_word' id='word_1_281' title='bbox 1735 674 1856 725; x_wconf 89' lang='grc'><strong>620.</strong></span> <span class='ocrx_word' id='word_1_282' title='bbox 1893 674 2096 741; x_wconf 87' lang='lat' dir='ltr'><strong>legibus</strong></span> <span class='ocrx_word' id='word_1_283' title='bbox 2125 675 2347 736; x_wconf 84' lang='lat' dir='ltr'><strong>solutus,</strong></span> 
     </span>
     <span class='ocr_line' id='line_1_52' title="bbox 1403 744 2352 808; baseline 0 -16"><span class='ocrx_word' id='word_1_284' title='bbox 1403 757 1560 805; x_wconf 89' lang='lat' dir='ltr'><strong>quum</strong></span> <span class='ocrx_word' id='word_1_285' title='bbox 1588 757 1691 792; x_wconf 88' lang='lat' dir='ltr'><strong>non</strong></span> <span class='ocrx_word' id='word_1_286' title='bbox 1711 751 1932 808; x_wconf 88' lang='lat' dir='ltr'><strong>peteret,</strong></span> <span class='ocrx_word' id='word_1_287' title='bbox 1963 744 2144 794; x_wconf 89' lang='lat' dir='ltr'><strong>consul</strong></span> <span class='ocrx_word' id='word_1_288' title='bbox 2163 745 2352 793; x_wconf 84' lang='lat' dir='ltr'><strong>iterum</strong></span> 
     </span>
     <span class='ocr_line' id='line_1_53' title="bbox 1401 811 2347 865; baseline 0.005 -5"><span class='ocrx_word' id='word_1_289' title='bbox 1401 811 1567 862; x_wconf 83' lang='lat' dir='ltr'><strong>factus</strong></span> <span class='ocrx_word' id='word_1_290' title='bbox 1600 819 1677 861; x_wconf 89' lang='lat' dir='ltr'><strong>est</strong></span> <span class='ocrx_word' id='word_1_291' title='bbox 1703 827 1830 862; x_wconf 90' lang='lat' dir='ltr'><strong>cum·</strong></span> <span class='ocrx_word' id='word_1_292' title='bbox 1852 811 1908 862; x_wconf 88' lang='lat' dir='ltr'><strong>C.</strong></span> <span class='ocrx_word' id='word_1_293' title='bbox 1940 813 2120 863; x_wconf 83' lang='lat' dir='ltr'><strong>Fulvio</strong></span> <span class='ocrx_word' id='word_1_294' title='bbox 2141 812 2347 865; x_wconf 83' lang='lat' dir='ltr'><strong>Flacco.</strong></span> 
     </span>
     <span class='ocr_line' id='line_1_54' title="bbox 1400 881 2352 948; baseline 0.001 -19"><span class='ocrx_word' id='word_1_295' title='bbox 1400 881 1591 932; x_wconf 85' lang='lat' dir='ltr'><strong>Eodem</strong></span> <span class='ocrx_word' id='word_1_296' title='bbox 1621 895 1752 931; x_wconf 84' lang='lat' dir='ltr'><strong>anno</strong></span> <span class='ocrx_word' id='word_1_297' title='bbox 1785 883 1833 930; x_wconf 91' lang='lat' dir='ltr'><strong>ei</strong></span> <span class='ocrx_word' id='word_1_298' title='bbox 1863 882 2112 948; x_wconf 83' lang='lat' dir='ltr'><strong>Hispania</strong></span> <span class='ocrx_word' id='word_1_299' title='bbox 2141 882 2352 931; x_wconf 85' lang='lat' dir='ltr'><strong>citerior</strong></span> 
     </span>
     <span class='ocr_line' id='line_1_55' title="bbox 1399 949 2350 1013; baseline -0.001 -14"><span class='ocrx_word' id='word_1_300' title='bbox 1399 949 1692 1013; x_wconf 83' lang='lat' dir='ltr'><strong>bellumque</strong></span> <span class='ocrx_word' id='word_1_301' title='bbox 1762 949 2125 1000; x_wconf 80' lang='lat' dir='ltr'><strong>Numantinum</strong></span> <span class='ocrx_word' id='word_1_302' title='bbox 2199 957 2350 999; x_wconf 74' lang='lat' dir='ltr'><strong>extra</strong></span> 
     </span>
     <span class='ocr_line' id='line_1_56' title="bbox 1400 1019 2345 1068; baseline -0.002 0"><span class='ocrx_word' id='word_1_303' title='bbox 1400 1026 1586 1068; x_wconf 86' lang='lat' dir='ltr'><strong>sortem</strong></span> <span class='ocrx_word' id='word_1_304' title='bbox 1635 1019 1890 1068; x_wconf 87' lang='lat' dir='ltr'><strong>decretum</strong></span> <span class='ocrx_word' id='word_1_305' title='bbox 1939 1026 2031 1068; x_wconf 90' lang='lat' dir='ltr'><strong>est.</strong></span> <span class='ocrx_word' id='word_1_306' title='bbox 2096 1019 2161 1067; x_wconf 91' lang='lat' dir='ltr'><strong>A.</strong></span> <span class='ocrx_word' id='word_1_307' title='bbox 2204 1035 2258 1068; x_wconf 89' lang='lat' dir='ltr'><strong>u.</strong></span> <span class='ocrx_word' id='word_1_308' title='bbox 2295 1035 2345 1067; x_wconf 93' lang='lat' dir='ltr'><strong>c.</strong></span> 
     </span>
     <span class='ocr_line' id='line_1_57' title="bbox 1400 1087 2348 1152; baseline -0.003 -13"><span class='ocrx_word' id='word_1_309' title='bbox 1400 1087 1521 1139; x_wconf 88' lang='grc'><strong>621.</strong></span> <span class='ocrx_word' id='word_1_310' title='bbox 1544 1087 1864 1137; x_wconf 87' lang='lat' dir='ltr'><strong>Numantiam</strong></span> <span class='ocrx_word' id='word_1_311' title='bbox 1886 1090 2023 1152; x_wconf 88' lang='lat' dir='ltr'><strong>cepit</strong></span> <span class='ocrx_word' id='word_1_312' title='bbox 2039 1095 2090 1136; x_wconf 91' lang='lat' dir='ltr'><strong>et</strong></span> <span class='ocrx_word' id='word_1_313' title='bbox 2111 1087 2348 1137; x_wconf 81' lang='lat' dir='ltr'><strong>funditus</strong></span> 
     </span>
     <span class='ocr_line' id='line_1_58' title="bbox 1402 1155 2349 1220; baseline -0.001 -15"><span class='ocrx_word' id='word_1_314' title='bbox 1402 1155 1590 1205; x_wconf 88' lang='lat' dir='ltr'><strong>delevit</strong></span> <span class='ocrx_word' id='word_1_315' title='bbox 1607 1170 1739 1207; x_wconf 86' lang='lat' dir='ltr'><strong>anno</strong></span> <span class='ocrx_word' id='word_1_316' title='bbox 1769 1163 2011 1220; x_wconf 81' lang='lat' dir='ltr'><strong>sequente</strong></span> <span class='ocrx_word' id='word_1_317' title='bbox 2037 1157 2105 1207; x_wconf 87' lang='lat' dir='ltr'><strong>de</strong></span> <span class='ocrx_word' id='word_1_318' title='bbox 2117 1155 2349 1205; x_wconf 86' lang='lat' dir='ltr'><strong>Numan-</strong></span> 
     </span>
     <span class='ocr_line' id='line_1_59' title="bbox 1399 1225 2348 1290; baseline 0 -17"><span class='ocrx_word' id='word_1_319' title='bbox 1399 1225 1522 1274; x_wconf 87' lang='lat' dir='ltr'><strong>tinis</strong></span> <span class='ocrx_word' id='word_1_320' title='bbox 1554 1225 1904 1290; x_wconf 88' lang='lat' dir='ltr'><strong>triumphavit.</strong></span> <span class='ocrx_word' id='word_1_321' title='bbox 1944 1227 2009 1274; x_wconf 88' lang='lat' dir='ltr'><strong>A.</strong></span> <span class='ocrx_word' id='word_1_322' title='bbox 2042 1239 2092 1274; x_wconf 92' lang='lat' dir='ltr'><strong>u.</strong></span> <span class='ocrx_word' id='word_1_323' title='bbox 2133 1240 2180 1274; x_wconf 89' lang='lat' dir='ltr'><strong>c.</strong></span> <span class='ocrx_word' id='word_1_324' title='bbox 2217 1225 2348 1275; x_wconf 87' lang='grc'><strong>625.</strong></span> 
     </span>
     <span class='ocr_line' id='line_1_60' title="bbox 1401 1293 2349 1356; baseline 0 -14"><span class='ocrx_word' id='word_1_325' title='bbox 1401 1308 1557 1356; x_wconf 89' lang='lat' dir='ltr'><strong>quum</strong></span> <span class='ocrx_word' id='word_1_326' title='bbox 1579 1293 1794 1345; x_wconf 84' lang='lat' dir='ltr'><strong>ferveret</strong></span> <span class='ocrx_word' id='word_1_327' title='bbox 1813 1294 1995 1344; x_wconf 88' lang='lat' dir='ltr'><strong>seditio</strong></span> <span class='ocrx_word' id='word_1_328' title='bbox 2015 1307 2046 1342; x_wconf 85' lang='lat' dir='ltr'><strong>a</strong></span> <span class='ocrx_word' id='word_1_329' title='bbox 2065 1294 2349 1344; x_wconf 87' lang='lat' dir='ltr'><strong>triumviris</strong></span> 
     </span>
     <span class='ocr_line' id='line_1_61' title="bbox 1401 1361 2344 1427; baseline -0.004 -15"><span class='ocrx_word' id='word_1_330' title='bbox 1401 1364 1541 1427; x_wconf 82' lang='lat' dir='ltr'><strong>agris</strong></span> <span class='ocrx_word' id='word_1_331' title='bbox 1571 1363 1864 1412; x_wconf 84' lang='lat' dir='ltr'><strong>dividundis</strong></span> <span class='ocrx_word' id='word_1_332' title='bbox 1893 1363 1949 1412; x_wconf 84' lang='lat' dir='ltr'><strong>C.</strong></span> <span class='ocrx_word' id='word_1_333' title='bbox 1985 1361 2242 1422; x_wconf 87' lang='lat' dir='ltr'><strong>Graccho,</strong></span> <span class='ocrx_word' id='word_1_334' title='bbox 2285 1361 2344 1411; x_wconf 84' lang='lat' dir='ltr'><strong>C.</strong></span> 
     </span>
     <span class='ocr_line' id='line_1_62' title="bbox 1403 1430 2350 1493; baseline -0.002 -12"><span class='ocrx_word' id='word_1_335' title='bbox 1403 1430 1656 1493; x_wconf 85' lang='lat' dir='ltr'><strong>Carbone,</strong></span> <span class='ocrx_word' id='word_1_336' title='bbox 1691 1432 1755 1479; x_wconf 84' lang='grc' dir='ltr'><strong>Μ.</strong></span> <span class='ocrx_word' id='word_1_337' title='bbox 1790 1431 1971 1482; x_wconf 86' lang='lat' dir='ltr'><strong>Fulvio</strong></span> <span class='ocrx_word' id='word_1_338' title='bbox 2000 1430 2180 1481; x_wconf 87' lang='lat' dir='ltr'><strong>Flacco</strong></span> <span class='ocrx_word' id='word_1_339' title='bbox 2209 1432 2350 1480; x_wconf 84' lang='lat' dir='ltr'><strong>exci-</strong></span> 
     </span>
     <span class='ocr_line' id='line_1_63' title="bbox 1398 1500 2348 1563; baseline 0.001 -15"><span class='ocrx_word' id='word_1_340' title='bbox 1398 1507 1520 1562; x_wconf 82' lang='lat' dir='ltr'><strong>tata,</strong></span> <span class='ocrx_word' id='word_1_341' title='bbox 1541 1514 1757 1563; x_wconf 87' lang='lat' dir='ltr'><strong>quorum</strong></span> <span class='ocrx_word' id='word_1_342' title='bbox 1777 1501 1977 1550; x_wconf 88' lang='lat' dir='ltr'><strong>iniuriis</strong></span> <span class='ocrx_word' id='word_1_343' title='bbox 1995 1500 2242 1550; x_wconf 86' lang='lat' dir='ltr'><strong>adversus</strong></span> <span class='ocrx_word' id='word_1_344' title='bbox 2261 1514 2348 1549; x_wconf 86' lang='lat' dir='ltr'><strong>so-</strong></span> 
     </span>
     <span class='ocr_line' id='line_1_64' title="bbox 1401 1568 2350 1635; baseline -0.003 -16"><span class='ocrx_word' id='word_1_345' title='bbox 1401 1571 1512 1619; x_wconf 87' lang='lat' dir='ltr'><strong>cios</strong></span> <span class='ocrx_word' id='word_1_346' title='bbox 1539 1568 1713 1634; x_wconf 86' lang='lat' dir='ltr'><strong>Scipio</strong></span> <span class='ocrx_word' id='word_1_347' title='bbox 1750 1570 2056 1635; x_wconf 81' lang='lat' dir='ltr'><strong>gravissime</strong></span> <span class='ocrx_word' id='word_1_348' title='bbox 2088 1583 2145 1618; x_wconf 91' lang='lat' dir='ltr'><strong>se</strong></span> <span class='ocrx_word' id='word_1_349' title='bbox 2184 1583 2350 1634; x_wconf 89' lang='lat' dir='ltr'><strong>oppo-</strong></span> 
     </span>
     <span class='ocr_line' id='line_1_65' title="bbox 1403 1638 2348 1701; baseline -0.004 -13"><span class='ocrx_word' id='word_1_350' title='bbox 1403 1645 1595 1701; x_wconf 85' lang='lat' dir='ltr'><strong>suerat,</strong></span> <span class='ocrx_word' id='word_1_351' title='bbox 1635 1653 1783 1687; x_wconf 84' lang='lat' dir='ltr'><strong>mane</strong></span> <span class='ocrx_word' id='word_1_352' title='bbox 1811 1640 1865 1687; x_wconf 90' lang='lat' dir='ltr'><strong>in</strong></span> <span class='ocrx_word' id='word_1_353' title='bbox 1893 1638 2077 1689; x_wconf 87' lang='lat' dir='ltr'><strong>lectulo</strong></span> <span class='ocrx_word' id='word_1_354' title='bbox 2115 1645 2348 1686; x_wconf 82' lang='lat' dir='ltr'><strong>mortuus</strong></span> 
     </span>
     <span class='ocr_line' id='line_1_66' title="bbox 1402 1705 2348 1770; baseline -0.002 -15"><span class='ocrx_word' id='word_1_355' title='bbox 1402 1708 1638 1756; x_wconf 87' lang='lat' dir='ltr'><strong>inventus</strong></span> <span class='ocrx_word' id='word_1_356' title='bbox 1658 1715 1750 1766; x_wconf 88' lang='lat' dir='ltr'><strong>est,</strong></span> <span class='ocrx_word' id='word_1_357' title='bbox 1772 1721 1934 1756; x_wconf 88' lang='lat' dir='ltr'><strong>anuos</strong></span> <span class='ocrx_word' id='word_1_358' title='bbox 1953 1714 2102 1755; x_wconf 89' lang='lat' dir='ltr'><strong>natus</strong></span> <span class='ocrx_word' id='word_1_359' title='bbox 2118 1705 2228 1770; x_wconf 88' lang='grc'><strong>56.,</strong></span> <span class='ocrx_word' id='word_1_360' title='bbox 2245 1719 2348 1754; x_wconf 84' lang='grc' dir='ltr'><strong>ιιοιι</strong></span> 
     </span>
     <span class='ocr_line' id='line_1_67' title="bbox 1401 1775 2348 1839; baseline 0 -16"><span class='ocrx_word' id='word_1_361' title='bbox 1401 1777 1514 1824; x_wconf 89' lang='lat' dir='ltr'><strong>sine</strong></span> <span class='ocrx_word' id='word_1_362' title='bbox 1535 1789 1721 1839; x_wconf 79' lang='lat' dir='ltr'><strong>magna</strong></span> <span class='ocrx_word' id='word_1_363' title='bbox 1749 1775 2042 1838; x_wconf 71' lang='lat' dir='ltr'><strong>suspicione</strong></span> <span class='ocrx_word' id='word_1_364' title='bbox 2076 1789 2194 1828; x_wconf 86' lang='lat' dir='ltr'><strong>esse</strong></span> <span class='ocrx_word' id='word_1_365' title='bbox 2215 1775 2263 1824; x_wconf 90' lang='lat' dir='ltr'><strong>ei</strong></span> <span class='ocrx_word' id='word_1_366' title='bbox 2282 1776 2348 1823; x_wconf 90' lang='lat' dir='ltr'><strong>ab</strong></span> 
     </span>
     <span class='ocr_line' id='line_1_68' title="bbox 1401 1841 2348 1892; baseline 0 -2"><span class='ocrx_word' id='word_1_367' title='bbox 1401 1844 1620 1891; x_wconf 89' lang='lat' dir='ltr'><strong>inimicis</strong></span> <span class='ocrx_word' id='word_1_368' title='bbox 1658 1848 1809 1890; x_wconf 90' lang='lat' dir='ltr'><strong>noctu</strong></span> <span class='ocrx_word' id='word_1_369' title='bbox 1843 1843 1943 1890; x_wconf 89' lang='lat' dir='ltr'><strong>vim</strong></span> <span class='ocrx_word' id='word_1_370' title='bbox 1971 1841 2185 1890; x_wconf 86' lang='lat' dir='ltr'><strong>illatam</strong></span> <span class='ocrx_word' id='word_1_371' title='bbox 2235 1841 2348 1892; x_wconf 89' lang='lat' dir='ltr'><strong>Sci-</strong></span> 
     </span>
    </p>
   </div>
   <div class='ocr_carea' id='block_1_10' title="bbox 1360 1879 2350 1996">
    <p class='ocr_par' dir='ltr' id='par_1_16' title="bbox 1360 1879 2350 1996">
     <span class='ocr_line' id='line_1_69' title="bbox 1360 1879 2350 1996; baseline 0.002 -37.01"><span class='ocrx_word' id='word_1_372' title='bbox 1362 1879 1378 1967; x_wconf 65' lang='grc' dir='ltr'><strong>,Ι</strong></span> <span class='ocrx_word' id='word_1_373' title='bbox 1360 1911 1484 1996; x_wconf 89' lang='lat' dir='ltr'><strong>pio</strong></span> <span class='ocrx_word' id='word_1_374' title='bbox 1503 1909 1618 1963; x_wconf 79' lang='lat' dir='ltr'><strong>Afr.</strong></span> <span class='ocrx_word' id='word_1_375' title='bbox 1641 1911 1808 1960; x_wconf 89' lang='lat' dir='ltr'><strong>minor</strong></span> <span class='ocrx_word' id='word_1_376' title='bbox 1836 1910 1889 1958; x_wconf 89' lang='lat' dir='ltr'><strong>in</strong></span> <span class='ocrx_word' id='word_1_377' title='bbox 1918 1909 2081 1975; x_wconf 79' lang='lat' dir='ltr'><strong>gloria</strong></span> <span class='ocrx_word' id='word_1_378' title='bbox 2100 1913 2179 1961; x_wconf 86' lang='lat' dir='ltr'><strong>rei</strong></span> <span class='ocrx_word' id='word_1_379' title='bbox 2211 1911 2350 1961; x_wconf 86' lang='lat' dir='ltr'><strong>mili·-</strong></span> 
     </span>
    </p>
   </div>
   <div class='ocr_carea' id='block_1_11' title="bbox 1360 1968 2348 3143">
    <p class='ocr_par' dir='ltr' id='par_1_17' title="bbox 1360 1968 2346 3143">
     <span class='ocr_line' id='line_1_70' title="bbox 1360 1968 2346 2062; baseline 0.001 -34.041"><span class='ocrx_word' id='word_1_380' title='bbox 1360 1968 1522 2062; x_wconf 58' lang='lat' dir='ltr'><strong>{iaris</strong></span> <span class='ocrx_word' id='word_1_381' title='bbox 1539 1977 1767 2027; x_wconf 87' lang='lat' dir='ltr'><strong>Paullum</strong></span> <span class='ocrx_word' id='word_1_382' title='bbox 1786 1985 1984 2043; x_wconf 87' lang='lat' dir='ltr'><strong>patrem</strong></span> <span class='ocrx_word' id='word_1_383' title='bbox 2001 1979 2228 2029; x_wconf 83' lang='lat' dir='ltr'><strong>imitatus</strong></span> <span class='ocrx_word' id='word_1_384' title='bbox 2249 1990 2346 2040; x_wconf 89' lang='lat' dir='ltr'><strong>est,</strong></span> 
     </span>
     <span class='ocr_line' id='line_1_71' title="bbox 1361 2026 2348 2112; baseline 0.001 -16.04"><span class='ocrx_word' id='word_1_385' title='bbox 1361 2026 1491 2112; x_wconf 87' lang='lat' dir='ltr'><strong>pro</strong></span> <span class='ocrx_word' id='word_1_386' title='bbox 1511 2046 1644 2096; x_wconf 88' lang='lat' dir='ltr'><strong>Rab.</strong></span> <span class='ocrx_word' id='word_1_387' title='bbox 1659 2044 1898 2097; x_wconf 87' lang='lat' dir='ltr'><strong>Postumo</strong></span> <span class='ocrx_word' id='word_1_388' title='bbox 1927 2050 1982 2110; x_wconf 85' lang='lat'><strong>1,</strong></span> <span class='ocrx_word' id='word_1_389' title='bbox 2015 2047 2064 2097; x_wconf 89' lang='grc'><strong>2.</strong></span> <span class='ocrx_word' id='word_1_390' title='bbox 2087 2048 2348 2098; x_wconf 89' lang='lat' dir='ltr'><strong>——Disci-</strong></span> 
     </span>
     <span class='ocr_line' id='line_1_72' title="bbox 1397 2113 2340 2180; baseline 0.002 -15"><span class='ocrx_word' id='word_1_391' title='bbox 1397 2114 1550 2180; x_wconf 87' lang='lat' dir='ltr'><strong>pulus</strong></span> <span class='ocrx_word' id='word_1_392' title='bbox 1588 2113 1793 2165; x_wconf 88' lang='lat' dir='ltr'><strong>Catonis</strong></span> <span class='ocrx_word' id='word_1_393' title='bbox 1824 2126 1874 2165; x_wconf 92' lang='lat' dir='ltr'><strong>et</strong></span> <span class='ocrx_word' id='word_1_394' title='bbox 1907 2115 2100 2178; x_wconf 87' lang='lat' dir='ltr'><strong>Laelii,</strong></span> <span class='ocrx_word' id='word_1_395' title='bbox 2140 2118 2204 2167; x_wconf 90' lang='lat' dir='ltr'><strong>de</strong></span> <span class='ocrx_word' id='word_1_396' title='bbox 2235 2118 2340 2167; x_wconf 88' lang='lat' dir='ltr'><strong>inv.</strong></span> 
     </span>
     <span class='ocr_line' id='line_1_73' title="bbox 1402 2184 2342 2243; baseline 0.003 -10"><span class='ocrx_word' id='word_1_397' title='bbox 1402 2184 1429 2233; x_wconf 85' lang='lat'>1</span> <span class='ocrx_word' id='word_1_398' title='bbox 1449 2220 1463 2243; x_wconf 92' lang='lat'><strong>,</strong></span> <span class='ocrx_word' id='word_1_399' title='bbox 1487 2184 1544 2243; x_wconf 88' lang='lat'><strong>4,</strong></span> <span class='ocrx_word' id='word_1_400' title='bbox 1567 2185 1619 2237; x_wconf 84' lang='lat'><strong>5.</strong></span> <span class='ocrx_word' id='word_1_401' title='bbox 1641 2210 1714 2222; x_wconf 92' lang='lat'><strong>—-</strong></span> <span class='ocrx_word' id='word_1_402' title='bbox 1741 2184 1800 2232; x_wconf 89' lang='lat' dir='ltr'><strong>In</strong></span> <span class='ocrx_word' id='word_1_403' title='bbox 1830 2185 2059 2235; x_wconf 77' lang='lat' dir='ltr'><strong>Africam</strong></span> <span class='ocrx_word' id='word_1_404' title='bbox 2089 2187 2227 2236; x_wconf 84' lang='lat' dir='ltr'><strong>venit</strong></span> <span class='ocrx_word' id='word_1_405' title='bbox 2259 2186 2342 2236; x_wconf 85' lang='grc' dir='ltr'><strong>Μ’.</strong></span> 
     </span>
     <span class='ocr_line' id='line_1_74' title="bbox 1397 2252 2345 2308; baseline 0.003 -8"><span class='ocrx_word' id='word_1_406' title='bbox 1397 2252 1607 2302; x_wconf 88' lang='lat' dir='ltr'><strong>Manilio</strong></span> <span class='ocrx_word' id='word_1_407' title='bbox 1638 2252 1839 2303; x_wconf 86' lang='lat' dir='ltr'><strong>consuli</strong></span> <span class='ocrx_word' id='word_1_408' title='bbox 1877 2268 1923 2307; x_wconf 87' lang='lat' dir='ltr'><strong>a.</strong></span> <span class='ocrx_word' id='word_1_409' title='bbox 1953 2271 2006 2308; x_wconf 91' lang='lat' dir='ltr'><strong>u.</strong></span> <span class='ocrx_word' id='word_1_410' title='bbox 2041 2270 2088 2307; x_wconf 89' lang='lat' dir='ltr'><strong>c.</strong></span> <span class='ocrx_word' id='word_1_411' title='bbox 2121 2252 2241 2306; x_wconf 84' lang='grc'><strong>605.</strong></span> <span class='ocrx_word' id='word_1_412' title='bbox 2277 2253 2345 2304; x_wconf 89' lang='lat' dir='ltr'><strong>ad</strong></span> 
     </span>
     <span class='ocr_line' id='line_1_75' title="bbox 1399 2321 2343 2387; baseline 0.003 -18"><span class='ocrx_word' id='word_1_413' title='bbox 1399 2330 1630 2384; x_wconf 83' lang='lat' dir='ltr'><strong>quartam</strong></span> <span class='ocrx_word' id='word_1_414' title='bbox 1663 2321 1920 2387; x_wconf 81' lang='lat' dir='ltr'><strong>legionem</strong></span> <span class='ocrx_word' id='word_1_415' title='bbox 1949 2324 2182 2373; x_wconf 88' lang='lat' dir='ltr'><strong>tribunus</strong></span> <span class='ocrx_word' id='word_1_416' title='bbox 2207 2323 2343 2372; x_wconf 89' lang='lat' dir='ltr'><strong>mili-</strong></span> 
     </span>
     <span class='ocr_line' id='line_1_76' title="bbox 1399 2390 2344 2457; baseline 0.001 -18"><span class='ocrx_word' id='word_1_417' title='bbox 1399 2398 1535 2451; x_wconf 88' lang='lat' dir='ltr'><strong>tum,</strong></span> <span class='ocrx_word' id='word_1_418' title='bbox 1570 2391 1635 2441; x_wconf 90' lang='lat' dir='ltr'><strong>de</strong></span> <span class='ocrx_word' id='word_1_419' title='bbox 1663 2405 1708 2438; x_wconf 86' lang='lat' dir='ltr'><strong>r.</strong></span> <span class='ocrx_word' id='word_1_420' title='bbox 1729 2405 1782 2455; x_wconf 85' lang='lat' dir='ltr'><strong>p·</strong></span> <span class='ocrx_word' id='word_1_421' title='bbox 1805 2390 1859 2451; x_wconf 91' lang='grc'><strong>6,</strong></span> <span class='ocrx_word' id='word_1_422' title='bbox 1881 2391 1945 2457; x_wconf 90' lang='grc'><strong>9,</strong></span> <span class='ocrx_word' id='word_1_423' title='bbox 1979 2391 2028 2442; x_wconf 87' lang='grc'><strong>9.</strong></span> <span class='ocrx_word' id='word_1_424' title='bbox 2060 2418 2124 2429; x_wconf 91' lang='lat'><em>-</em></span> <span class='ocrx_word' id='word_1_425' title='bbox 2146 2394 2205 2441; x_wconf 90' lang='lat' dir='ltr'><strong>In</strong></span> <span class='ocrx_word' id='word_1_426' title='bbox 2232 2394 2344 2441; x_wconf 88' lang='lat' dir='ltr'><strong>acie</strong></span> 
     </span>
     <span class='ocr_line' id='line_1_77' title="bbox 1397 2458 2341 2526; baseline 0.001 -19"><span class='ocrx_word' id='word_1_427' title='bbox 1397 2458 1467 2511; x_wconf 89' lang='lat' dir='ltr'><strong>M.</strong></span> <span class='ocrx_word' id='word_1_428' title='bbox 1494 2459 1733 2510; x_wconf 82' lang='lat' dir='ltr'><strong>Alienum</strong></span> <span class='ocrx_word' id='word_1_429' title='bbox 1761 2460 2029 2526; x_wconf 76' lang='lat' dir='ltr'><strong>pelignum</strong></span> <span class='ocrx_word' id='word_1_430' title='bbox 2061 2469 2205 2512; x_wconf 85' lang='lat' dir='ltr'><strong>scuto</strong></span> <span class='ocrx_word' id='word_1_431' title='bbox 2223 2476 2341 2525; x_wconf 88' lang='lat' dir='ltr'><strong>pro-</strong></span> 
     </span>
     <span class='ocr_line' id='line_1_78' title="bbox 1397 2528 2342 2594; baseline 0 -17"><span class='ocrx_word' id='word_1_432' title='bbox 1397 2529 1525 2578; x_wconf 80' lang='lat' dir='ltr'><strong>texit</strong></span> <span class='ocrx_word' id='word_1_433' title='bbox 1551 2528 1884 2594; x_wconf 84' lang='lat' dir='ltr'><strong>gladiumque</strong></span> <span class='ocrx_word' id='word_1_434' title='bbox 1914 2529 2050 2579; x_wconf 88' lang='lat' dir='ltr'><strong>hosti</strong></span> <span class='ocrx_word' id='word_1_435' title='bbox 2082 2531 2133 2578; x_wconf 86' lang='lat' dir='ltr'><strong>in</strong></span> <span class='ocrx_word' id='word_1_436' title='bbox 2162 2537 2342 2593; x_wconf 85' lang='lat' dir='ltr'><strong>pectus</strong></span> 
     </span>
     <span class='ocr_line' id='line_1_79' title="bbox 1395 2596 2343 2660; baseline -0.001 -14"><span class='ocrx_word' id='word_1_437' title='bbox 1395 2596 1580 2659; x_wconf 81' lang='lat' dir='ltr'><strong>infixit,</strong></span> <span class='ocrx_word' id='word_1_438' title='bbox 1600 2598 1807 2648; x_wconf 87' lang='lat' dir='ltr'><strong>Tuscul.</strong></span> <span class='ocrx_word' id='word_1_439' title='bbox 1824 2601 1878 2660; x_wconf 89' lang='lat'><strong>4,</strong></span> <span class='ocrx_word' id='word_1_440' title='bbox 1893 2599 1984 2659; x_wconf 79' lang='lat'><strong>22,</strong></span> <span class='ocrx_word' id='word_1_441' title='bbox 1999 2597 2084 2649; x_wconf 87' lang='grc'><strong>50.</strong></span> <span class='ocrx_word' id='word_1_442' title='bbox 2096 2622 2166 2633; x_wconf 90' lang='lat'><strong>——-</strong></span> <span class='ocrx_word' id='word_1_443' title='bbox 2181 2598 2343 2657; x_wconf 86' lang='lat' dir='ltr'><strong>Quem</strong></span> 
     </span>
     <span class='ocr_line' id='line_1_80' title="bbox 1398 2666 2342 2729; baseline 0 -14"><span class='ocrx_word' id='word_1_444' title='bbox 1398 2666 1466 2716; x_wconf 88' lang='lat' dir='ltr'><strong>ad</strong></span> <span class='ocrx_word' id='word_1_445' title='bbox 1493 2667 1701 2717; x_wconf 90' lang='lat' dir='ltr'><strong>modum</strong></span> <span class='ocrx_word' id='word_1_446' title='bbox 1734 2666 1974 2729; x_wconf 86' lang='lat' dir='ltr'><strong>aequales</strong></span> <span class='ocrx_word' id='word_1_447' title='bbox 2006 2682 2126 2717; x_wconf 87' lang='lat' dir='ltr'><strong>suos</strong></span> <span class='ocrx_word' id='word_1_448' title='bbox 2154 2674 2342 2716; x_wconf 86' lang='lat' dir='ltr'><strong>tracta-</strong></span> 
     </span>
     <span class='ocr_line' id='line_1_81' title="bbox 1396 2733 2342 2796; baseline -0.001 -12"><span class='ocrx_word' id='word_1_449' title='bbox 1396 2736 1530 2784; x_wconf 84' lang='lat' dir='ltr'><strong>verit</strong></span> <span class='ocrx_word' id='word_1_450' title='bbox 1546 2770 1561 2795; x_wconf 90' lang='lat'><strong>,</strong></span> <span class='ocrx_word' id='word_1_451' title='bbox 1587 2736 1652 2785; x_wconf 92' lang='lat' dir='ltr'><strong>de</strong></span> <span class='ocrx_word' id='word_1_452' title='bbox 1671 2749 1770 2783; x_wconf 89' lang='lat' dir='ltr'><strong>am.</strong></span> <span class='ocrx_word' id='word_1_453' title='bbox 1797 2733 1881 2796; x_wconf 89' lang='grc'><strong>19,</strong></span> <span class='ocrx_word' id='word_1_454' title='bbox 1902 2734 1988 2787; x_wconf 92' lang='grc'><strong>69.</strong></span> <span class='ocrx_word' id='word_1_455' title='bbox 2011 2764 2076 2772; x_wconf 92' lang='grc'>-</span> <span class='ocrx_word' id='word_1_456' title='bbox 2099 2734 2154 2785; x_wconf 88' lang='lat' dir='ltr'><strong>L.</strong></span> <span class='ocrx_word' id='word_1_457' title='bbox 2177 2734 2342 2785; x_wconf 82' lang='lat' dir='ltr'><strong>Paulli</strong></span> 
     </span>
     <span class='ocr_line' id='line_1_82' title="bbox 1399 2803 2342 2867; baseline 0.001 -15"><span class='ocrx_word' id='word_1_458' title='bbox 1399 2803 1564 2867; x_wconf 87' lang='lat' dir='ltr'><strong>patris</strong></span> <span class='ocrx_word' id='word_1_459' title='bbox 1592 2803 1888 2855; x_wconf 82' lang='lat' dir='ltr'><strong>hereditatis</strong></span> <span class='ocrx_word' id='word_1_460' title='bbox 1909 2804 1969 2863; x_wconf 85' lang='lat' dir='ltr'><strong>Q.</strong></span> <span class='ocrx_word' id='word_1_461' title='bbox 1993 2804 2216 2853; x_wconf 81' lang='lat' dir='ltr'><strong>Maximo</strong></span> <span class='ocrx_word' id='word_1_462' title='bbox 2237 2804 2342 2853; x_wconf 84' lang='lat' dir='ltr'><strong>fra-</strong></span> 
     </span>
     <span class='ocr_line' id='line_1_83' title="bbox 1399 2870 2340 2937; baseline 0.001 -17"><span class='ocrx_word' id='word_1_463' title='bbox 1399 2872 1467 2920; x_wconf 87' lang='lat' dir='ltr'><strong>tri</strong></span> <span class='ocrx_word' id='word_1_464' title='bbox 1485 2870 1682 2936; x_wconf 83' lang='lat' dir='ltr'><strong>partem</strong></span> <span class='ocrx_word' id='word_1_465' title='bbox 1702 2887 1848 2921; x_wconf 88' lang='lat' dir='ltr'><strong>suam</strong></span> <span class='ocrx_word' id='word_1_466' title='bbox 1870 2872 2140 2933; x_wconf 85' lang='lat' dir='ltr'><strong>concessit,</strong></span> <span class='ocrx_word' id='word_1_467' title='bbox 2161 2873 2340 2937; x_wconf 81' lang='lat' dir='ltr'><strong>parad.</strong></span> 
     </span>
     <span class='ocr_line' id='line_1_84' title="bbox 1401 2938 2342 3003; baseline -0.002 -12"><span class='ocrx_word' id='word_1_468' title='bbox 1401 2938 1453 3003; x_wconf 86' lang='lat'><strong>6,</strong></span> <span class='ocrx_word' id='word_1_469' title='bbox 1474 2941 1525 3003; x_wconf 84' lang='lat'><strong>2,</strong></span> <span class='ocrx_word' id='word_1_470' title='bbox 1545 2941 1631 2992; x_wconf 88' lang='grc'><strong>48.</strong></span> <span class='ocrx_word' id='word_1_471' title='bbox 1647 2941 1891 3000; x_wconf 83' lang='lat' dir='ltr'><strong>—Quem</strong></span> <span class='ocrx_word' id='word_1_472' title='bbox 1912 2943 1977 2991; x_wconf 87' lang='lat' dir='ltr'><strong>ad</strong></span> <span class='ocrx_word' id='word_1_473' title='bbox 1998 2942 2206 2991; x_wconf 86' lang='lat' dir='ltr'><strong>modum</strong></span> <span class='ocrx_word' id='word_1_474' title='bbox 2225 2956 2342 2991; x_wconf 86' lang='lat' dir='ltr'><strong>cen—</strong></span> 
     </span>
     <span class='ocr_line' id='line_1_85' title="bbox 1400 3008 2344 3061; baseline 0.002 -3"><span class='ocrx_word' id='word_1_475' title='bbox 1400 3024 1487 3058; x_wconf 85' lang='lat' dir='ltr'><strong>sor</strong></span> <span class='ocrx_word' id='word_1_476' title='bbox 1523 3010 1574 3058; x_wconf 90' lang='lat' dir='ltr'><strong>in</strong></span> <span class='ocrx_word' id='word_1_477' title='bbox 1620 3008 1677 3059; x_wconf 81' lang='lat' dir='ltr'><strong>G.</strong></span> <span class='ocrx_word' id='word_1_478' title='bbox 1719 3010 1970 3059; x_wconf 89' lang='lat' dir='ltr'><strong>Licinium</strong></span> <span class='ocrx_word' id='word_1_479' title='bbox 2013 3009 2344 3061; x_wconf 81' lang='lat' dir='ltr'><strong>Sacerdotem</strong></span> 
     </span>
     <span class='ocr_line' id='line_1_86' title="bbox 1399 3077 2340 3143; baseline 0 -16"><span class='ocrx_word' id='word_1_480' title='bbox 1399 3079 1629 3128; x_wconf 87' lang='lat' dir='ltr'><strong>animum</strong></span> <span class='ocrx_word' id='word_1_481' title='bbox 1666 3078 1968 3138; x_wconf 85' lang='lat' dir='ltr'><strong>adverterit,</strong></span> <span class='ocrx_word' id='word_1_482' title='bbox 2012 3093 2108 3143; x_wconf 85' lang='lat' dir='ltr'><strong>pro</strong></span> <span class='ocrx_word' id='word_1_483' title='bbox 2141 3077 2340 3129; x_wconf 84' lang='lat' dir='ltr'><strong>Cluent.</strong></span> 
     </span>
    </p>
   </div>
   <div class='ocr_carea' id='block_1_12' title="bbox 1398 3146 2436 3219">
    <p class='ocr_par' dir='ltr' id='par_1_18' title="bbox 1398 3146 2436 3219">
     <span class='ocr_line' id='line_1_87' title="bbox 1398 3146 2436 3219; baseline -0.002 -22"><span class='ocrx_word' id='word_1_484' title='bbox 1398 3146 1496 3209; x_wconf 87' lang='grc'><strong>48,</strong></span> <span class='ocrx_word' id='word_1_485' title='bbox 1533 3147 1650 3199; x_wconf 83' lang='grc'><strong>134.</strong></span> <span class='ocrx_word' id='word_1_486' title='bbox 1677 3174 1746 3183; x_wconf 90' lang='lat'><strong>—-</strong></span> <span class='ocrx_word' id='word_1_487' title='bbox 1769 3146 2056 3197; x_wconf 81' lang='lat' dir='ltr'><strong>Corneliam</strong></span> <span class='ocrx_word' id='word_1_488' title='bbox 2074 3146 2237 3197; x_wconf 79' lang='lat' dir='ltr'><strong>filiam</strong></span> <span class='ocrx_word' id='word_1_489' title='bbox 2259 3146 2341 3197; x_wconf 84' lang='lat' dir='ltr'><strong>Ti.</strong></span> <span class='ocrx_word' id='word_1_490' title='bbox 2421 3198 2436 3219; x_wconf 50' lang='grc' dir='ltr'><strong><em>Ι</em></strong></span> 
     </span>
    </p>
   </div>
   <div class='ocr_carea' id='block_1_13' title="bbox 1398 3214 2346 3541">
    <p class='ocr_par' dir='ltr' id='par_1_19' title="bbox 1398 3214 2346 3541">
     <span class='ocr_line' id='line_1_88' title="bbox 1401 3214 2342 3281; baseline 0.003 -16"><span class='ocrx_word' id='word_1_491' title='bbox 1401 3214 1629 3266; x_wconf 83' lang='lat' dir='ltr'><strong>Graccho</strong></span> <span class='ocrx_word' id='word_1_492' title='bbox 1649 3215 1947 3279; x_wconf 86' lang='lat' dir='ltr'><strong>collocavit,</strong></span> <span class='ocrx_word' id='word_1_493' title='bbox 1971 3216 2036 3266; x_wconf 86' lang='lat' dir='ltr'><strong>de</strong></span> <span class='ocrx_word' id='word_1_494' title='bbox 2047 3217 2158 3267; x_wconf 72' lang='lat' dir='ltr'><strong>inV.</strong></span> <span class='ocrx_word' id='word_1_495' title='bbox 2182 3216 2234 3277; x_wconf 90' lang='lat'><strong>1,</strong></span> <span class='ocrx_word' id='word_1_496' title='bbox 2254 3214 2342 3281; x_wconf 77' lang='lat'><strong>49,</strong></span> 
     </span>
     <span class='ocr_line' id='line_1_89' title="bbox 1398 3283 2346 3349; baseline 0 -15"><span class='ocrx_word' id='word_1_497' title='bbox 1398 3283 1484 3334; x_wconf 89' lang='grc'><strong>91.</strong></span> <span class='ocrx_word' id='word_1_498' title='bbox 1506 3309 1577 3321; x_wconf 88' lang='lat'><strong>-—</strong></span> <span class='ocrx_word' id='word_1_499' title='bbox 1593 3285 1966 3349; x_wconf 79' lang='lat' dir='ltr'><strong>vituperationi</strong></span> <span class='ocrx_word' id='word_1_500' title='bbox 1986 3286 2035 3334; x_wconf 93' lang='lat' dir='ltr'><strong>ei</strong></span> <span class='ocrx_word' id='word_1_501' title='bbox 2055 3284 2182 3349; x_wconf 81' lang='lat' dir='ltr'><strong>fnit,</strong></span> <span class='ocrx_word' id='word_1_502' title='bbox 2207 3285 2346 3348; x_wconf 90' lang='lat' dir='ltr'><strong>quod</strong></span> 
     </span>
     <span class='ocr_line' id='line_1_90' title="bbox 1399 3352 2345 3415; baseline 0 -14"><span class='ocrx_word' id='word_1_503' title='bbox 1399 3352 1469 3401; x_wconf 89' lang='lat' dir='ltr'><strong>M.</strong></span> <span class='ocrx_word' id='word_1_504' title='bbox 1507 3354 1690 3402; x_wconf 87' lang='lat' dir='ltr'><strong>Antius</strong></span> <span class='ocrx_word' id='word_1_505' title='bbox 1725 3352 1906 3413; x_wconf 90' lang='lat' dir='ltr'><strong>Briso,</strong></span> <span class='ocrx_word' id='word_1_506' title='bbox 1947 3354 2037 3415; x_wconf 87' lang='lat' dir='ltr'><strong>qui</strong></span> <span class='ocrx_word' id='word_1_507' title='bbox 2074 3352 2133 3401; x_wconf 91' lang='lat' dir='ltr'><strong>L.</strong></span> <span class='ocrx_word' id='word_1_508' title='bbox 2177 3353 2345 3404; x_wconf 80' lang='lat' dir='ltr'><strong>Cassii</strong></span> 
     </span>
     <span class='ocr_line' id='line_1_91' title="bbox 1400 3419 2345 3485; baseline 0.002 -16"><span class='ocrx_word' id='word_1_509' title='bbox 1400 3420 1504 3485; x_wconf 76' lang='lat' dir='ltr'><strong>legi</strong></span> <span class='ocrx_word' id='word_1_510' title='bbox 1531 3419 1831 3470; x_wconf 85' lang='lat' dir='ltr'><strong>tabellariae</strong></span> <span class='ocrx_word' id='word_1_511' title='bbox 1865 3421 1952 3470; x_wconf 89' lang='lat' dir='ltr'><strong>diu</strong></span> <span class='ocrx_word' id='word_1_512' title='bbox 1984 3422 2198 3482; x_wconf 84' lang='lat' dir='ltr'><strong>restitit,</strong></span> <span class='ocrx_word' id='word_1_513' title='bbox 2233 3424 2345 3471; x_wconf 86' lang='lat' dir='ltr'><strong>eius</strong></span> 
     </span>
     <span class='ocr_line' id='line_1_92' title="bbox 1403 3488 2346 3541; baseline 0.003 -5"><span class='ocrx_word' id='word_1_514' title='bbox 1403 3490 1704 3538; x_wconf 84' lang='lat' dir='ltr'><strong>auctoritate</strong></span> <span class='ocrx_word' id='word_1_515' title='bbox 1733 3488 1798 3539; x_wconf 88' lang='lat' dir='ltr'><strong>de</strong></span> <span class='ocrx_word' id='word_1_516' title='bbox 1826 3490 2076 3539; x_wconf 84' lang='lat' dir='ltr'><strong>sententia</strong></span> <span class='ocrx_word' id='word_1_517' title='bbox 2095 3490 2346 3541; x_wconf 86' lang='lat' dir='ltr'><strong>deductus</strong></span> 
     </span>
    </p>
   </div>
  </div>
 </body>
</html>
