2500 3850
239 142 364 204 320
454 156 519 201 L.
545 153 834 201 Poncms
858 156 928 199 M.
951 154 1011 199 F.
1034 155 1104 201 M.
1121 155 1190 201 N.
1212 153 1391 200 CATO
1416 173 1499 187 —
1520 155 1589 201 ιιι.
1618 153 1909 201 Poncms
1933 152 2139 202 CATO.

309 312 485 362 movit.
523 311 596 359 Ib.
621 336 686 345 —-
716 309 840 357 Eius
871 311 1066 371 contio,
1102 308 1174 357 Ib.
1198 309 1248 366 2,

308 384 371 443 4,
407 379 455 429 6.
495 404 561 415 --
601 380 659 427 A.
698 378 748 429 d.
784 379 868 426 111.
890 377 1016 427 Non.
1040 376 1245 437 Quintil.

313 465 357 497 a.
384 464 433 500 ιι.
466 464 509 497 c.
537 445 656 498 700.
715 446 930 497 Sufenas
951 455 998 495 et
1019 446 1139 497 Cato
1163 446 1250 495 de-

311 518 488 567 fensus
509 532 540 565 a
559 516 624 565 M.
651 514 838 566 Scauro
858 516 1103 574 absoluti,
1128 516 1248 565 Pro-

309 586 458 637 cilius
505 586 896 645 condemnatuS,
944 585 1011 633 ad
1053 586 1153 633 Att.
1195 586 1246 644 4,

313 656 396 718 15,
419 658 469 707 4.
493 685 562 695 ——
579 654 632 705 C.
655 653 774 703 Cato
797 655 910 719 lege
933 654 1077 702 Iunia
1099 660 1146 701 et
1165 651 1248 701 Li-

313 726 447 774 cinia
482 724 780 775 absolutus:
835 722 978 771 Fufia
1015 722 1246 771 absolve-

310 801 410 855 tur,
444 809 606 855 neque
647 792 873 857 patronis
909 793 1016 843 suis
1053 799 1154 841 tam
1187 791 1245 839 li-

311 864 547 913 bentibus
627 877 778 923 quam
849 861 1242 910 accusatoribus.

308 932 356 981 Is
379 939 428 980 et
446 946 558 980 cum
581 929 818 979 Cicerone
847 938 896 977 et
925 944 1038 979 cum
1063 928 1247 977 Milone

310 1003 364 1050 in
395 1000 610 1064 gratiam
645 999 822 1061 rediit,
856 998 1096 1061 Pompeio
1127 1011 1245 1045 con-

310 1069 421 1118 sule
449 1070 629 1116 iterum
659 1082 705 1115 a.
729 1082 780 1117 ιι.
803 1081 848 1117 c.
876 1066 1012 1125 699„
1052 1068 1116 1115 ad
1135 1066 1242 1115 Att.

309 1140 359 1199 4,
378 1136 458 1199 16,
481 1137 528 1185 5.
565 1137 638 1187 Ib.
661 1138 710 1189 4.
734 1135 817 1196 17,
839 1136 886 1185 2.

238 1206 308 1259 L.
330 1202 564 1255 Porcius
584 1204 662 1253 M.
684 1202 746 1251 F.
770 1201 847 1251 M.
870 1202 937 1253 N.
969 1202 1107 1252 Cato
1127 1218 1246 1251 con-

311 1274 390 1325 sul
420 1290 464 1323 e.
493 1290 544 1323 ιι.
569 1290 613 1323 c.
637 1272 756 1323 665.
807 1272 857 1319 in
884 1272 1083 1338 proelio
1111 1274 1243 1321 occi-

311 1360 398 1395 sus
419 1351 523 1407 est,
567 1359 659 1409 pro
686 1343 892 1393 Fonteio
915 1343 996 1402 15,
1023 1341 1107 1393 33.

242 1415 306 1468 L.
323 1412 611 1479 †Porcius
631 1408 854 1463 Nasica.
891 1412 1012 1461 Eius
1039 1411 1245 1470 dictum,

313 1485 375 1533 de
396 1491 522 1535 orat.
543 1485 592 1544 2,
613 1482 697 1542 64,
724 1480 843 1533 260.
1141 1536 1146 1539 ,

241 1551 321 1605 Μ.
347 1550 583 1602 Porcius
611 1550 750 1599 Cato
781 1550 868 1599 ille
899 1551 950 1598 in
981 1550 1118 1597 omni
1147 1548 1247 1597 vir-

308 1628 415 1669 tute
445 1621 707 1683 princepS‚
739 1617 961 1668 Tusculo
985 1618 1246 1676 oriunduS,

309 1704 400 1753 pro
421 1688 623 1737 Plancio
647 1686 707 1749 8,
739 1684 827 1736 20.
876 1714 941 1721 -
981 1688 1100 1736 Cato
1139 1694 1248 1735 ortu

309 1755 626 1805 Tusculanus
647 1790 661 1815 ,
717 1756 921 1805 civitate
971 1755 1245 1815 Romanus,

307 1825 489 1875 habuit
523 1826 732 1873 alteram
763 1823 860 1873 loci
897 1824 1132 1887 patriam,
1175 1822 1249 1871 al-

309 1902 472 1944 teram
511 1891 637 1945 iur'is
658 1930 673 1957 ,
721 1893 786 1943 de
808 1892 907 1959 leg.
937 1892 990 1957 2,
1020 1894 1068 1954 2,
1108 1892 1157 1944 5.
1179 1919 1246 1928 -

309 1963 468 2014 Nemo
501 1965 568 2015 M.
601 1963 677 2012 illi
700 1961 876 2012 Catoni
914 1965 1051 2025 seni,
1091 1977 1245 2025 quum

308 2033 561 2098 plurimos
580 2033 791 2083 haberet
811 2033 1071 2094 inimicos,
1106 2031 1243 2079 obie-

311 2105 379 2150 cit
409 2117 676 2165 umquam,
719 2115 834 2149 eum
869 2115 981 2149 esse
1017 2101 1246 2164 peregri-

308 2185 456 2230 num,
491 2185 584 2234 pro
607 2167 748 2218 Sulla
769 2170 817 2228 7,
839 2169 924 2220 23.
947 2195 1012 2204 —-
1032 2169 1100 2218 M.
1125 2167 1246 2217 Cato

309 2238 608 2300 Censorius,
645 2236 798 2286 homo
836 2239 1039 2302 ignotus
1075 2244 1123 2286 et
1156 2251 1245 2286 no—

309 2324 432 2372 vus,
472 2322 570 2371 quo
610 2319 811 2365 omneS,
849 2307 935 2368 qui
958 2306 1136 2356 iisdem
1167 2320 1246 2354 re-

307 2378 403 2428 bus
440 2377 701 2427 studemus
725 2415 738 2440 ,
785 2377 928 2440 quasi
967 2375 1248 2440 exemplari

307 2451 378 2499 ad
407 2448 708 2497 industriam
740 2447 1076 2508 virtutemque
1105 2445 1245 2494 duci-

307 2533 440 2566 mur.
515 2519 570 2566 In
602 2517 752 2568 undis
787 2523 834 2565 et
864 2514 1246 2582 tempestatibus

315 2586 501 2635 maluit·
530 2587 705 2635 iactari
741 2600 891 2647 quam
912 2587 964 2634 in
991 2586 1093 2635 otio
1111 2591 1246 2631 tran-

305 2655 594 2716 'quilissime
614 2655 785 2702 vivere
805 2651 1026 2710 Tusculi,
1047 2651 1110 2700 de
1129 2669 1171 2702 r.
1193 2667 1244 2716 p.

313 2723 361 2783 1,
386 2722 434 2778 1,
457 2721 503 2768 1.
527 2747 594 2756 —-
617 2721 683 2771 M.
708 2719 848 2777 Cato,
875 2718 1026 2768 homo
1047 2722 1246 2784 sapien-

310 2789 540 2837 tissimus
561 2794 608 2836 et
627 2787 1062 2850 vigilantissimuS,
1090 2804 1246 2851 quum

315 2873 369 2906 se
406 2857 619 2917 virtute,
660 2869 758 2903 non
795 2870 1011 2919 genere,
1054 2858 1245 2922 populo

310 2926 460 2976 Rom.
482 2923 822 2974 commendari
840 2930 1058 2988 putaret,
1091 2941 1245 2988 quum

305 2997 424 3061 ipse
444 2995 524 3043 sui
552 2992 751 3058 generis
781 2993 980 3042 initium
1000 3008 1058 3043 ac
1083 2997 1246 3044 nomi-

307 3066 388 3114 nis
425 3064 486 3112 ab
517 3077 571 3110 se
601 3061 744 3126 gigni
777 3070 824 3112 et
843 3065 1117 3129 propagari
1139 3065 1242 3114 vel-

307 3133 378 3182 let
399 3169 412 3192 ,
467 3130 725 3180 hominum
776 3133 1242 3196 potentissimorum

306 3201 534 3264 suscepit
574 3200 868 3252 inimicitias
907 3209 957 3252 et
1003 3205 1240 3254 maximis

310 3269 568 3320 laboribus
598 3285 758 3332 usque
786 3273 850 3321 ad
887 3287 1136 3322 summam
1161 3290 1241 3323 se-

304 3343 557 3386 nectutem
599 3353 799 3390 summa
828 3355 942 3390 cum
971 3341 1136 3406 gloria
1165 3344 1240 3390 vi-

305 3405 400 3463 xit,
423 3405 468 3452 V
471 3420 568 3454 err.
597 3416 816 3458 accusat.
837 3410 888 3474 5,
912 3408 996 3474 70,
1027 3410 1142 3460 180.
1171 3438 1241 3448 -

1391 308 1537 358 Αιιιιο
1562 316 1679 371 post
1715 310 1890 358 consul
1916 297 2143 377 primum
2166 308 2329 357 fuerat

1391 378 1447 436 Q.
1481 379 1663 427 Fabius
1700 377 1993 437 Cunctator,
2032 392 2191 439 quam
2233 392 2327 441 ego

1389 453 1536 495 natus
1574 462 1687 495 sum
1725 462 1770 499 a.
1802 462 1853 499 u,
1883 463 1924 498 c.
1946 446 2070 498 530.
2120 444 2250 495 Cum
2270 446 2325 503 Q.

1389 516 1542 565 Fabio
1556 515 1854 564 Cunctatore
1874 523 2105 578 quartum
2119 515 2327 563 consule

1392 598 1439 637 a.
1459 600 1566 633 u.c.
1582 584 1703 637 540.
1737 584 2149 634 adolescentulus
2180 585 2325 633 miles

1390 654 1454 702 ad
1477 651 1697 717 Capuam
1727 654 1981 717 profectus
2018 660 2097 701 est
2129 656 2328 713 quinto-

1388 738 1484 785 que
1504 737 1636 772 anno
1657 724 1849 787 postad
1860 722 2135 771 Tarentum
2148 738 2196 771 a.
2215 738 2266 770 u.
2282 739 2323 775 c.

1388 791 1529 849 545„
1544 799 1782 853 quaestor
1794 792 1979 842 deinde
1991 791 2322 853 quadriennio

1386 868 1503 925 post
1520 875 1565 908 a.
1579 876 1631 909 ιι.
1654 876 1697 909 c.
1714 860 1835 911 549.
1868 861 2053 909 Factus
2068 868 2165 919 est,
2182 876 2324 921 quem

1386 929 1739 993 magistratum
1756 930 1913 993 gessit
1926 943 2058 979 coss.
2074 928 2322 979 Tuditano

1389 1008 1436 1047 ct
1456 997 1679 1063 Cethego
1698 1014 1746 1048 a.
1762 1013 1813 1046 u.
1837 1014 1879 1047 c.
1904 997 2048 1057 550„
2071 999 2137 1047 de
2158 1012 2261 1047 sen.
2276 1000 2319 1057 4,

1390 1067 1469 1117 10.
1502 1094 1568 1102 —-
1596 1067 1744 1117 Miles
1777 1067 1906 1117 bello
1926 1067 2119 1116 Punico
2144 1082 2190 1119 a.
2213 1082 2261 1115 u.
2283 1084 2319 1116 c.

1388 1136 1529 1197 540„
1544 1144 1779 1197 quaestor
1796 1138 1972 1187 eodem
1990 1135 2129 1185 bello
2150 1152 2199 1188 a.
2217 1152 2267 1188 ιι.
2280 1152 2317 1185 c.

1388 1202 1527 1265 550„
1548 1206 1722 1256 consul
1745 1221 1790 1256 a.
1807 1222 1859 1258 u.
1878 1205 2050 1259 o.559.
2078 1206 2133 1253 in
2146 1205 2319 1269 Hispa-

1387 1276 1487 1331 nia,
1502 1275 1830 1336 quadriennio
1850 1280 1966 1339 post
1992 1288 2040 1321 a.
2062 1290 2115 1322 u.
2140 1290 2185 1324 c.
2204 1273 2318 1325 563.

1389 1344 1620 1392 tribunus
1664 1344 1772 1395 mil.
1824 1344 2140 1407 depugnavit
2194 1346 2323 1407 apud

1387 1411 1751 1476 Thermopylas
1764 1413 2007 1461 adversus
2018 1412 2323 1461 Antiochum

1391 1482 1473 1529 Μ’.
1519 1482 1685 1531 Acilio
1743 1480 2013 1531 Glabrione
2068 1496 2179 1532 cos,
2199 1517 2212 1541 ,
2266 1482 2323 1529 de

1389 1564 1496 1598 sen.
1535 1549 1629 1611 10,
1658 1551 1742 1602 32.
1766 1577 1831 1585 -
1854 1552 1911 1599 In
1930 1548 2062 1599 bello
2084 1565 2201 1597 cum
2222 1551 2323 1598 An-

1387 1619 1555 1669 tiocho
1591 1627 1769 1683 geste,
1810 1621 1860 1670 in
1891 1618 2029 1681 quod
2064 1634 2181 1667 cum
2222 1618 2324 1669 Sci-

1388 1690 1543 1753 pione
1580 1695 1657 1736 est
1694 1688 1980 1753 profectuS,
2015 1689 2181 1737 virtus
2221 1690 2322 1737 eni-

1387 1758 1481 1805 tuit
1518 1758 1726 1821 egregia
1748 1757 1815 1805 Μ.
1840 1757 2068 1820 CatoniS,
2102 1772 2199 1820 pro
2220 1757 2323 1805 Mu-

1386 1840 1507 1875 rena
1532 1827 1622 1885 14,
1647 1826 1734 1878 32.
1754 1851 1827 1862 —
1849 1826 1915 1878 Μ.
1944 1824 2065 1875 Cato
2091 1833 2325 1888 quaestor

1388 1895 1457 1944 M.
1496 1892 1725 1945 Cornelio
1758 1894 1977 1960 Cethego
2010 1904 2061 1943 et
2089 1894 2146 1943 P.
2183 1894 2324 1946 Sem-

1384 1967 1566 2028 pronio
1586 1965 1838 2014 Tuditano
1862 1978 1966 2017 cos,
1990 1980 2037 2013 a.
2059 1981 2109 2014 u.
2135 1981 2181 2013 c.
2208 1965 2322 2016 550.

1386 2034 1533 2082 annis
1554 2032 1698 2083 CXL.
1734 2040 1847 2082 ante
1879 2032 2175 2084 Ciceronem
2210 2049 2325 2084 con·

1388 2102 1547 2152 sulem
1561 2138 1574 2162 ,
1601 2111 1657 2152 ut
1675 2118 1739 2152 ex
1757 2102 1905 2152 Ennii
1923 2103 2216 2152 testimonio
2247 2119 2326 2152 co-

1387 2173 1585 2236 gnitum
1601 2180 1694 2231 est,
1709 2171 1848 2223 Brut.
1866 2171 1950 2232 50,
1968 2171 2325 2239 15.—M.Go‚r-

1386 2241 1577 2290 nelium
1613 2239 1891 2305 Cethegum
1920 2249 2221 2291 consecutus
2254 2249 2327 2290 est

1386 2317 1547 2360 aetate
1593 2309 1746 2370 Cato,
1783 2310 1871 2371 qui
1911 2312 2059 2359 annis
2089 2311 2180 2358 IX.
2213 2317 2327 2376 post

1388 2394 1502 2428 eum
1522 2378 1619 2428 fuit
1638 2379 1812 2428 consul
1833 2393 1880 2428 a.
1904 2395 1955 2428 u.
1980 2395 2024 2428 c.
2048 2379 2169 2430 559.
2216 2394 2325 2428 cum

1386 2448 1445 2500 L.
1464 2447 1667 2496 Valerio
1685 2447 1899 2505 Flac003
1936 2463 2118 2498 censor
2154 2447 2253 2497 fuit
2279 2463 2322 2498 a.

1388 2531 1438 2566 u.
1460 2514 1673 2578 0.·570.,
1710 2517 1851 2566 Brut.
1874 2517 1957 2580 15,
1977 2517 2063 2570 60.
2084 2543 2151 2552 -
2180 2518 2324 2566 ‘Eum

1387 2600 1481 2635 nos
1501 2593 1556 2634 ut
1580 2593 1893 2649 perveterem
1922 2584 2201 2651 habemus,
2242 2588 2324 2648 qui

1385 2656 1447 2705 L.
1462 2654 1648 2704 Marcio
1676 2655 1757 2704 Μ’.
1773 2654 1980 2704 Manilio
1996 2670 2130 2707 coss
2148 2671 2197 2704 a.
2214 2672 2266 2707 u.
2282 2671 2321 2703 c.

1386 2721 1507 2774 605.
1532 2731 1758 2775 mortuus
1774 2731 1867 2784 est,
1882 2727 2027 2774 annis
2039 2723 2319 2774 LXXXVI.

1385 2793 1515 2858 ipsis
1545 2799 1659 2842 ante
1691 2809 1771 2842 me
1791 2793 2101 2853 consulem’,
2139 2794 2215 2843 lb.
2243 2794 2321 2856 15,

1386 2861 1471 2917 61.
1491 2889 1560 2897 —
1580 2863 1767 2912 Consul
1800 2863 1899 2912 fuit
1926 2878 1972 2911 a.
2008 2880 2060 2914 u.
2098 2879 2145 2913 c.
2184 2863 2320 2918 559„

1388 2945 1565 2980 censor
1597 2947 1641 2981 a.
1674 2949 1724 2982 ιι.
1764 2947 1805 2982 c.
1834 2932 1988 2993 570„
2030 2933 2093 2982 de
2131 2946 2239 2981 sen.
2271 2930 2317 2993 6,

1386 2999 1467 3050 19.
1490 3026 1557 3036 —
1575 2999 1641 3052 M.
1668 3001 1787 3051 Cato
1807 3007 2034 3065 tempore
2056 3000 2181 3051 belli
2206 3014 2321 3050 con-

1384 3077 1458 3118 tra
1490 3069 1678 3119 Persen
1708 3070 1947 3136 princeps
1981 3071 2231 3130 civitatiS,
2264 3069 2322 3118 de

1382 3153 1433 3189 n.
1458 3140 1507 3188 d.
1534 3137 1594 3203 3,
1623 3140 1673 3205 5,
1700 3140 1782 3193 11.
1806 3166 1873 3176 ——
1892 3137 2004 3190 Ser.
2028 3137 2235 3190 Galbam
2256 3137 2317 3185 M.

1384 3207 1561 3258 Catoni
1593 3209 1899 3259 incumbenti
1922 3209 1987 3259 ad
2013 3210 2123 3258 eius
2152 3207 2321 3272 perni-

1382 3279 1509 3326 ciem
1531 3278 1752 3342 populus
1776 3279 2034 3328 Romanus
2057 3279 2246 3342 eripuit
2272 3290 2315 3322 a.

1380 3361 1432 3392 u.
1458 3361 1499 3393 c.
1526 3345 1665 3406 605.,
1688 3360 1781 3412 pro
1802 3347 1926 3396 Mur.
1951 3347 2036 3408 28,
2065 3345 2149 3400 59.
2172 3345 2317 3392 -Μι

1383 3410 1501 3462 Cato
1544 3413 1633 3464 ille
1676 3413 1921 3480 SapienS,
1977 3431 2093 3468 cum
2146 3413 2320 3466 multis
