2500 3850
434 197 504 246 L.
535 197 738 246 eorm.
763 199 828 244 L.
853 199 914 245 F.
940 199 1143 247 LENT.
1175 221 1246 229 -
1275 202 1339 251 P.
1364 199 1569 248 corut.
1592 201 2191 254 LENT.,SP1NTHER.
2240 194 2351 257 101

247 351 324 406 Ia.
348 350 647 411 Cornelius
671 352 735 402 L.
768 351 832 402 10¹.
855 352 1124 405 Lentulus
1141 391 1156 415 ‚
1189 355 1279 404 ssa-

329 423 487 471 minis
517 421 652 472 filius
671 457 684 480 ,
719 437 749 470 a
778 424 948 473 Vettio
967 423 1134 472 indice
1153 439 1199 472 a.
1221 439 1273 477 u.

277 514 283 520 ·
329 508 378 544 c.
418 489 540 542 695.
573 490 936 541 coniurationis
973 493 1025 540 in
1059 493 1277 558 Pompe-

325 562 439 608 ium
474 559 825 622 insimulatus,
861 560 922 610 ad
960 561 1064 612 Att.
1097 563 1158 624 2,
1187 563 1273 626 24,

327 631 382 678 2.
408 653 480 667 -ι-
499 627 576 678 De
597 629 861 679 maiestate
893 631 1176 694 postulavit
1205 629 1269 682 A.

326 697 600 747 Gabinium
623 712 670 747 a.
695 714 738 747 c.
769 714 814 748 c.
839 697 989 762 700.‚
1023 699 1090 748 ad
1116 699 1177 758 Q.
1203 698 1269 751 fr.

324 767 379 830 3,
405 766 454 828 1,
479 767 531 816 5.
551 769 598 828 ἕ.
623 767 707 820 15.
724 766 1046 818 —Gabinius
1068 767 1273 818 absolu-

324 843 410 885 tus
437 843 531 884 est.
570 834 785 886 Omnino
820 835 948 885 nihil
978 844 1272 888 accusatore

322 902 542 955 Lentulo
563 905 1088 969 subscriptoribusque
1107 905 1271 956 infan-

321 973 555 1035 tius,1b.
587 973 637 1032 3,
658 976 710 1038 4,
743 973 792 1023 1.
821 975 1034 1025 —Eius
1054 975 1271 1024 incredi-

321 1042 446 1091 bilis
468 1041 700 1106 infantia,
723 1044 879 1092 immo
901 1045 1269 1108 praevaricatio

322 1113 376 1159 in
411 1113 699 1162 accusando
727 1113 789 1162 A.
829 1111 1042 1162 Gabinio
1073 1128 1120 1162 a.
1142 1128 1195 1162 u.
1219 1128 1263 1167 c.

323 1177 476 1243 700.,
501 1180 567 1229 ad
587 1183 688 1230 Att.
708 1182 760 1245 4,
785 1181 867 1244 16,
891 1180 942 1233 9.

245 1247 314 1300 Ιι.
347 1245 646 1299 Cornelius
666 1249 962 1314 Lentulus,
993 1259 1195 1314 praetor
1213 1267 1261 1304 a.

321 1333 374 1366 u.
401 1333 443 1366 c.
479 1319 598 1370 710.
615 1356 630 1382 ,
651 1318 876 1384 Philipp.
897 1320 930 1372 3
946 1355 959 1380 ‚
986 1320 1067 1380 10,
1089 1321 1174 1370 25.
1199 1348 1267 1356 -—

320 1386 380 1439 L.
407 1387 654 1438 Lentulus
687 1388 958 1454 proconsul
989 1389 1267 1452 Hispaniae

317 1471 368 1509 a.
395 1473 447 1505 u.
471 1471 515 1508 c.
538 1457 676 1523 711„
699 1458 765 1507 ad
789 1457 911 1510 fam.
937 1456 1019 1512 10,
1045 1457 1128 1519 32,
1151 1458 1205 1510 3.

244 1522 318 1574 P.
355 1523 650 1578 Cornelius
674 1525 946 1577 Lentulus
980 1524 1267 1578 Caudinus

321 1597 503 1648 consul
521 1613 568 1652 a.
591 1613 643 1646 u.
666 1613 711 1650 e.
735 1596 855 1646 518.
871 1631 887 1659 ,
908 1596 1046 1648 Brut.
1073 1595 1155 1658 19,
1177 1597 1263 1646 77.

240 1664 314 1716 P.
365 1663 661 1717 Cornelius
700 1663 1002 1728 Lentulus,
1040 1679 1168 1715 avus
1205 1663 1264 1713 P.

317 1733 520 1784 Lentuli
547 1735 704 1786 Surae
741 1735 1054 1796 Catilinarii,
1086 1735 1289 1786 consul.

287 1811 292 1816 '
317 1803 562 1854 suffectus
583 1821 697 1855 cum
721 1803 1047 1859 Cn.Dornitio
1062 1804 1265 1854 Aheno-

317 1873 481 1926 barbo
501 1889 546 1922 a.
569 1889 622 1923 u.
653 1890 698 1923 c.
723 1875 842 1927 592.
863 1909 878 1937 ,
912 1875 1154 1941 princeps
1182 1889 1263 1925 se-

317 1952 488 2005 natus»,
512 1944 665 1993 vitam
683 1945 926 2009 produxit
943 1961 1105 2008 usque
1125 1946 1191 1995 ad
1210 1960 1261 1994 a.

317 2028 370 2061 u.
394 2029 436 2061 c.
467 2011 618 2077 633„
653 2028 752 2075 quo
781 2015 834 2061 in
857 2013 1075 2063 tumultu
1106 2012 1265 2063 Grac-

316 2080 480 2131 chano
509 2084 798 2133 vulneratus
827 2098 922 2132 nec
952 2083 1108 2132 multo
1147 2088 1263 2147 post

315 2158 548 2201 mortuus
578 2160 672 2201 est.
703 2178 774 2190 -
803 2150 858 2204 P.
891 2152 1164 2212 Lentulus,
1195 2152 1261 2211 is,

316 2220 406 2282 qui
425 2221 664 2286 princeps
682 2227 884 2271 senatus
905 2220 1004 2270 fuit
1017 2256 1032 2283 ,
1054 2234 1262 2270 accusa-

313 2290 390 2338 vit
410 2290 496 2338 Μ’.
519 2290 781 2353 Aquilium
803 2290 1025 2355 (patrem
1041 2326 1055 2350 ‚
1079 2304 1185 2342 eos,
1209 2304 1257 2338 a.

312 2374 365 2407 u.
400 2374 443 2407 c.
477 2357 626 2423 625.)
659 2360 1002 2423 subscriptore
1035 2358 1090 2409 C.
1115 2357 1261 2409 Ruti-

315 2428 388 2476 lio
422 2426 592 2491 Rufo,
631 2428 846 2479 divinat.
885 2429 938 2475 in
971 2428 1030 2487 Q.
1067 2426 1257 2479 Caecil.

314 2496 405 2557 21,
427 2495 513 2551 69.
537 2524 596 2533 -—
618 2496 714 2547 Rei
730 2496 872 2563 publ.
890 2503 1053 2546 rector
1071 2504 1120 2545 et
1137 2509 1261 2547 con-

315 2563 422 2614 silii
460 2566 656 2631 publici
695 2573 896 2631 auctor,
938 2565 1002 2615 de
1039 2570 1168 2615 orat.
1207 2564 1258 2625 1,

312 2633 385 2684 48
447 2636 567 2685 211.
601 2662 668 2671 -—
701 2634 773 2685 De
811 2636 920 2685 eius
953 2633 1259 2697 eloquentia,

311 2671 590 2764 Bm,
632 2703 750 2757 108.
785 2732 856 2743 -
897 2702 951 2756 Ρ.
997 2700 1261 2762 Lentulus,

313 2773 558 2837 princeps
593 2781 822 2834 senatus,
862 2772 926 2822 de
952 2786 1078 2838 agro
1110 2770 1261 2829 'Cam-

311 2855 452 2905 pano
483 2842 607 2903 quid
635 2841 1030 2901 renunciaverit,
1063 2842 1127 2893 de
1145 2840 1261 2905 lege

313 2923 426 2974 agr.
445 2910 496 2970 2,
511 2908 596 2974 30,
613 2910 702 2963 82.
717 2911 852 2961 -Ρ.
871 2910 1134 2969 LentuluS,
1154 2909 1262 2959 cla-

311 2979 552 3029 rissimus
592 2980 701 3037 vir,
749 2986 971 3030 armatus
1011 2978 1064 3028 C.
1107 2977 1261 3029 Grac-

316 3045 470 3096 chum
507 3055 586 3097 est
621 3056 948 3112 persecutus;
979 3048 1066 3097 ille
1106 3048 1263 3099 etiam

314 3129 473 3180 grave
487 3124 596 3166 tum
616 3116 800 3168 vulnus
819 3118 1032 3181 accepit,
1055 3131 1119 3165 ne
1137 3116 1263 3179 quid

315 3185 383 3233 de
419 3200 622 3236 summa
655 3202 711 3237 re
747 3187 890 3252 publ.
930 3188 1258 3249 minueretur,

314 3254 370 3300 in
394 3252 544 3307 Catil.
567 3255 629 3316 4,
655 3254 688 3305 6
707 3290 721 3313 ‚
756 3254 838 3305 13.
877 3254 1102 3319 Philipp.
1123 3255 1185 3319 8,
1205 3256 1260 3314 4,

317 3321 402 3375 14.
426 3349 492 3359 -
517 3322 778 3375 Cornelius
797 3325 1039 3374 Lentulus
1060 3337 1187 3375 avus
1202 3322 1259 3373 P.

313 3390 518 3457 Lentuli
539 3389 695 3441 Surae
711 3428 728 3455 ,
751 3391 897 3445 Catil.
922 3394 975 3453 4,
991 3391 1044 3449 6,
1068 3391 1153 3443 13.

239 3454 310 3507 P.
344 3456 644 3535 Cornelius
667 3460 939 3511 Lentulus
971 3458 1259 3524 Spinther,

1420 355 1607 405 aedilis
1628 370 1675 404 a.
1697 373 1750 407 ιι.
1770 374 1815 410 c.
1834 359 1951 410 691.
1992 359 2201 410 Praetor
2216 361 2358 423 694„

1416 423 1720 490 Propraetor
1737 425 2012 493 Hispaniae
2041 429 2289 480 citerioris
2310 445 2357 481 a.

1418 507 1472 542 ιι.
1494 508 1537 542 c.
1560 491 1683 547 695.
1726 495 1841 548 Cos,
1866 511 1913 545 a.
1940 512 1989 545 u.
2017 512 2061 546 c.
2082 495 2200 549 697.
2236 497 2361 548 Pro-

1417 575 1521 612 cos.
1548 561 1753 612 Ciliciae
1774 579 1821 613 a.
1847 579 1895 614 u.
1918 581 1964 614 c.
1984 563 2277 619 698—-700,
2303 569 2359 616 In

1414 629 1513 680 hoc
1564 632 1782 696 imperio
1835 633 2202 701 Ptolemaeum,
2258 637 2359 686 Ae·

1415 699 1562 764 gypti
1580 714 1755 764 regem
1769 737 1783 762 ,
1805 701 1868 751 ab
1887 702 2249 753 Alexandrinis
2270 719 2359 754 ex-

1412 767 1619 832 pulsum
1641 770 1884 821 reducere
1906 771 2133 834 volebat,
2169 788 2269 836 qua
2295 773 2358 824 de

1414 851 1570 888 causa
1604 840 1765 888 variis
1803 839 2073 892 calumniis
2104 843 2193 891 diu
2228 843 2356 892 mul-

1411 915 1618 970 tumque
1647 909 1697 957 in
1716 917 1895 959 senatu
1912 911 2104 978 agitata
2124 917 2265 967 sunt,
2290 912 2356 961 ad

1410 974 1533 1026 fam.
1555 975 1670 1026 libri
1690 978 1846 1043 primi
1864 993 1947 1044 ep.
1977 979 2128 1032 1—6.
2152 981 2353 1045 ‚partim

1410 1046 1559 1094 etiam
1584 1061 1661 1111 ep.
1694 1049 1723 1096 7
1753 1054 1802 1097 et
1826 1045 1876 1097 8.
1908 1075 1974 1084 -—
2002 1049 2079 1098 De
2108 1049 2219 1098 eius
2249 1047 2356 1100 elo-

1410 1115 1640 1180 quentia,
1676 1115 1817 1164 Brut.
1854 1117 1949 1177 77,
1980 1117 2099 1170 268.
2132 1144 2199 1154 -
2227 1117 2353 1169 Eius

1409 1183 1645 1235 aedilitas
1684 1185 2184 1250 magnificentissima
2219 1201 2266 1236 a.
2297 1204 2350 1236 u.

1408 1266 1453 1301 c.
1476 1251 1595 1303 691.
1622 1268 1795 1304 omnes
1811 1255 1935 1304 vicit
1956 1256 2264 1322 superioreS,
2289 1256 2354 1305 de

1409 1320 1494 1369 off.
1516 1321 1568 1380 2,
1598 1321 1682 1382 16,
1704 1323 1788 1372 57.
1810 1349 1878 1358 -
1898 1323 2104 1373 Praetor
2122 1324 2220 1372 t'uit
2236 1339 2351 1372 curn

1406 1388 1630 1439 Domitio
1648 1427 1662 1451 ‚
1683 1389 1919 1455 Nigidio,
1941 1390 2197 1454 Memmio,
2223 1392 2353 1442 Len-

1407 1457 1515 1507 tulo
1535 1472 1582 1508 a.
1609 1474 1659 1507 u.
1694 1475 1738 1508 c.
1768 1457 1889 1511 695.
1924 1460 2120 1509 amicus
2154 1459 2352 1510 Cicero-

1407 1527 1506 1592 niS,
1531 1527 1596 1576 ad
1615 1526 1675 1585 Q.
1698 1525 1765 1580 fr.
1791 1528 1839 1593 1,
1861 1527 1913 1593 2,
1934 1528 1984 1581 5.
2007 1530 2057 1592 S.
2082 1529 2165 1580 15.
2190 1527 2256 1578 cl.
2280 1530 2348 1578 ib.

1410 1595 1458 1653 1,
1487 1599 1539 1656 4,
1570 1597 1622 1646 5.
1656 1597 1729 1646 Ib.
1762 1598 1811 1656 2,
1842 1597 1892 1660 2,
1927 1596 1973 1646 1.
2014 1611 2087 1635 —'
2110 1597 2267 1648 Totus
2298 1599 2351 1646 in

1406 1663 1638 1730 Pompeii
1656 1673 1937 1732 potestate,
1966 1667 2031 1716 ad
2051 1667 2156 1719 Att.
2178 1665 2239 1727 3,
2262 1669 2348 1726 22,

1405 1735 1456 1788 2.
1497 1735 1573 1786 lb.
1602 1734 1658 1799 3,
1691 1734 1788 1798 23,
1812 1735 2054 1796 1.1b.3‚
2088 1738 2184 1799 24,
2206 1737 2257 1789 2.
2281 1762 2350 1774 —-

1404 1803 1461 1857 P.
1484 1803 1725 1854 Lentulus
1758 1819 1863 1855 cos.
1897 1804 2195 1870 designatus
2224 1821 2269 1856 a.
2292 1823 2345 1858 u.

1406 1889 1450 1923 c.
1491 1872 1612 1928 696.
1662 1873 1920 1929 Ciceronis
1956 1875 2217 1925 studiosus
2228 1910 2247 1935 ,
2282 1874 2349 1922 ad

1404 1944 1527 1998 fam.
1554 1944 1637 2007 14,
1661 1944 1708 2009 1,
1731 1945 1782 1994 2.
1802 1969 1876 1981 —-
1895 1942 2081 1993 Consul
2114 1951 2161 1993 et
2179 1944 2348 2008 ponti-

1402 2011 1493 2063 fex
1512 2028 1557 2062 a.
1580 2029 1633 2062 ιι.
1656 2028 1700 2063 c.
1723 2011 1865 2073 697..
1892 2011 1955 2061 de
1972 2012 2183 2077 harusp.
2204 2026 2343 2078 resp.

1403 2083 1456 2148 6,
1481 2082 1564 2133 12.
1588 2107 1650 2117 -
1667 2080 1867 2145 Optime
1886 2082 2096 2133 meritus
2118 2082 2181 2131 de
2201 2096 2347 2131 revo-

1402 2151 1565 2202 cando
1587 2150 1848 2213 Cicerone,
1872 2166 1965 2216 pro
1994 2150 2126 2205 Sest.
2149 2151 2233 2212 32,
2258 2150 2343 2201 70.

1402 2221 1475 2269 Ib.
1498 2218 1585 2280 33,
1608 2220 1691 2269 72.
1712 2220 1854 2267 —In
1876 2220 2045 2271 Pison.
2066 2220 2152 2279 15,
2172 2219 2260 2271 34.
2277 2244 2347 2255 —

1399 2304 1495 2354 pro
1508 2287 1639 2337 Sest.
1663 2288 1747 2353 50,
1774 2284 2177 2339 107.—-'Consul
2200 2302 2347 2352 egre-

1400 2358 1518 2423 gius
1534 2356 1797 2419 Lentulus,
1819 2356 1885 2405 ad
1902 2357 1961 2414 Q.
1976 2355 2042 2408 fr.
2059 2357 2110 2415 2,
2124 2358 2160 2404 4
2173 2354 2273 2418 (6),
2289 2356 2342 2405 4.

1400 2450 1469 2461 —-
1512 2425 1729 2488 Rogatio
1784 2424 2059 2473 tribunicia
2098 2422 2347 2473 adversus

1400 2509 1515 2545 eum
1546 2492 1675 2555 lata,
1711 2506 1804 2558 pro
1828 2491 1960 2541 Sest.
1983 2489 2077 2551 69,
2108 2490 2227 2543 144.
2268 2491 2342 2543 Ib.

1386 2558 1486 2621 69,
1509 2561 1627 2611 147.
1648 2588 1711 2599 —-—
1736 2561 1859 2611 Eius
1879 2560 2085 2623 laudes,
2116 2575 2211 2625 pro
2236 2560 2345 2613 Mil.

1405 2632 1488 2691 15,
1512 2628 1599 2680 39.
1638 2639 1757 2697 post
1776 2631 1881 2680 red.
1905 2630 1957 2685 in
1976 2642 2087 2680 sen.
2110 2629 2161 2691 3,
2183 2632 2235 2684 5.
2270 2630 2344 2679 lb.

1399 2703 1449 2762 4,
1472 2699 1525 2753 8.
1550 2700 1621 2748 Ib.
1648 2700 1731 2760 11,
1752 2701 1837 2753 27.
1860 2706 1977 2763 post
1992 2699 2099 2750 red.
2122 2700 2187 2750 ad
2202 2700 2343 2760 Quir.

1401 2774 1451 2832 5,
1474 2769 1559 2820 11.
1597 2769 1667 2819 Ib.
1692 2768 1741 2828 6,
1767 2768 1832 2820 16
1859 2776 1953 2820 cet.
1990 2768 2053 2819 de
2083 2769 2232 2819 domo
2253 2782 2347 2817 sua

1400 2840 1451 2898 3,
1474 2838 1522 2887 7.
1542 2838 1702 2888 -Ib.
1732 2839 1814 2899 12,
1836 2836 1921 2891 30.
1949 2840 2025 2889 Ib.
2046 2839 2133 2899 27,
2158 2838 2242 2889 70.
2268 2837 2343 2886 Ib.

1402 2907 1487 2969 28,
1512 2906 1597 2959 75.
1634 2908 1700 2957 ad
1728 2907 1851 2957 fam.
1886 2906 1918 2957 3
1935 2944 1951 2973 ,
1973 2909 2033 2967 7,
2056 2907 2105 2957 5.
2137 2933 2203 2943 —-
2222 2906 2345 2954 Eius

1400 2976 1691 3041 triumphus
1722 2992 1787 3027 ex
1816 2975 2023 3034 Cilicia,
2056 2975 2123 3022 ad
2156 2976 2260 3023 Att.
2292 2974 2344 3033 5,

1402 3046 1489 3112 21,
1508 3050 1559 3099 4.
1580 3070 1643 3111 ·-.
1668 3045 1791 3095 Eius
1810 3044 1895 3095 lex
1913 3041 2244 3109 provincialis
2264 3040 2343 3091 Ci-

1402 3114 1551 3165 liciae
1580 3114 1725 3176 data,
1764 3113 1830 3163 ad
1863 3112 1985 3163 fam.
2026 3110 2121 3170 13,
2156 3109 2243 3159 48.
2274 3135 2367 3153 —-.

1390 3184 1746 3234 ¹Ptolemaeum
1779 3182 1832 3229 in
1862 3193 2075 3245 regnum
2104 3180 2343 3228 reducere

1402 3250 1666 3317 cupiebatt
1700 3249 1823 3311 quid
1844 3264 1905 3299 ea
1923 3248 1987 3297 de
2014 3262 2070 3296 re
2090 3254 2257 3297 actum
2278 3248 2344 3295 sit

1402 3322 1457 3370 in
1478 3324 1656 3370 senatu
1690 3318 1825 3366 circa
1854 3316 2017 3367 x1111.
2047 3314 2157 3365 Kal.
2193 3315 2340 3365 Febr.

1403 3405 1451 3439 a.
1474 3404 1527 3439 u.
1551 3402 1595 3436 c.
1617 3384 1739 3438 698.
1756 3424 1771 3447 ,
1799 3387 1865 3437 ad
1886 3384 1942 3443 Q.
1966 3384 2028 3433 fr.
2055 3385 2105 3448 2,
2126 3384 2177 3445 2,
2199 3384 2247 3435 3.
2275 3410 2341 3419 —-·

1366 3456 1374 3463 ‘
1400 3458 1459 3509 Ρ.
1512 3455 1757 3507 Lentulus
1798 3457 2088 3520 Aegyptum
2136 3452 2341 3517 provin-
