2500 3850
670 185 1139 234 CLAZOMENAE
1166 205 1252 217 --·
1281 185 1676 236 CLEOPHON.

190 341 380 395 Caesar
396 379 415 406 ,
446 341 515 391 ad
533 341 655 391 fam.
679 341 729 400 6,
752 339 803 402 6,
827 339 907 390 10.
928 367 999 376 --
1018 339 1141 389 Cae-

188 413 317 462 saris
339 413 394 460 in
421 425 539 460 eum
558 409 854 468 clementia,
876 424 968 474 pro
986 408 1140 474 Liga-

190 483 259 530 rio
300 481 368 530 12
384 515 399 540 ,
444 479 534 530 37.
571 505 639 514 -
664 478 732 526 Μ.
766 477 990 526 Marcelli
1028 493 1139 526 cae-

191 551 304 599 dem
340 547 561 597 Athenis
598 562 628 597 a
657 549 714 596 P.
752 545 923 612 Magio
962 545 1138 596 Cilone

191 613 467 682 (Chilone)
496 631 543 666 a.
568 632 621 664 u.
658 631 703 666 c.
733 614 853 670 709.
886 623 1138 680 patratam

188 687 425 738 Ciceroni
447 691 619 734 narrat
638 683 751 734 Ser.
774 682 1049 748 Sulpicius,
1072 685 1138 734 ad

190 756 313 808 fam.
335 757 399 814 4,
423 753 506 804 12.
546 754 610 803 cl.
630 753 697 802 ad
716 755 821 802 Att.
844 753 939 817 13,
964 753 1046 806 10.
1068 777 1139 789 -·

188 823 261 874 De
279 823 524 874 Marcello
545 823 813 886 scripserat
832 823 897 870 ad
916 837 995 872 me
1019 821 1138 872 Gas-

190 895 301 943 sius
328 899 507 942 antea:
551 885 616 940 τὸ
649 883 793 939 κατὰ
818 883 987 954 μέρος
1020 891 1139 940 Ser-

190 963 325 1012 vius.
375 960 415 1011 Ο
436 975 544 1010 rem
572 958 834 1010 acerbam!
854 961 939 1012 lb.
962 959 1027 1010 22
1043 997 1058 1020 ,
1084 962 1135 1012 2.

194 1031 342 1080 —ad
355 1028 475 1079 fam.
491 1029 545 1089 8,
558 1029 609 1088 8,
624 1031 717 1080 502
736 1029 786 1080 6.
811 1027 878 1076 ad
890 1030 994 1078 Att.
1016 1027 1065 1087 5,
1085 1029 1136 1092 4,

188 1101 239 1148 2.
271 1100 345 1149 Π).
363 1097 581 1162 5,21,9.
606 1097 827 1162 Philipp.
851 1095 933 1158 13,
950 1097 1034 1156 14,
1049 1095 1135 1149 29.

124 1165 527 1231 Clazomenae,
550 1167 673 1215 urbs
704 1167 902 1227 Ioniae,
930 1167 1136 1215 Anaxa-

190 1252 349 1302 gorae
368 1238 564 1302 patria,
586 1235 789 1285 Tuscul.
814 1235 841 1284 1
858 1270 873 1293 ,
893 1233 959 1284 43
978 1271 990 1292 ‚
1014 1236 1131 1286 104.

120 1303 551 1368 Clazomenius,
601 1303 915 1354 Clazomenis
966 1304 1134 1353 oriun-

190 1375 305 1424 dus.
344 1376 410 1424 V.
440 1373 827 1440 Anaxagoras.

120 1441 427 1494 Cleanthes
444 1479 459 1508 ,
495 1440 697 1492 Stoicus
710 1479 724 1503 ‚
746 1442 963 1491 Zenonis
986 1441 1135 1491 audi-

186 1520 268 1562 tor
282 1547 299 1578 ,
324 1513 487 1563 solem
508 1512 762 1562 dominari
784 1518 833 1561 et
848 1526 1018 1560 rerum
1040 1524 1133 1575 po-

184 1582 271 1630 tiri
299 1588 473 1646 putat,
508 1581 670 1633 Acad.
690 1596 768 1645 pr.
796 1582 859 1643 2,
879 1579 976 1640 41,
1012 1579 1131 1632 126.

186 1651 251 1698 cl.
275 1651 345 1704 ib.
370 1653 423 1715 2,
443 1649 528 1709 23,
547 1647 632 1699 73.
654 1676 721 1686 -
745 1649 873 1698 Eum
894 1663 995 1698 non
1018 1650 1134 1698 coe·

182 1720 261 1785 git
280 1721 331 1768 in
351 1721 459 1769 suis
476 1719 663 1768 studiis
686 1719 1033 1768 obmutescere
1054 1732 1133 1766 se-

182 1797 394 1848 nectus),
432 1789 495 1838 dc
516 1802 623 1837 sen.
654 1788 715 1848 7,
749 1788 834 1838 23.
864 1813 933 1821 —
956 1785 1132 1836 Clean-

181 1858 319 1918 thiS,
351 1859 567 1908 Zenonis
588 1856 831 1906 auditoris
846 1892 860 1917 ,
882 1857 1134 1905 sententia

182 1928 251 1977 de
269 1928 487 1992 mundo,
511 1926 576 1976 de
594 1940 645 1975 n.
668 1926 719 1977 d.
752 1926 810 1987 1,
834 1926 925 1987 14,
955 1923 1041 1977 37.
1064 1952 1132 1961 —

186 1994 454 2047 Cleanthes
470 2003 709 2059 quattuor
729 1995 979 2045 decausis
1000 1995 1132 2043 dixit

185 2067 239 2113 in
289 2066 471 2116 animis
524 2064 789 2113 hominum
836 2063 1133 2113 informatas

186 2135 399 2185 deornm
431 2148 546 2185 esse
566 2136 801 2185 notiones
833 2139 929 2185 etc.
948 2169 961 2192 ‚
992 2134 1057 2182 de
1076 2148 1127 2183 n.

184 2204 237 2253 d.
266 2204 327 2267 2,
351 2204 402 2264 5,
426 2201 509 2253 13.
551 2203 627 2251 Ib.
651 2201 711 2266 3,
736 2204 785 2261 7,
809 2200 893 2254 16.
914 2228 977 2238 --
1006 2201 1130 2260 Qui-

178 2272 279 2321 bus
318 2273 639 2338 argumentis
679 2271 905 2321 docuerit
942 2278 1129 2332 quanta

181 2342 263 2391 vis
287 2341 412 2390 insit
431 2340 615 2391 caloris
647 2342 701 2389 in
734 2340 872 2391 omni
893 2354 1125 2404 corpore,

177 2410 254 2459 Ib.
278 2408 330 2470 3,
352 2408 403 2471 9,
426 2411 513 2460 24.
556 2408 633 2459 Cf.
656 2409 727 2459 ib.
750 2408 811 2469 3,
836 2407 928 2470 15,
948 2406 1038 2457 40.
1057 2435 1127 2445 -

180 2479 317 2528 Zeno
369 2479 567 2543 primns
584 2513 597 2537 ,
654 2486 773 2544 post
836 2472 1121 2539 CleantheS‚

180 2547 371 2597 deinde
407 2546 727 2611 Chrysippus
758 2546 954 2597 studuit
990 2560 1126 2596 com-

178 2616 539 2667 menticiarum
582 2614 869 2667 fabularum
916 2613 1129 2664 reddere

180 2686 460 2745 rationem,
495 2685 560 2734 de
578 2700 629 2733 n.
660 2686 712 2739 d.
740 2684 772 2735 3
789 2720 803 2744 ,
832 2684 929 2744 24,
952 2682 1041 2737 63.
1061 2710 1129 2719 -

179 2755 245 2807 cl.
267 2754 340 2804 ib.
363 2755 399 2805 2
413 2791 428 2815 ,
449 2755 549 2813 24,
576 2752 663 2805 63.
684 2780 754 2791 -
772 2752 987 2813 Qualem
1004 2752 1127 2803 scri-

178 2825 345 2887 pserit
374 2830 537 2873 artem
562 2822 896 2883 rhetoricam,
940 2821 1004 2871 de
1035 2820 1124 2875 fin.

176 2892 227 2946 4,
248 2890 281 2941 3
295 2927 312 2955 ,
334 2892 385 2941 7.
407 2919 474 2928 -
492 2890 763 2941 Cleanthes
783 2892 982 2941 semina
1005 2891 1124 2941 doc-

177 2962 344 3009 trinae
383 2960 447 3009 de
494 2960 805 3011 divinatione
850 2976 881 3010 a
926 2961 1124 3010 Zenone

183 3044 365 3092 sparsa
393 3028 569 3093 paullo
604 3030 841 3080 uberiora
869 3029 1017 3091 fecit,
1061 3028 1124 3077 de

183 3098 341 3150 divin.
368 3098 416 3159 1,
438 3096 489 3157 3,
510 3097 563 3149 6.
581 3098 786 3148 —Eius
807 3096 979 3149 tabula
998 3096 1124 3147 ‘Vo-

184 3166 351 3231 luptas
402 3182 519 3215 cum
564 3168 850 3218 Virtutibus
897 3166 1120 3219 ancillis’

186 3235 353 3283 verbis
382 3235 614 3299 depicta,
646 3235 709 3286 de
737 3235 826 3291 fin.
852 3238 901 3301 2,
927 3237 1013 3299 21,
1036 3233 1121 3287 69.

183 3328 249 3337 -
262 3304 384 3352 Eius
404 3307 657 3354 sententia
676 3306 740 3355 de
760 3305 1123 3364 consolatione,

183 3370 337 3421 Tusc.
368 3371 419 3435 3,
440 3371 527 3439 31,
554 3373 639 3425 76.
678 3374 743 3423 cl.
765 3376 837 3429 ib.
859 3374 909 3436 3,
926 3374 1011 3435 32,
1034 3372 1119 3422 77.

184 3466 251 3474 —-
276 3440 401 3489 Eam
422 3456 629 3491 cansam
650 3443 839 3507 adfert,
865 3457 956 3494 cur
972 3457 1027 3492 se
1046 3440 1125 3491 sol

2138 174 2220 238 87

1281 340 1469 390 referat
1505 357 1599 391 nec
1631 342 1835 407 longius
1861 345 2223 410 progrediatur

1281 408 1536 458 solstitiali
1572 411 1692 459 orbe
1728 413 1951 474 itemque
1985 414 2220 474 brumali,

1218 493 1225 502 ·
1280 492 1344 526 ne
1370 478 1573 543 longius
1605 479 1836 529 discedat
1855 482 2016 532 a-cibo
2033 517 2048 544 ,
2081 483 2144 532 de
2163 499 2216 538 n.

1281 547 1334 599 d.
1367 545 1428 610 3,
1469 547 1563 611 14,
1598 547 1685 598 37.
1717 574 1787 586 ·—
1809 547 2075 600 Cleanthes
2119 567 2218 616 quo

1279 615 1430 665 modo
1483 616 1866 680 reprehenderit
1919 617 2220 686 Dionysium

1277 684 1654 746 Heracleotam,
1687 685 1892 737 Tuscul.
1921 687 1985 748 2,
2015 689 2110 750 25,
2132 689 2218 743 60.

1277 779 1345 790 -
1369 753 1418 802 Α
1437 754 1678 805 Cleanthe
1701 756 1906 805 doctore
1934 770 2026 805 suo
2049 758 2219 810 multis

1277 821 1430 870 rebus
1514 821 1831 890 Chrysippus
1918 824 2216 890 dissidebat,

1277 891 1438 944 Acad.
1471 907 1552 956 pr.
1587 893 1650 954 2,
1686 895 1774 954 47,
1809 893 1924 944 143.
1946 920 2013 930 -
2039 894 2218 945 Clean-

1278 958 1390 1009 thes
1421 962 1667 1026 magister
1697 961 1996 1028 Chrysippi,
2033 965 2122 1026 qui
2155 965 2216 1014 ab

1277 1027 1369 1077 illo
1402 1029 1455 1077 in
1487 1030 1718 1079 doctrina
1755 1031 1819 1080 de
1853 1031 1957 1082 fato
1987 1033 2218 1096 aliquan-

1278 1105 1386 1147 tum
1408 1099 1768 1160 dissentiebat,
1810 1101 1873 1150 de
1903 1101 2009 1151 fato
2034 1104 2093 1164 7,
2132 1105 2213 1154 14.

1274 1167 1504 1217 Aetatem
1529 1182 1673 1217 suam
1708 1169 1760 1217 in
1781 1170 1963 1219 exsilio
1982 1185 2216 1221 consum-

1274 1237 1408 1300 psit,
1433 1237 1636 1288 Tuscul.
1660 1237 1712 1298 5,
1739 1237 1826 1298 37,
1852 1239 1970 1290 107.

1207 1303 1439 1354 Cleobis
1467 1312 1514 1355 et
1536 1305 1678 1367 Bito,
1712 1307 1904 1372 Argiae
1937 1309 2216 1360 sacerdotis

1274 1372 1396 1433 filii,
1415 1373 1618 1422 Tuscul.
1646 1376 1693 1438 1,
1713 1375 1800 1434 47,
1824 1375 1940 1424 112.

1206 1440 1604 1492 Cleombrotus
1627 1477 1642 1504 ,
1698 1441 2217 1493 Lacedaemoniorum

1275 1511 1378 1560 dux
1395 1547 1408 1569 ,
1434 1510 1498 1559 de
1517 1509 1602 1558 off.
1640 1510 1688 1572 1,
1712 1510 1798 1573 24,
1823 1510 1910 1561 84.

1207 1577 1602 1629 Cleombrotus
1679 1578 2034 1638 Ambraciota,
2123 1593 2215 1644 pro

1273 1646 1464 1698 Scauro
1485 1649 1535 1708 2,
1555 1648 1607 1700 4.
1629 1675 1695 1684 —
1710 1647 2010 1698 Callimachi
2028 1651 2081 1699 in
2100 1663 2215 1700 eum

1275 1717 1619 1782 epigramma,
1641 1719 1849 1768 Tuscul.
1877 1718 1904 1768 1
1924 1755 1938 1780 ,
1961 1717 2046 1778 34,
2067 1719 2154 1772 84.

1205 1784 1538 1836 Cleomenes
1570 1785 2034 1848 LacedaemoniuS,
2072 1788 2133 1838 de
2159 1804 2209 1838 n.

1274 1856 1323 1905 d.
1347 1855 1398 1908 3.
1427 1855 1614 1921 fragm.
1637 1871 1692 1921 p.
1719 1857 1836 1908 126.

1205 1921 1532 1977 Cleomenes
1553 1923 1921 1991 Syracusanus.
1943 1928 2066 1976 Eius
2085 1942 2216 1977 uxor

1271 1994 1396 2044 Nice
1425 2001 1592 2044 amata
1625 2010 1656 2044 a
1685 1996 1872 2062 Verre,
1894 1997 2042 2048 Verr.
2064 2010 2210 2045 accu-

1271 2070 1367 2112 sat.
1399 2062 1462 2123 5,
1497 2062 1592 2125 12,
1622 2061 1710 2117 31.
1735 2094 1803 2104 —
1824 2066 1868 2113 A
1889 2066 2050 2115 Verre
2067 2079 2214 2130 prae.-

1271 2133 1468 2196 positus
1488 2131 1644 2181 classi
1663 2133 1843 2201 populi
1863 2132 2007 2184 Rom.
2021 2168 2040 2197 ,
2060 2134 2135 2184 Ib.
2160 2135 2211 2194 5,

1271 2200 1336 2252 31
1353 2238 1368 2266 ,
1401 2200 1470 2252 82
1491 2216 1604 2265 sqq.
1627 2228 1694 2239 -—
1715 2202 2010 2254 Cleomenes
2031 2211 2082 2253 et
2111 2204 2212 2253 Ae-

1269 2270 1435 2320 schrio
1455 2285 1548 2335 per
1575 2271 1864 2323 irrisionem
1888 2272 2065 2321 Verris
2085 2270 2214 2323 adfi-

1267 2354 1360 2389 nes
1399 2340 1755 2401 nominantur,
1797 2339 1936 2403 quod
1973 2340 2057 2388 ille
2093 2354 2209 2388 cum
2299 2350 2315 2361 ²

1269 2422 1445 2457 eorum
1465 2407 1712 2457 uxoribus
1731 2424 1838 2458 rem
1857 2408 2047 2456 habere
2074 2408 2210 2456 dice-

1265 2478 1430 2538 batur,
1451 2474 1522 2525 Ib.
1549 2475 1600 2533 2,
1629 2476 1709 2538 14,
1733 2476 1819 2527 36.
1841 2475 1914 2527 Ib.
1939 2476 1991 2539 2,
2011 2475 2098 2536 21,
2117 2473 2204 2531 50.

1202 2543 1378 2596 Cleon
1393 2580 1408 2609 ,
1431 2544 1708 2604 coriarius,
1727 2544 2082 2605 Atheniensis,
2113 2558 2207 2609 po-

1267 2613 1462 2679 pularis
1483 2612 1635 2663 homo
1661 2613 1951 2679 improbus,
1984 2611 2154 2663 laesus
2177 2628 2208 2665 a

1267 2682 1536 2733 comoedia
1551 2684 1751 2747 prisca,
1785 2684 1849 2733 de
1879 2698 1920 2735 r.
1943 2684 2086 2747 P.,4,
2121 2681 2203 2745 10,

1270 2752 1354 2801 11.
1375 2779 1442 2788 -
1465 2752 1618 2803 Cleon
1638 2753 1956 2804 turbulentus
1976 2752 2064 2802 ille
2091 2754 2204 2817 qui-

1267 2822 1382 2871 dem
1410 2822 1566 2879 civis,
1608 2824 1700 2873 sed
1737 2832 1909 2874 tamen
1940 2822 2202 2886 eloquenS,

1259 2890 1400 2940 Brut.
1425 2890 1476 2951 7,
1503 2890 1591 2942 28.

1144 2957 1149 2964 ‘
1197 2956 1518 3025 Cleopatra,
1541 2962 1761 3025 Aegypti
1779 2963 1987 3025 regina,
2008 2961 2074 3010 ad
2093 2960 2182 3009 Att

1267 3029 1359 3088 14,
1383 3028 1446 3089 8,
1485 3029 1532 3081 1.
1572 3030 1642 3078 lb.
1671 3030 1759 3092 14,
1793 3029 1888 3093 20,
1922 3027 1974 3079 3.
2007 3028 2082 3077 lb.
2115 3029 2198 3088 15,

1198 3096 1580 3231 ΟΙὲῗὶιίαιιῑῑιε
1604 3166 1863 3225 medicus,
1885 3179 1976 3228 pro
1999 3163 2198 3218 Cluent.

1198 3234 1492 3367 Clssibssssn
1506 3338 1520 3365 ,
1543 3300 1806 3367 popularis
1834 3301 1986 3350 homo
2008 3302 2199 3366 impro-

1265 3374 1382 3431 bus,
1405 3372 1572 3421 laesus
1592 3383 1623 3420 a
1641 3371 1907 3421 comoedia
1922 3372 2112 3435 prisca,
2135 3370 2199 3421 de

1263 3455 1307 3488 r.
1329 3454 1384 3503 p.
1409 3440 1461 3500 4,
1483 3438 1565 3504 10,
1593 3439 1679 3489 ιι.
