2500 3850
243 197 369 260 426
423 252 430 257 ,

319 369 369 417 in
389 364 922 429 Palatio-aedificatur,
944 368 1010 417 ad
1024 368 1086 427 Q.
1109 366 1173 417 fr.
1195 368 1246 430 2,

313 434 400 498 5‚3
415 435 488 498 (6,
505 435 804 501 2.).-Agit
819 451 930 485 cum
942 438 1188 502 Pompeio
1205 446 1256 485 et

315 503 494 554 Crasso
516 519 608 570 per
630 503 837 555 fratrem
868 507 933 557 de
950 506 1257 568 quibusdam

313 575 554 637 operibus
586 579 637 622 et
665 574 1080 639 inscriptionibus
1115 590 1163 625 a.
1198 590 1252 628 u.

315 659 360 697 c.
385 641 525 701 699„
565 643 638 692 Ib.
667 644 719 707 2,
741 644 773 693 7
793 642 896 709 (9),
918 646 969 694 2.
989 670 1058 681 -
1080 646 1258 695 Iocose

313 711 717 777 reprehenditur,
752 714 889 774 quod
911 713 1184 779 scripserat
1202 728 1257 761 se

315 782 498 844 vereri,
523 796 586 831 ne
606 781 812 831 fratrem
842 782 1143 847 interpellet,
1179 784 1254 831 lb.

315 855 367 910 2,
389 851 422 902 8
441 849 576 916 (10),
602 850 647 899 1.
668 878 738 887 —-
759 850 882 901 Eius
912 866 1000 901 aes
1018 852 1258 913 alienum,

315 922 388 969 11).
412 921 474 982 2,
506 920 571 969 14
603 920 696 982 (15
721 919 812 983 1)),
833 921 884 972 3.
911 948 973 957 -
999 921 1058 979 Q.
1084 922 1258 971 Cicero

313 990 513 1053 legatus
535 988 769 1038 Caesaris
789 1004 836 1038 a.
866 1006 918 1039 u.
944 1005 988 1042 c.
1011 989 1155 1049 699„
1193 990 1259 1038 ad

315 1059 438 1107 fam.
463 1057 521 1115 1,
561 1054 612 1115 9,
654 1058 741 1110 21.
791 1058 866 1106 11).
891 1059 938 1117 1,·
977 1056 1028 1117 9,
1066 1059 1151 1109 24.
1189 1084 1259 1095 --

314 1126 656 1174 Proficiscitur
696 1125 895 1190 leg-atus
934 1126 1167 1175 Caesaris
1204 1127 1258 1173 in

315 1193 533 1243 Galliam
565 1201 614 1242 et
634 1194 948 1244 Britanniam
964 1232 978 1256 ‚
1017 1196 1083 1245 ad
1104 1195 1163 1254 Q.
1189 1195 1251 1243 fr.

315 1266 366 1327 2,
403 1262 467 1315 13
487 1260 629 1329 (14),
654 1263 702 1315 1.
769 1264 832 1324 cl,
859 1265 927 1314 ib.
949 1266 1000 1325 2,
1035 1262 1099 1315 13
1121 1262 1256 1328 (15),

315 1334 365 1382 2.
425 1333 498 1382 11).
522 1333 572 1393 2,
606 1333 669 1382 15
698 1332 835 1399 (16),
855 1338 905 1384 4.
947 1362 1012 1370 --
1042 1334 1258 1384 Amatur

319 1418 350 1452 a
375 1402 612 1464 Caesare,
650 1402 723 1452 lb.
749 1402 798 1463 3,
827 1405 871 1464 1,
903 1406 950 1453 4.
989 1404 1038 1467 3.
1067 1404 1146 1453 11.
1186 1430 1257 1439 --

317 1472 402 1521 Ad
433 1471 651 1521 Telluris
690 1473 839 1521 etiam
867 1472 1004 1521 illius
1040 1479 1254 1522 statuam

317 1540 502 1591 locavit
522 1540 726 1600 Cicero,
759 1542 833 1590 11).
857 1540 907 1601 3,
942 1541 990 1598 1,
1010 1544 1059 1591 4.
1091 1544 1140 1605 5.
1172 1542 1254 1593 14.

317 1638 387 1647 --
400 1610 479 1659 Ad
495 1609 650 1658 lilium
665 1610 872 1674 scripsit
885 1610 1257 1675 Aristophaneo

317 1678 488 1740 modo,
512 1678 586 1729 lb.
613 1675 665 1736 3,
690 1677 736 1740 1,
755 1678 808 1729 6.
847 1682 897 1741 §.
923 1678 1004 1730 19.
1021 1705 1091 1714 -
1109 1676 1257 1728 Συν-

318 1744 590 1801 &admove
627 1742 1029 1811 Σοφοκλέους,
1077 1762 1257 1811 quam—

319 1830 468 1879 quam
495 1830 526 1864 a
544 1815 698 1865 fratre
723 1827 888 1866 actam
909 1816 1148 1866 fabellam
1177 1816 1256 1866 vi—

319 1886 394 1936 dit
413 1900 526 1936 esse
555 1883 763 1944 festive,
797 1886 936 1937 nullo
968 1887 1115 1937 modo
1137 1899 1257 1952 pro-

319 1957 459 2006 bavit
479 1954 672 2013 Cicero,
711 1957 783 2006 11).
803 1959 854 2020 2,
879 1958 941 2008 15
963 1953 1075 2020 (16’,
1112 1955 1162 2008 3.
1185 1983 1259 1994 —-

318 2026 442 2074 Eius
461 2025 728 2089 tragoedia
751 2026 970 2091 Erigone
985 2062 998 2085 ,
1032 2027 1105 2075 Ib.
1127 2025 1179 2088 3,
1205 2024 1253 2087 1,

315 2096 368 2144 4.
407 2093 455 2156 s.
483 2093 565 2145 13.
599 2120 663 2129 -
696 2094 768 2142 De
803 2095 1084 2160 tragoediis
1109 2095 1171 2143 ab
1194 2109 1254 2144 eo

317 2161 567 2211 absolutis
586 2197 598 2218 ,
639 2162 712 2212 lb.
737 2160 789 2223 3,
809 2163 842 2212 5
859 2161 964 2228 (6),
987 2163 1036 2212 7.
1094 2162 1158 2216 cl.
1181 2163 1252 2213 ib.

321 2231 369 2288 3,
404 2229 454 2291 9,
487 2227 538 2280 6.
584 2257 649 2265 —
693 2229 753 2278 Ei
782 2231 830 2278 in
862 2231 1061 2294 poetico
1101 2246 1256 2297 gene-

319 2315 375 2347 re
427 2298 602 2348 Cicero
643 2299 839 2364 priores
878 2310 1048 2364 partes
1083 2300 1259 2349 tribuit.

319 2383 470 2430 quam
507 2368 624 2431 sibi,
665 2368 736 2417 11).
775 2369 837 2430 3,
872 2370 923 2428 4,
951 2371 1002 2419 4.
1025 2399 1092 2408 —
1113 2368 1258 2419 Circa

319 2454 368 2489 a.
413 2454 465 2487 u.
522 2453 567 2486 c.
619 2436 737 2488 700.
800 2439 1104 2500 aliquotiens
1149 2454 1256 2488 me-

321 2515 546 2556 moratur
597 2508 648 2556 in
679 2508 906 2572 epistolis
955 2508 1022 2558 ad
1067 2507 1257 2558 Treba,-

319 2588 444 2692 ἓῖἴίἓ
466 2576 919 2709 ΒὲζέΡὲἲξὲἑίἕὟᾱ
932 2576 1258 2695 113ἃὲῗῶ

322 2713 482 2760 missa
499 2713 562 2760 de
584 2713 768 2762 Tirone
787 2721 836 2762 et
857 2712 1038 2774 Statio,
1075 2716 1148 2763 lb.
1173 2712 1256 2776 16,

324 2779 406 2830 16.
447 2779 574 2827 'l'um
612 2781 680 2830 ib.
715 2780 794 2830 16.
858 2796 939 2844 ep.
980 2783 1048 2832 26
1084 2790 1133 2831 et
1169 2781 1253 2833 27.

320 2873 391 2882 —--
410 2847 467 2906 Q.
491 2847 663 2897 Cicero
688 2848 858 2905 frater,
879 2849 1036 2898 Marci
1057 2849 1257 2916 legatus

322 2919 375 2964 in
415 2913 585 2966 Cilicia
615 2931 661 2966 a.
694 2932 744 2965 ιι.
781 2932 827 2964 c.
851 2915 968 2967 703.
994 2955 1007 2981 ,
1036 2920 1100 2968 ad
1129 2919 1251 2968 fam.

325 2985 390 3035 15
407 3023 420 3046 ,
453 2986 514 3048 4,
547 2986 580 3036 9
600 2995 648 3036 et
670 2985 734 3036 10
781 3013 848 3031 -.-
870 2987 1260 3050 commendatur

323 3055 379 3102 P.
424 3053 574 3118 Silio,
621 3058 937 3120 propraetori
975 3057 1254 3123 Bithyniae,

323 3139 372 3171 a.
414 3139 464 3171 ιι.
506 3141 550 3172 c.
592 3124 744 3183 703.,
792 3127 863 3176 ib.
909 3123 1006 3192 13,
1044 3125 1129 3177 62.
1189 3153 1259 3161 -—

324 3193 636 3256 Pomponiae
663 3196 836 3244 uxoris
867 3210 980 3245 cnm
1019 3212 1078 3247 eo
1108 3196 1259 3246 alter-

321 3262 456 3311 catio
477 3277 523 3311 a.
547 3279 596 3312 u.
623 3279 666 3312 c.
691 3263 831 3328 703.,
854 3265 920 3314 ad
939 3266 1043 3318 Att.
1066 3267 1117 3330 5,
1133 3265 1180 3324 1,
1203 3266 1253 3317 3.

323 3359 395 3366 —
431 3332 668 3391 Quintum
709 3332 914 3382 fratrem
946 3334 1170 3384 hibernis
1209 3341 1258 3383 et

325 3399 531 3450 Ciliciae
563 3401 809 3464 praefecit
828 3400 1006 3453 Cicero
1043 3417 1090 3450 a.
1123 3417 1174 3450 u.
1205 3418 1250 3452 c.

325 3464 481 3532 704.‚
528 3469 604 3518 lb.
648 3468 707 3532 5,
750 3469 846 3532 21,
893 3469 926 3518 6
963 3480 1012 3518 et
1054 3469 1137 3520 14.
1187 3495 1257 3504 -—-

943 212 1007 271 Q.
1035 212 1332 259 TULLIUS
1363 212 1635 261 mosao.

1396 369 1540 427 Quod
1562 368 1833 433 epistolam
1856 370 1920 419 ad
1942 368 2158 419 Statium
2190 370 2348 418 liber·

1395 446 1499 485 tum
1521 438 1805 502 scripserit,
1843 439 2097 504 improbat
2117 438 2347 496 Marcus,

1398 508 1470 556 11).
1494 507 1546 568 6,
1568 508 1620 566 2,
1644 507 1695 555 2.
1719 536 1787 545 -
1804 507 1929 557 Eius
1950 507 2245 568 iracundia,
2268 508 2347 555 lb.

1396 602 1465 610 —
1495 574 1754 625 Deliberat
1792 577 1990 625 Marcus
2032 578 2347 626 decessurus

1398 660 1427 693 e
1470 644 1649 693 Cilicia
1686 652 1850 695 utrum
1883 644 2093 694 fratrem
2132 645 2348 709 provin-

1400 715 1505 763 ciae
1533 714 1791 778 praeliciat
1811 729 1997 774 necne,
2036 715 2111 764 lb.
2134 714 2187 773 6,
2216 712 2267 775 3,
2294 714 2343 761 2.

1400 782 1474 831 lb.
1497 781 1549 842 6,
1567 784 1618 839 4,
1647 779 1695 831 1.
1737 784 1809 831 lb.
1833 782 1883 842 6,
1905 782 1955 843 6,
1979 784 2030 835 3.
2054 810 2121 819 -
2142 784 2347 831 Recon—

1401 852 1601 901 ciliatur
1617 852 1926 915 Pomponiae
1956 866 2049 917 per
2072 850 2132 909 Q.
2157 850 2345 909 filium,

1402 922 1477 974 11).
1512 921 1562 981 6,
1602 922 1653 983 7,
1688 921 1735 970 1.
1786 920 1851 971 cf.
1876 921 1944 969 ib.
1986 920 2047 985 6,
2081 920 2143 979 9,
2183 920 2236 971 3.
2279 945 2343 955 -

1402 990 1463 1049 Q.
1518 990 1713 1040 socium
1776 989 1929 1054 fugae
1972 987 2060 1039 Cn.
2108 990 2342 1054 Pompeii

1400 1073 1449 1107 a.
1498 1074 1551 1106 u.
1604 1072 1650 1107 e.
1702 1058 1821 1111 705.
1880 1074 2024 1123 esse,
2072 1072 2173 1106 non
2236 1068 2341 1107 erat

1400 1142 1643 1189 aequum,
1684 1128 1764 1176 cni
1782 1128 1959 1193 'magis
1980 1129 2130 1176 etiam
2154 1126 2341 1177 Caesar

1400 1199 1677 1257 irascetur,
1731 1197 1805 1245 Ib.
1847 1194 1915 1259 9,
1957 1196 2013 1257 1,
2048 1198 2100 1250 4.
2163 1195 2232 1249 cl.
2271 1196 2337 1243 ib.

1396 1263 1457 1324 9,
1482 1264 1543 1325 6,
1583 1265 1634 1314 4.
1667 1292 1735 1302 -
1773 1265 1934 1315 Nimis
1976 1264 2252 1329 indulgens
2290 1266 2337 1312 in

1398 1335 1459 1393 Q.
1482 1334 1657 1396 filium,
1694 1335 1941 1397 quidquid
1960 1334 2132 1383 Cicero
2154 1334 2338 1383 astrin-

1396 1404 1491 1463 xit,
1510 1403 1719 1463 relaxat,
1746 1419 1793 1455 a.
1817 1421 1866 1453 ιι.
1899 1418 1944 1457 c.
1971 1402 2113 1466 705„
2154 1404 2230 1451 lb.
2260 1402 2338 1456 10,

1396 1472 1447 1533 6,
1470 1474 1518 1521 2.
1552 1496 1622 1508 ·—
1642 1473 1764 1521 Eius
1784 1473 1960 1521 laudes
1980 1487 2026 1524 a.
2054 1488 2106 1520 ιι.
2134 1488 2179 1524 c.
2214 1470 2332 1522 705.

1396 1542 1469 1591 lb.
1498 1539 1578 1601 10,
1604 1542 1686 1601 11,
1709 1542 1755 1591 1.
1788 1568 1859 1577 —-
1883 1541 2096 1601 Quintus
2118 1540 2338 1589 aversis-

1398 1612 1531 1659 simo
1564 1626 1595 1658 a
1628 1610 1781 1659 fratre
1813 1612 1981 1659 animo
2015 1609 2179 1659 Patris
2220 1609 2334 1665 fuit,

1398 1694 1446 1729 a.
1490 1695 1541 1729 u.
1583 1694 1626 1729 c.
1667 1679 1815 1741 706.‚
1856 1682 1928 1732 Ib.
1963 1678 2057 1740 11,
2086 1679 2148 1742 5,
2183 1680 2236 1728 4.
2269 1704 2336 1712 -

1396 1748 1524 1798 Eum
1556 1748 1708 1797 audio
1742 1748 2023 1811 profectum
2058 1748 2110 1796 in
2140 1746 2332 1808 Asiam,

1394 1824 1451 1866 ut
1488 1818 1625 1881 apud
1660 1816 1924 1867 Caesarem
1955 1818 2331 1881 deprecaretur,

1395 1886 1469 1936 lb.
1513 1887 1573 1945 1,
1614 1885 1676 1948 6,
1713 1886 1763 1936 7.
1838 1887 1901 1936 cl.
1938 1887 2009 1936 ib.
2053 1888 2115 1947 7,
2164 1886 2216 1938 7.
2266 1910 2334 1920 --

1398 1955 1457 2014 Q.
1482 1955 1620 2005 misit
1638 1956 1792 2005 filium
1825 1971 1925 2005 non
1958 1955 2121 2006 solum
2148 1955 2228 2003 sui
2248 1954 2333 2003 de·

1394 2033 1736 2090 precatorem,
1770 2028 1862 2075 sed
1893 2026 2041 2074 etiam
2074 2031 2331 2074 accusato-

1395 2108 1501 2142 rem
1517 2093 1771 2145 Ciceronis
1788 2094 1903 2157 filii,
1924 2094 1996 2143 Ib.
2022 2093 2104 2159 11,
2122 2093 2172 2156 8,
2193 2094 2245 2146 2.
2265 2119 2332 2128 --

1395 2163 1518 2211 Eius
1564 2161 1761 2212 litterae
1810 2164 2115 2228 sceleratae,
2152 2161 2329 2226 plenae

1396 2232 1619 2281 omnium
1672 2233 1724 2281 in
1783 2230 1989 2282 fratrem
2034 2232 2331 2294 probrorum

1399 2315 1445 2352 a.
1488 2316 1540 2350 u.
1586 2317 1631 2351 c.
1659 2299 1808 2362 707„
1848 2300 2034 2359 Ib.11,
2074 2299 2134 2362 9,
2177 2302 2225 2350 2.
2263 2322 2329 2334 --·

1394 2370 1521 2420 Eius
1564 2369 1728 2429 furor,
1774 2371 1847 2419 lb.
1902 2369 1992 2430 11,
2035 2368 2134 2430 10,
2180 2369 2223 2417 1.
2263 2394 2327 2403 -

1401 2439 1587 2488 Caesar
1638 2439 1963 2489 existimabat
2030 2437 2086 2496 Q.
2154 2436 2329 2485 lituum

1396 2507 1727 2572 profectionis
1749 2507 1814 2559 M.
1838 2506 2005 2557 fratris
2026 2506 2189 2556 fuisse
2203 2543 2218 2568 ,
2256 2506 2324 2555 11).

1402 2578 1483 2640 11,
1508 2577 1591 2638 12,
1613 2577 1659 2627 1.
1680 2602 1751 2613 ·-
1771 2576 1835 2624 M.
1866 2577 2104 2634 Quintum
2130 2574 2325 2625 Caesari

1398 2646 1729 2705 commendat,
1742 2645 1815 2695 11).
1838 2645 1919 2704 11,
1938 2645 2019 2708 12,
2034 2644 2325 2703 2.-Quin-

1394 2725 1478 2764 tus
1490 2714 1718 2766 Ciceroni
1745 2729 1835 2778 per
1851 2713 2046 2763 litteras
2068 2711 2325 2762 satisfecit

1398 2783 1556 2832 multo
1594 2784 1939 2848 asperioribus
1979 2782 2148 2834 verbis
2182 2795 2323 2843 quam

1400 2867 1554 2914 quum
1589 2852 1892 2917 gravissime
1911 2853 2211 2911 accusabat,
2250 2851 2317 2898 11).

1400 2921 1483 2982 11,
1508 2919 1591 2979 13,
1616 2923 1666 2974 2.
1721 2922 1784 2973 cl.
1818 2922 1886 2973 ib.
1925 2920 2017 2984 11,
2046 2919 2127 2982 15,
2161 2919 2210 2973 2.
2256 2917 2321 2966 Ib.

1401 2990 1482 3052 11,
1507 2989 1590 3050 16,
1610 2993 1661 3041 4.
1685 2989 1993 3039 -Africam
2015 2996 2186 3054 petere
2205 2987 2321 3036 dioi-

1398 3067 1511 3118 tur,
1548 3060 1619 3108 11).
1651 3060 1733 3118 11,
1763 3059 1845 3114 14,
1866 3057 1916 3110 3.
1951 3085 2017 3093 -
2052 3056 2111 3115 Q.
2131 3055 2259 3105 filius
2278 3063 2321 3102 et

1398 3127 1592 3176 Hirtius
1611 3129 1957 3177 Alexandreae
1983 3141 2014 3174 a
2036 3124 2245 3174 Caesare
2264 3124 2320 3173 de

1398 3193 1581 3252 Quinto
1611 3197 1763 3246 fratre
1794 3211 1925 3259 quae
1942 3194 2205 3244 voluerant
2229 3194 2321 3242 im-

1396 3272 1720 3330 petraverunt
1737 3266 1877 3314 nullo
1904 3263 2108 3328 quidem
2128 3261 2318 3326 negotio

1398 3348 1445 3382 a.
1482 3349 1535 3383 u.
1572 3351 1618 3386 c.
1658 3334 1811 3392 707.‚
1850 3335 1922 3382 11).
1948 3333 2029 3389 11,
2060 3331 2146 3390 20,
2179 3329 2225 3382 1.
2256 3353 2319 3365 -

1394 3402 1631 3452 Dolorem
1648 3441 1663 3464 ,
1701 3417 1849 3464 quem
1869 3417 1932 3450 ex
1954 3400 2123 3458 Quinti
2144 3398 2317 3448 scelere

1396 3471 1497 3518 inm
1519 3472 1716 3534 pridem
1738 3479 2001 3534 acceptum
2020 3469 2121 3517 iam
2140 3468 2319 3518 abiece-
