2500 3850
250 161 371 223 230

322 333 422 385 Att.
465 329 560 394 13,
600 329 692 391 12,
730 328 781 380 3.
822 329 898 378 lb.
935 327 1028 390 13,
1069 325 1160 388 19,
1200 326 1280 375 5.-

252 395 255 400 ’
319 399 481 448 Acad.
522 413 602 462 pr.
641 397 701 462 2,
740 399 801 460 4,
850 397 1022 447 10.—
1049 395 1254 444 Catulus

318 469 599 517 consularis
632 467 695 515 de
727 466 1170 515 animadversione
1202 465 1256 511 in

321 537 639 586 Catilinarios
664 537 803 608 ,dixit
838 543 953 584 ante
994 534 1253 593 Catonem,

319 607 384 656 ad
406 609 507 655 Att.
545 606 635 664 12,
664 606 728 655 21
747 643 760 667 ,
797 606 843 655 1.
869 632 934 639 —
964 603 1021 662 Q.
1047 603 1254 653 Catulus

318 692 473 741 saepe
517 676 568 724 in
606 681 785 724 senatu
820 683 1019 741 patrem
1058 674 1256 738 patriae

316 747 597 794 nominavit
629 743 952 804 Ciceronem,
991 759 1085 808 pro
1120 741 1252 792 Sest.

316 815 415 877 57,
461 814 573 865 121.
616 813 679 862 cl.
716 816 767 863 in
801 813 973 864 Pison.
1010 813 1071 872 3,
1103 811 1154 862 6.
1184 839 1257 848 —-

315 885 509 932 Placuit
552 881 811 932 Ciceronis
850 882 1139 930 consulatus
1191 882 1250 939 Q.

319 953 521 1017 Catulo,
564 954 708 1000 cuius
748 966 952 1016 semper
986 953 1039 998 in
1072 951 1169 999 hac
1201 965 1257 998 re

319 1023 459 1088 publ.
484 1022 619 1070 vivet
640 1021 929 1082 auctoritas,
951 1019 1180 1084 Philipp.
1204 1019 1254 1077 2,

316 1091 376 1149 5,
421 1091 500 1141 12.
534 1116 603 1126 —
636 1089 825 1139 Caesar
865 1095 1067 1152 praetor
1100 1103 1256 1149 quum

315 1167 448 1208 esset
468 1174 514 1208 a.
536 1174 587 1210 11.
612 1175 655 1207 c.
676 1157 798 1210 692.
816 1195 829 1217 ,
854 1157 912 1215 Q.
936 1158 1167 1207 Catulum
1190 1171 1256 1204 ex

312 1227 549 1278 inferiore
570 1227 679 1276 loco
700 1227 851 1276 iussit
869 1227 1055 1285 dicere,
1070 1226 1136 1275 ad
1148 1226 1251 1277 Att.

316 1301 378 1357 2,
407 1300 502 1359 24,
536 1297 585 1349 3.
626 1296 687 1345 cl.
712 1296 782 1350 ib.
812 1297 875 1356 2,
905 1298 1001 1355 24,
1032 1294 1252 1354 4.—-Q.

318 1366 523 1418 Catulus
550 1365 715 1431 legem
749 1365 813 1415 de
846 1366 900 1416 vi
926 1373 1121 1415 armata
1150 1365 1256 1414 dis-

315 1438 551 1487 sensione
592 1437 779 1485 civium
821 1436 897 1484 rei
924 1433 1067 1501 publ.
1093 1449 1258 1500 paene

316 1507 556 1556 extremis
610 1505 923 1570 temporibus
968 1503 1113 1564 tulit,
1160 1519 1254 1568 pro

316 1575 453 1624 Cael.
490 1574 584 1634 29,
618 1575 701 1624 70.
732 1601 803 1610 ——
832 1574 1038 1624 Catulus
1066 1589 1254 1622 memo-

312 1653 451 1692 ratur
486 1643 551 1691 ad
582 1643 687 1691 Att.
724 1643 782 1706 1,
823 1643 914 1704 13,
950 1645 999 1693 2.
1032 1670 1096 1678 -
1131 1643 1254 1691 Eius

312 1713 503 1760 dictum
532 1714 583 1758 in
612 1711 806 1761 iudices
842 1711 1112 1762 Clodianos
1146 1727 1256 1761 cor-

311 1788 515 1844 ruptOS‚
550 1781 623 1829 Ib.
654 1779 712 1842 1,
738 1779 829 1841 16,
852 1780 903 1829 5.
926 1805 997 1818 ——·
1020 1781 1078 1840 Q.
1103 1779 1253 1828 Catu-

310 1849 387 1898 lus
425 1849 768 1898 amicissimus
801 1848 858 1907 Q.
890 1849 1079 1898 Metelli
1110 1849 1251 1898 Cele-

310 1920 408 1984 ris,
450 1921 593 1968 cuius
626 1917 794 1968 medio
826 1919 877 1966 in
905 1918 1169 1971 consulatu
1202 1934 1249 1973 a.

309 2005 361 2041 u.
391 2006 433 2044 c.
460 1989 579 2041 694.
606 1996 835 2037 mortuus
856 1997 963 2052 est,
993 2004 1085 2054 pro
1108 1988 1245 2038 Cael.

310 2060 405 2120 24,
444 2057 530 2110 59.
562 2085 634 2095 -—
669 2057 796 2105 Eum
834 2072 1000 2121 neque
1032 2057 1249 2123 periculi

308 2134 581 2191 tempestas
605 2142 769 2189 neque
784 2126 994 2177 honoris
1017 2142 1139 2176 aura
1158 2142 1251 2191 po-

308 2195 401 2243 tuit
421 2210 660 2258 umquam
683 2196 746 2245 de
766 2210 857 2245 suo
882 2212 1032 2246 cursu
1052 2204 1139 2244 aut
1159 2210 1250 2259 spe
1301 2241 1304 2245 .

216 2290 223 2296 ν
278 2306 283 2313 .
310 2273 395 2313 aut
416 2272 551 2314 metu
572 2265 870 2327 demovere,
892 2280 984 2329 pro
1007 2265 1135 2313 Sest.
1161 2266 1246 2324 47,

310 2335 426 2385 101.
450 2361 518 2369 --
544 2334 668 2385 Eius
690 2336 995 2392 constantia,
1028 2335 1094 2383 ad
1122 2332 1246 2383 fam.

308 2404 370 2465 9,
397 2404 489 2464 15,
522 2404 571 2455 3.
598 2431 668 2440 --
689 2404 806 2453 Post
838 2402 1001 2453 Catuli
1037 2410 1249 2453 mortem

306 2475 416 2522 sine
447 2473 551 2523 ullo
586 2474 845 2539 praesidio
885 2480 970 2522 aut
1008 2474 1249 2521 comitatu

307 2542 441 2591 viam
492 2545 786 2607 optimatem
846 2543 1003 2591 tenuit
1052 2541 1246 2604 Cicero,

304 2612 371 2661 ad
403 2613 508 2663 Att.
536 2611 591 2671 l,
632 2610 731 2671 20,
776 2611 823 2661 3.
848 2638 919 2647 -—
944 2613 1247 2660 Fortunatus

306 2679 510 2727 Catulus
568 2694 723 2740 quum
778 2680 1049 2743 splendore
1110 2680 1247 2728 vitae

209 2771 217 2781 ·
303 2756 410 2795 tum
446 2748 585 2807 quod
622 2756 849 2813 tempore
887 2756 1113 2799 mortuus
1150 2756 1245 2810 est,

303 2814 377 2867 lb.
402 2815 433 2863 2
451 2850 463 2871 ,
490 2817 585 2879 24,
609 2818 661 2869 4.
690 2844 756 2852 -
787 2816 845 2875 Q.
872 2818 1079 2869 Catulus
1102 2819 1248 2867 mini-

208 2913 213 2919 ·
304 2898 385 2932 me
424 2884 637 2934 cedebat
675 2888 867 2935 meritis
912 2889 975 2937 de
1013 2904 1066 2936 re
1104 2887 1247 2951 publ.

300 2950 390 3001 Cn.
419 2952 688 3019 Pompeio,
720 2956 782 3005 de
811 2956 893 3006 off.
928 2958 981 3025 1,
1012 2958 1106 3021 22,
1147 2956 1230 3007 76.

296 3021 367 3071 cf.
395 3021 579 3088 fragm.
602 3040 653 3089 p.
674 3026 795 3079 282.
935 3064 945 3074 .
967 3054 1031 3061 -
1054 3026 1241 3083 Quam-

299 3092 375 3141 vis
403 3102 710 3157 praepotens
733 3102 941 3158 uterque
966 3095 1047 3160 (Q.
1074 3092 1237 3143 Catuli

297 3166 442 3224 pater
462 3171 511 3211 et
533 3162 697 3227 filius)
719 3165 767 3213 in
790 3166 1106 3214 sermonibus
1127 3163 1236 3212 effi-

293 3230 483 3296 ciebat,
505 3240 559 3281 ut
590 3248 720 3282 unus
741 3233 803 3282 de
824 3234 997 3282 multis
1027 3246 1139 3282 esse
1162 3233 1236 3279 vi-

298 3301 528 3359 deretur,
564 3302 628 3350 de
666 3302 751 3350 off.
794 3301 820 3350 1
843 3339 857 3362 ,
891 3302 987 3364 30,
1024 3300 1140 3353 109.
1165 3328 1236 3336 -

700 169 1143 231 -Q.LUTAT1US
1169 169 1533 220 monolws
1563 191 1649 202 --
1676 167 1878 215 LYCO.
1959 151 1970 164 “

1402 341 1706 389 quamquam
1736 331 1876 374 erant
1905 323 2141 388 litterati,
2169 327 2265 376 sed
2293 333 2340 377 et

1399 395 1487 445 alii
1504 423 1570 432 -
1591 395 1646 444 hi
1670 402 1837 444 autem
1860 395 2048 458 optime
2067 397 2142 444 uti
2163 395 2340 461 lingua

1400 466 1577 514 Latina
1597 465 1936 530 putabantur,
1970 464 2033 513 de
2055 464 2143 518 off.
2171 465 2196 514 l
2215 501 2230 528 ,
2253 465 2336 530 37,

1400 534 1518 586 133.
1551 559 1618 572 --
1647 534 1864 583 Archias
1896 533 2102 582 vivebat
2135 549 2251 583 cum
2281 533 2335 592 Q.

1399 604 1572 653 Catulo
1595 611 1642 651 et
1663 611 1808 669 patre
1828 610 1876 651 et
1895 601 1997 650 filio
2015 638 2029 664 ,
2067 618 2158 666 pro
2186 603 2335 658 Arch,

1397 673 1446 735 3,
1471 672 1520 723 6.
1562 673 1624 722 de
1651 677 1800 722 domo
1821 687 1913 720 sua
1937 670 2022 735 43,
2049 671 2180 724 113..

1331 743 1398 807 Q.
1420 739 1684 792 Lutatius
1718 739 1999 790 Diodorus
2017 777 2030 804 ,
2052 740 2337 807 Lilybaeta-

1399 815 1527 870 uua‚
1569 813 1656 872 qui
1695 810 1862 860 Catuli
1903 809 2146 860 beneficio
2183 812 2247 860 ab
2279 811 2334 860 1..

1398 881 1540 930 Sulla
1563 881 1690 928 civis
1712 882 1968 931 Romanus
1991 879 2172 939 factuS,
2191 881 2336 933 Verr.

1399 959 1620 998 accusat.
1643 951 1695 1009 4,
1732 951 1814 1011 17,
1835 949 1919 999 37.

1327 1017 1403 1068 Μ.
1427 1014 1690 1068 Lutatius
1709 1015 1972 1082 mathia,
1994 1035 2148 1082 eques
2168 1019 2337 1079 Rom„

1399 1089 1462 1136 de
1483 1087 1568 1137 off.
1599 1085 1650 1148 3,
1676 1087 1756 1149 19,
1781 1088 1864 1139 77.

1327 1157 1554 1223 Lycaon
1582 1156 1766 1218 aliquis
1787 1163 1872 1205 aut
1902 1156 2098 1222 Phryx,
2135 1171 2341 1220 prover-

1399 1227 1538 1274 bium
1577 1226 1640 1274 de
1674 1225 1966 1276 hominibus
2014 1226 2248 1277 futilibus
2292 1234 2343 1277 et

1399 1297 1732 1362 contemptis,
1763 1295 1828 1344 ad
1848 1295 1972 1344 fam.
1995 1294 2045 1359 3,
2069 1295 2152 1358 10,
2184 1296 2269 1349 10.

1328 1365 1620 1431 Lycaones
1665 1365 1932 1429 augurium
1983 1365 2226 1425 retinent,
2277 1366 2342 1414 de

1398 1436 1497 1499 leg.
1525 1436 1574 1492 2,
1608 1432 1687 1498 13,
1711 1433 1793 1485 33.

1328 1501 1646 1570 Lycaonia,
1683 1505 1828 1568 regio
1867 1504 2020 1553 Asiae
2059 1506 2188 1554 inter
2220 1503 2343 1553 Cili-

1398 1576 1556 1633 ciam,
1629 1573 1871 1622 Pisidiam
1893 1610 1906 1634 ,
1967 1573 2340 1638 Pamphyliam,

1398 1643 1804 1708 Cappadociam,
1836 1643 1902 1690 ad
1935 1646 2034 1692 Att.
2067 1643 2128 1707 5,
2168 1642 2341 1707 1ὗ,,3.

1396 1740 1465 1749 -
1498 1713 1808 1776 Lycaonium
1842 1711 2010 1760 forum
2043 1727 2195 1777 agere
2235 1712 2344 1762 vult

1398 1781 1570 1830 Cicero
1589 1817 1604 1844 ,
1629 1783 1700 1830 Ib.
1725 1780 1787 1841 5,
1811 1781 1874 1830 21
1894 1817 1908 1840 ,
1930 1780 1978 1831 9.
2019 1783 2086 1832 ad
2105 1782 2228 1831 fam.
2256 1781 2340 1842 15,

1395 1851 1441 1908 1,
1463 1854 1512 1902 2.
1556 1852 1628 1899 lb.
1661 1851 1742 1909 15,
1765 1854 1814 1912 2,
1849 1850 1894 1899 1.

1325 1917 1575 1987 Lyceum
1607 1920 1685 1970 vel
1713 1917 1981 1985 Lycium,
2015 1919 2158 1969 locus
2178 1921 2341 1971 Athe·

1395 1992 1472 2038 nis
1490 2028 1502 2049 ‚
1526 1992 1575 2039 iu
1597 2006 1694 2051 quo
1715 1988 2034 2052 περίπατος-
2048 1991 2340 2040 Aristotelis

1395 2068 1516 2108 erat.
1551 2086 1622 2094 —-
1652 2061 1970 2123 Peripatetici
2011 2060 2341 2123 disputabant

1393 2127 1760 2178 inambulantes
1815 2129 1864 2176 in
1915 2128 2068 2191 Lycio
2084 2166 2098 2191 ‚
2174 2129 2339 2177 Acad.

1394 2206 1526 2262 post.
1557 2198 1602 2250 1,
1625 2199 1675 2258 4,
1700 2198 1782 2246 17.
1810 2223 1879 2232 —
1895 2198 2104 2261 Lycium
2125 2198 2340 2262 Peripa—

1393 2268 1654 2315 teticorum
1676 2302 1688 2323 ,
1723 2269 1785 2314 de
1805 2274 1932 2315 orat.
1962 2267 1986 2314 1
2007 2304 2020 2327 ,
2049 2268 2135 2327 21,
2157 2268 2245 2319 98.
2269 2292 2340 2303 --

1391 2336 1611 2398 Lyceum
1634 2336 1849 2385 nitidum
1867 2372 1880 2393 ,
1907 2336 1970 2385 de
1991 2337 2148 2387 divin.
2175 2337 2224 2401 1,
2252 2336 2336 2394 13,

1322 2472 1599 2539 Lyceum,
1639 2475 1875 2537 superius
1920 2473 2242 2539 gymnasium
2286 2475 2337 2519 in

1391 2542 1646 2591 Ciceronis
1666 2542 1953 2593 Tusculano
1969 2579 1982 2601 ,
2015 2543 2078 2591 de
2099 2542 2257 2591 divin.
2287 2542 2336 2599 l,

1389 2613 1440 2670 5,
1463 2612 1516 2661 8.
1537 2614 1668 2660 -In
1690 2613 1852 2676 Lyceo
1876 2618 1983 2660 erat
2000 2610 2333 2671 bibliotheca,

1389 2681 1464 2733 lb.
1497 2682 1548 2743 2,
1581 2680 1628 2741 3,
1653 2681 1702 2730 8.

1316 2747 1519 2816 Lycii,
1543 2749 1720 2799 Graeci
1740 2748 1990 2806 homineS,
2013 2748 2236 2813 primum
2259 2749 2337 2794 in-

1391 2820 1622 2868 colebant
1664 2818 2015 2877 Phaselidem,
2065 2824 2248 2880 postea
2305 2831 2335 2863 a

1393 2887 1636 2939 Cilicibus
1690 2887 2033 2952 praedonibus
2098 2885 2335 2947 ascitam,

1391 2958 1538 3009 Verr.
1579 2966 1803 3007 accusat.
1834 2958 1897 3015 4,
1936 2956 2029 3017 10,
2066 2954 2152 3003 21.
2185 2981 2254 2989 -
2288 2955 2337 3001 A

1391 3028 1587 3091 Lyctia,
1654 3026 1923 3083 Cilicibus,
1989 3022 2334 3089 Pamphyliis,

1378 3097 1571 3145 ‚Pisidis
1606 3096 1837 3160 auspicia
1864 3101 2126 3155 tenentur,
2165 3092 2231 3142 de
2255 3092 2337 3140 di-

1385 3167 1485 3214 vin.
1521 3165 1548 3215 l
1568 3201 1581 3223 ,
1613 3164 1704 3227 15,
1739 3164 1820 3214 25.
1840 3163 2204 3227 -Lyciorum
2222 3176 2332 3218 ora,

1381 3235 1446 3283 de
1467 3234 1580 3297 lege
1601 3248 1710 3299 agr.
1736 3234 1781 3288 1.
1806 3233 1831 3282 l
1853 3269 1866 3292 ,
1892 3231 1941 3284 1.
1963 3258 2032 3269 --—
2057 3232 2130 3280 De
2153 3244 2334 3279 eorum

1381 3302 1617 3367 auxiliiS,
1638 3303 1704 3351 ad
1723 3304 1828 3351 Att.
1851 3300 1900 3359 6,
1920 3300 1972 3359 5,
1993 3300 2046 3351 3.

294 3366 435 3423 Nihil
453 3368 547 3417 fuit
565 3371 619 3417 in
641 3370 861 3433 Catulis,
883 3378 939 3418 ut
955 3386 1042 3419 eos
1063 3371 1233 3431 exqui·
1311 3368 1494 3439 Lyco,
1537 3371 1862 3434 Astyanactis
1897 3369 2060 3426 filius,
2096 3366 2334 3432 philoso-

298 3436 396 3484 sito
411 3437 599 3487 iudicio
621 3445 827 3501 putares
845 3440 922 3487 uti
940 3438 1237 3488 litterarum.

1382 3440 1512 3505 phus
1533 3440 1915 3504 Peripateticum
1932 3436 2165 3500 ——Lyem
2188 3435 2334 3487 Stra-
