2500 3850
704 165 763 214 ο.
800 165 1033 214 muns
1060 165 1328 214 CAESAR
1355 167 1814 216 OCTAVIANUS.
2187 156 2303 222 193

277 324 473 374 locutio
500 324 771 373 emendata
790 331 839 373 et
860 323 1057 388 Latina,
1077 322 1215 372 Brut.

278 395 362 458 74,
402 392 526 444 258.
567 393 662 454 75,
690 391 807 442 261.
843 421 913 432 ——
959 391 1256 442 Orationes-

278 463 422 524 eius‚
468 460 835 510 ‘commentarii
887 460 1039 511 valde
1102 476 1223 526 pro-

280 531 469 594 bandi,
511 530 588 583 Ib.
630 531 725 590 75,
766 529 887 584 262.
928 556 997 566 —
1035 530 1221 580 Caesar

281 600 515 650 omnibus
536 590 782 647 στάσεων
804 599 1075 664 generibus
1096 613 1219 648 usus

279 675 357 718 est
390 668 546 719 nimis
576 669 901 732 impudenter
932 675 1104 718 contra
1124 669 1218 718 Ca-

278 745 452 787 tonem
477 735 764 798 CiceroniS‚
790 737 966 802 Topic.
990 737 1058 786 25
1072 773 1089 805 ,
1128 735 1215 788 94.

276 833 347 846 ·—
380 807 689 872 Fragmenta
716 806 1057 870 Epistularum
1078 805 1217 855 Cice-

278 878 419 926 ronis
451 875 518 925 ad
536 890 651 924 eum
681 877 1005 940 scriptarum,
1035 875 1217 939 fragm.

278 960 331 1008 p.
359 943 463 995 250
486 958 563 1008 sq.

207 1011 273 1062 C.
333 1009 514 1062 Iulius
586 1011 799 1062 Caesar
852 1008 1217 1076 Octavianus,

276 1089 393 1130 ante
413 1081 739 1145 adoptionem
764 1079 1054 1145 Octavius,
1081 1088 1220 1146 post-

276 1166 336 1200 ea
363 1149 672 1216 Augustus.
708 1178 779 1188 —-
809 1151 1015 1210 Quaerit
1042 1151 1219 1203 Cicero

274 1219 341 1269 de
378 1219 600 1269 adventu
628 1218 827 1270 Octavii
856 1219 1021 1283 qualis
1048 1218 1219 1277 fuerit,

276 1289 345 1337 ad
367 1290 472 1336 Att.
494 1287 587 1350 14,
620 1288 683 1352 5,
708 1289 757 1341 3.
791 1315 857 1325 -
876 1294 900 1321 ’θ
912 1289 986 1338 De
1007 1287 1218 1338 Octavio

274 1371 365 1406 sus
400 1357 614 1420 deque’,
647 1358 719 1407 lb.
752 1359 844 1420 14,
878 1356 937 1417 6,
973 1359 1019 1406 l.
1054 1357 1220 1406 ——De

277 1425 479 1476 Octavii
524 1426 746 1478 adventu
786 1426 1036 1492 Neapolin
1085 1426 1220 1476 eius-

278 1511 378 1556 que
428 1496 773 1545 controversia
817 1511 931 1546 cum
977 1495 1217 1558 Antonin,

276 1564 353 1615 lb.
380 1562 473 1624 14,
512 1563 603 1626 10,
634 1564 686 1617 3.
720 1589 791 1600 —
809 1565 885 1614 De
912 1563 1109 1613 Octavii
1132 1564 1222 1612 ad-

272 1640 431 1682 ventu
460 1635 511 1681 in
538 1633 709 1682 villam
729 1633 957 1699 Philippi
986 1632 1220 1698 (vitrici),

274 1702 352 1754 Ib.
384 1701 466 1758 14,
493 1701 576 1760 11,
598 1703 649 1752 2.
664 1730 731 1738 —
746 1703 907 1762 Quem
926 1703 993 1751 ad
1014 1703 1221 1752 modum

274 1785 393 1819 cum
425 1769 667 1821 Cicerone
694 1779 929 1822 versatus
959 1771 1026 1820 sit
1054 1778 1102 1820 et
1133 1771 1221 1834 qui

276 1854 395 1890 cum
426 1853 486 1888 eo
516 1855 631 1889 esse
660 1840 881 1900 soleant,
913 1842 987 1890 lb.
1014 1840 1107 1901 14,
1135 1839 1217 1902 12,

276 1909 328 1959 2.
360 1936 427 1946 -
454 1908 752 1975 Exspectat,
791 1911 840 1960 si
864 1911 924 1961 L.
966 1909 1219 1959 Antonius

276 1978 522 2043 produxit
567 1978 862 2045 Octavium,
913 1980 1078 2042 qualis
1100 1994 1218 2029 con·

274 2048 349 2097 tio
367 2047 553 2107 fuerit,
582 2049 658 2099 lb.
683 2049 775 2113 14,
804 2050 902 2110 20,
938 2050 988 2098 5.
1029 2050 1104 2098 Ib.
1132 2048 1216 2111 14,

274 2116 340 2166 21
357 2152 373 2175 ‚
403 2120 456 2170 4.
480 2144 546 2153 --
571 2116 647 2167 De
666 2115 862 2168 Octavii
884 2118 1118 2167 contione
1143 2118 1220 2167 lu-

274 2184 559 2247 dorumque
591 2188 703 2236 eius
730 2195 977 2251 apparatu
998 2194 1047 2236 et
1064 2186 1219 2236 Matio

275 2269 337 2303 ac
368 2254 628 2304 Postumio
659 2256 1101 2321 procuratoribus,
1142 2256 1216 2306 Ib.

280 2323 363 2383 15,
386 2324 438 2383 2,
463 2322 513 2373 3.
528 2323 687 2374 —De
708 2324 972 2375 Octaviani
993 2326 1219 2391 ingenio,

274 2392 340 2441 de
388 2393 499 2441 eius
548 2393 717 2443 animo
759 2395 987 2445 nondum
1038 2393 1220 2444 confir-

276 2468 437 2521 mato,
486 2462 549 2511 de
584 2462 807 2513 Antonio
850 2464 913 2513 ab
955 2480 1014 2513 eo
1051 2464 1220 2513 seiun-

276 2529 469 2595 gendO,
493 2531 571 2583 Ib.
599 2531 683 2592 14,
710 2532 773 2583 12
788 2568 801 2591 ,
823 2533 875 2581 2.
894 2558 965 2569 -
989 2531 1219 2581 Octavia-

273 2613 369 2648 nus
390 2613 576 2665 magna
596 2600 801 2650 molitur
820 2609 869 2651 et
885 2600 985 2651 hoc
1003 2607 1216 2666 spectat,

272 2674 330 2718 ut
367 2684 425 2719 se
464 2668 592 2718 duce
630 2669 823 2719 bellum
860 2677 1067 2736 geratur
1104 2684 1220 2719 cum

273 2737 524 2801 Antonio,
549 2740 622 2787 Ib.
648 2738 729 2799 16,
752 2738 814 2800 8,
838 2740 887 2789 1.
910 2767 977 2775 —
1002 2736 1220 2806 Scripsit

272 2804 504 2857 Ciceroni
532 2806 661 2856 velle
698 2822 753 2857 se
790 2824 897 2858 rem
936 2823 1089 2874 agere
1122 2822 1217 2873 per

271 2881 503 2926 senatum
542 2882 667 2939 etc.,
704 2876 779 2931 lb.
820 2892 901 2942 ep.
942 2876 992 2928 9.
1033 2904 1108 2915 --
1137 2878 1216 2926 Ab

274 2940 551 2995 Octaviano
588 2946 773 2996 cotidie
812 2946 1113 2997 adferuntur
1149 2945 1215 2995 ad

273 3010 573 3063 Ciceronem
618 3013 844 3079 litterae,
888 3022 944 3064 ut
989 3014 1215 3081 Capuam

271 3082 471 3141 veniat,
492 3081 673 3131 iterum
692 3098 801 3133 rem
818 3084 959 3149 publ.
988 3091 1221 3149 capessat

270 3158 391 3211 etc„
415 3151 489 3200 Ib.
514 3151 597 3213 16,
615 3151 700 3213 11,
716 3152 769 3203 6.
784 3155 921 3203 -In
944 3152 1220 3203 Octaviano

271 3220 485 3281 iuvene,
525 3236 831 3284 quamquam
879 3223 1036 3272 animi
1075 3223 1219 3282 satis,

268 3289 587 3339 auctoritatis
604 3304 785 3357 parum
806 3299 899 3352 est,
930 3291 1004 3341 lb.
1029 3290 1111 3351 16,
1135 3291 1217 3353 14,

278 3356 302 3405 1
324 3371 404 3420 sq.
426 3385 494 3394 —
519 3359 677 3408 Attici
708 3360 773 3411 de
795 3358 1070 3412 Octaviano
1089 3361 1221 3410 iudi-

275 3426 515 3487 sium,1b.
538 3426 620 3491 16,
641 3427 723 3493 15,
736 3427 791 3480 3.
811 3430 877 3479 cl'.
894 3430 1134 3481 Plancum
1154 3429 1221 3480 ad

348 3510 567 3549 cronno·

1363 323 1484 373 fam.
1514 325 1596 382 10,
1623 325 1705 384 23,
1727 323 1779 375 6.
1815 325 1889 374 11).
1917 325 2000 384 10,
2021 327 2107 388 24,
2128 327 2162 375 4
2182 333 2231 376 et
2251 328 2302 377 5.

1361 394 1436 446 11).
1457 392 1538 456 10,
1553 395 1638 452 24,
1652 391 2086 446 8.—Octavianus
2103 395 2305 458 simpli·

1361 469 1438 510 ter
1455 463 1638 511 dicitur
1665 460 1875 524 Caesar,
1906 464 1982 514 Ib.
2011 460 2099 522 10,
2137 464 2206 512 24
2225 499 2240 523 ,
2270 465 2307 515 4

1362 538 1410 580 et
1429 531 1478 583 5.
1516 531 1640 579 Item
1673 533 1720 594 S.
1743 530 1794 584 8.
1815 558 1887 570 —-
1905 533 2158 598 Egregius
2177 547 2307 597 puer

1362 599 1547 650 Caesar
1569 607 1663 648 etc.
1682 637 1694 657 ,
1724 601 1797 652 Ib.
1823 598 1904 660 10,
1925 601 2010 661 28,
2034 598 2083 652 3.
2121 601 2196 650 Ib.
2220 599 2302 664 10,

1361 667 1446 733 33,
1469 667 1519 720 3.
1551 669 1626 718 11).
1657 667 1752 728 10,
1775 667 1870 728 33,
1893 671 1942 719 4.
1965 697 2030 706 -
2047 669 2308 718 Laudatur

1350 739 1656 801 rursus,1b.
1684 738 1766 798 11,
1793 739 1842 797 ’7,
1863 741 1914 790 2.
1948 740 2022 788 11).
2049 738 2108 787 ll
2129 776 2144 799 ,
2165 737 2231 801 8,
2251 742 2302 790 2.

1359 833 1425 844 -
1456 807 1580 856 Eius
1609 814 1837 859 conatus,
1876 806 2080 857 Laudes
2107 822 2138 856 a
2164 807 2306 858 Cice·

1357 889 1480 924 rone
1498 876 1714 926 tributae
1733 891 1781 926 a.
1803 893 1856 929 u.
1879 892 1925 924 c.
1947 877 2066 928 710.
2085 875 2306 925 Insidias

1360 946 1608 994 struxisse
1641 946 1860 994 Antonio
1891 947 2193 1010 putabatur,
2229 946 2303 994 Ib.

1364 1013 1456 1074 12,
1489 1014 1589 1073 23,
1623 1015 1673 1067 2.
1709 1040 1775 1050 —-
1811 1012 2008 1064 Gaudet
2038 1015 2216 1066 Cicero
2249 1029 2306 1063 se
2380 1008 2405 1026 ““

1361 1082 1635 1132 Antonium
1673 1083 1952 1132 coniecisse
1985 1086 2036 1133 in
2073 1081 2306 1132 Caesaris

1363 1150 1626 1201 Octaviani
1663 1151 1876 1225 plagas,
1927 1153 1990 1202 de
2039 1167 2138 1214 quo
2175 1153 2306 1201 bene

1361 1228 1556 1285 sperat,
1585 1221 1660 1270 Ib.
1686 1220 1779 1283 12,
1813 1223 1912 1282 25,
1945 1222 1998 1275 4.
2035 1247 2099 1256 -
2130 1220 2306 1284 Neque

1363 1290 1570 1340 Caesari
1593 1290 1834 1354 imperari
1865 1303 2021 1354 posse
2062 1305 2152 1338 nec
2181 1289 2306 1340 Cae-

1360 1373 1525 1408 sarem
1545 1358 1790 1407 exercitui
1810 1371 1923 1419 suo,
1945 1357 2006 1408 D.
2031 1359 2216 1406 Brutus
2238 1359 2308 1408 ad

1362 1427 1483 1476 fam.
1513 1426 1602 1488 11,
1629 1425 1721 1487 10,
1742 1429 1795 1477 4.
1834 1425 1902 1478 cl.
1925 1426 1996 1474 ib.
2021 1424 2109 1487 11,
2141 1425 2232 1485 13,
2258 1426 2304 1475 1.

1359 1521 1430 1534 —--
1457 1495 1520 1546 D.
1553 1495 1740 1544 Brutus
1773 1494 2024 1558 probabat
2047 1491 2308 1542 Ciceronis

1359 1565 1638 1614 sententias
1696 1568 1715 1595 θ
1729 1563 1792 1612 de
1848 1561 2075 1612 ornando
2133 1561 2308 1611 adole-

1360 1637 1572 1696 scente’,
1592 1633 1665 1682 Ib.
1696 1632 1756 1682 11
1777 1670 1791 1693 ,
1819 1633 1902 1684 14.
1931 1631 1958 1680 1
1986 1647 2064 1694 sq.
2084 1656 2153 1666 —
2173 1631 2308 1690 Quid

1363 1702 1546 1752 Caesar
1567 1701 1754 1751 dixerit
1775 1702 1837 1750 de
1859 1701 1994 1750 dicto
2015 1699 2305 1751 Ciceronis=

1358 1771 1694 1821 Laudandum
1713 1771 2108 1831 adolescentem,
2123 1783 2307 1818 ornan-

1363 1842 1511 1904 dum,
1545 1840 1856 1902 tollendum,
1886 1840 1949 1889 D.
1982 1839 2197 1902 Brutus,
2227 1840 2304 1888 11).

1364 1909 1448 1973 11,
1468 1909 1555 1969 20,
1579 1910 1627 1963 1.
1669 1910 1734 1962 cl.
1755 1909 1825 1959 ib.
1855 1909 1937 1973 11,
1959 1909 2046 1971 20,
2067 1910 2120 1961 4.
2146 1916 2194 1958 et
2219 1922 2303 1973 ep.

1362 1980 1456 2041 21,
1488 1979 1536 2030 1.
1564 2004 1632 2017 --
1661 1980 1736 2028 De
1756 1980 1891 2029 ludis
1925 1977 2158 2028 Caesaris
2183 1978 2310 2027 ado›

1361 2048 1624 2109 lescentis,
1661 2048 1714 2099 C.
1747 2047 1934 2097 Matius
1971 2047 2034 2097 ad
2069 2046 2194 2096 fam.
2221 2046 2306 2106 11,

1361 2116 1430 2168 28
1446 2154 1459 2178 ,
1491 2116 1540 2167 6.
1560 2144 1630 2155 --
1650 2119 1711 2171 A.
1736 2133 1788 2169 u.
1813 2132 1857 2167 c.
1877 2115 2000 2168 710.
2022 2123 2138 2167 ante
2157 2131 2307 2181 proe-

1362 2188 1486 2236 lium
1509 2186 1796 2237 Mutinense
1821 2186 1890 2236 ad
1907 2186 2094 2236 Forum
2119 2185 2307 2236 Corne-

1363 2256 1488 2305 lium
1510 2265 1618 2307 erat
1639 2270 1756 2306 cum
1772 2256 1918 2307 firmo
1941 2258 2170 2305 exercitu
2186 2292 2200 2315 ,
2228 2255 2301 2304 Ib.

1363 2326 1428 2375 12
1447 2361 1459 2384 ,
1481 2325 1544 2385 5,
1571 2328 1625 2379 2.
1665 2326 1730 2374 cl.
1753 2326 1826 2377 ib.
1851 2324 1946 2386 16,
1969 2327 2065 2385 24,
2087 2326 2137 2374 2.
2160 2350 2226 2359 -—-
2247 2321 2304 2375 C.

1363 2394 1554 2445 Caesar
1601 2393 1900 2443 adolescens
1949 2398 2056 2441 tum
2071 2430 2086 2453 ,
2145 2406 2304 2455 quum

1361 2463 1582 2511 maxime
1601 2462 1743 2511 furor
1761 2461 1959 2509 arderet
1978 2460 2204 2519 Antonii,
2226 2496 2238 2508 .
2256 2498 2269 2512 .
2289 2494 2304 2509 .

1359 2531 1709 2581 firmissimum
1731 2529 2008 2579 exercitum
2030 2543 2095 2577 ex
2117 2528 2308 2577 invicto

1361 2615 1550 2667 genere
1567 2606 1916 2649 veteranorum
1935 2598 2148 2647 militum
2167 2612 2308 2647 com-

1358 2670 1559 2735 paravit
1577 2669 2038 2734 patrimoniumque
2059 2682 2208 2719 suum
2231 2666 2307 2717 ef-

1360 2738 1494 2789 fudit
1512 2752 1562 2787 a.
1580 2754 1632 2787 u.
1657 2754 1700 2788 c.
1723 2738 1842 2790 710.
1859 2776 1876 2803 ,
1909 2739 2135 2806 Philipp.
2159 2738 2220 2803 3,
2253 2738 2306 2797 2,

1362 2807 1394 2859 3
1415 2822 1529 2871 sqq.
1562 2836 1628 2845 -
1658 2808 1719 2857 Ei
1752 2809 1815 2859 ab
1847 2809 2066 2860 Antonio
2097 2808 2308 2858 obiicie-

1362 2878 1512 2926 batur
1530 2877 1738 2927 Aricina
1759 2886 1922 2929 mater
1936 2916 1950 2943 ,
1985 2880 2103 2927 Atia
2119 2913 2136 2941 ‚
2157 2878 2233 2926 lb.
2252 2874 2306 2936 3,

1360 2946 1394 2997 6
1411 2983 1424 3007 ,
1449 2947 1531 2997 15.
1551 2972 1622 2983 -·
1652 2947 1910 2997 Laudatur
1931 2948 2068 3009 quod
2090 2946 2307 2994 salutem

1361 3014 1436 3064 rei
1457 3014 1599 3080 publ.
1621 3016 1872 3079 attulerit,
1905 3018 1974 3064 lb.
2004 3014 2036 3066 3
2051 3051 2066 3075 ‚
2091 3012 2152 3063 11
2173 3050 2186 3074 ,
2219 3014 2306 3063 27.

1359 3110 1425 3120 —-
1449 3084 1814 3149 Amplissimae
1841 3085 1953 3133 eius
1987 3083 2190 3143 laudea,
2226 3083 2302 3131 Ib.

1361 3155 1412 3215 4,
1438 3154 1487 3213 1,
1508 3155 1563 3205 2.
1583 3181 1650 3189 —
1677 3152 1731 3205 C.
1757 3152 1943 3203 Caesar
1963 3151 2188 3201 colonias
2215 3164 2307 3213 pa·

1359 3223 1484 3271 trias
1503 3222 1665 3281 adiit,
1686 3227 1951 3271 veteranos
1977 3219 2164 3269 milites
2185 3233 2308 3286 con-

1361 3290 1593 3350 vocavit,
1619 3290 1796 3353 paucis
1821 3290 2004 3339 diebus
2025 3288 2305 3338 exercitum
2395 3346 2400 3350 ι

1361 3359 1512 3423 fecit,
1555 3359 1790 3407 incitatos
1833 3358 2042 3408 latronis
2083 3358 2304 3419 impetus

1363 3428 1670 3505 retardavit,
1703 3427 1926 3548 Phililpg).
1949 3428 2011 3490 5,
2033 3425 2092 3487 8,
2115 3424 2202 3477 23.
2237 3423 2304 3474 el.
