2500 3850
445 179 781 228 CAECILIA
822 201 908 212 --
941 181 1004 229 Τ.
1041 179 1405 230 CAECILIUS
1442 179 1913 230 EUTYCHIDES.

202 339 418 399 femina,
469 337 548 387 lb.
588 335 660 388 50
683 372 699 397 ,
752 337 876 388 147.
916 364 983 376 -
1033 338 1154 390 Eius

205 408 484 467 somnium,
530 406 592 456 de
624 406 788 456 divin.
823 407 879 466 1,
907 408 966 472 2,
999 410 1048 458 4.
1085 433 1155 445 —-

202 479 320 528 Eius
351 475 558 526 somnio
596 474 820 526 Marsico
849 475 985 526 bello
1023 485 1154 526 tem-

201 548 340 612 plum
363 552 445 594 est
465 560 498 594 a
515 549 696 594 senatu
717 545 900 595 Iunoni
919 545 1156 611 Sospitae

203 617 510 677 restitutum,
531 613 598 662 de
617 613 776 665 divin.
802 615 852 680 1,
874 616 963 676 44,
984 613 1068 667 99.
1085 641 1156 653 --

205 683 360 734 Omen
379 683 446 734 ab
460 697 524 732 ea
535 689 758 748 captum,
774 683 846 734 Ib.
866 684 915 746 1,
929 683 1016 749 46,
1033 684 1150 734 104.

146 749 382 803 Caecilia
397 788 414 816 ‚
433 749 505 800 Μ.
530 750 708 812 Scauri
730 760 922 813 mater‘,
945 751 1154 820 pro-Se-

205 827 296 872 stio
320 823 410 882 47,
436 821 555 871 101.

143 889 438 954 (Caecilia)
455 889 714 940 Metella.
735 889 980 942 Lentulus
1000 889 1154 956 Spin-

203 961 314 1010 ther
352 957 546 1024 (filius)
585 974 700 1008 cum
739 959 943 1008 Metella
983 961 1151 1010 divor-

204 1031 329 1080 tium
350 1028 504 1092 fecit,
528 1028 595 1077 ad
613 1029 716 1077 Att.
740 1026 824 1090 13,
847 1030 899 1094 7,
925 1029 976 1079 1.

143 1095 442 1164 (Caecilia)
479 1095 754 1161 Metella,
810 1098 877 1147 ad
916 1099 1022 1152 Att.
1067 1097 1150 1159 11,

147 1233 416 1298 Caecilia,
475 1235 632 1284 Attici
669 1233 801 1284 fllia:
853 1235 964 1299 ipse
1015 1237 1150 1286 enim

201 1304 514 1368 Pomponius
548 1305 748 1353 Atticus
788 1301 1040 1356 Caecilius
1073 1305 1150 1355 di-

203 1374 352 1435 eitur,
398 1374 523 1436 quia
563 1388 594 1421 a
630 1371 851 1422 Caecilio
897 1374 1148 1424 avunculo

205 1443 477 1507 adoptatus
500 1448 634 1502 erat,
667 1441 734 1492 ad
767 1444 870 1492 Att.
893 1443 944 1504 5,
976 1442 1060 1506 19,
1092 1444 1145 1493 2.

203 1511 275 1562 lb.
297 1513 350 1573 6,
379 1511 428 1570 1,
461 1511 546 1560 22.
585 1511 661 1560 Ib.
695 1525 776 1576 ep.
809 1513 862 1572 2,
894 1510 977 1562 10.
1018 1512 1148 1560 Atti-

205 1579 315 1628 cula
335 1595 434 1644 per
457 1581 625 1630 iocum
643 1587 881 1641 vocatur,
919 1580 994 1628 Ib.
1016 1578 1068 1641 5,
1091 1582 1144 1633 4.

201 1649 272 1701 Ib.
300 1650 350 1710 7,
373 1651 428 1712 2,
447 1649 500 1698 4.
527 1663 588 1698 ac
611 1650 837 1714 saepius,
859 1649 984 1697 Eam
1005 1655 1150 1715 pater

201 1717 519 1781 desponsare
554 1718 772 1784 cogitat,
812 1717 876 1767 ad
916 1719 1019 1766 Att.
1061 1717 1144 1778 13,

143 1853 464 1904 Caeciliana
501 1853 705 1916 fabula,
745 1837 931 1920 poema
966 1855 1022 1906 C.
1061 1856 1148 1906 Li-

197 1925 320 1975 cinii
347 1925 573 1975 Archiae
605 1923 659 1973 in
689 1923 890 1976 laudem
921 1926 1147 1977 Metello-

197 2008 337 2054 rum,
360 1995 430 2043 ad
449 1994 555 2043 Au.
582 1992 632 2053 1,
655 1991 847 2055 16,15.

137 2059 489 2112 Caecilianus
527 2077 706 2112 senex.
744 2064 810 2115 V.
850 2062 915 2113 C.
949 2062 1144 2115 Caeci-

195 2129 307 2181 lius
328 2129 569 2181 Statius.

137 2196 370 2249 Caecilii
394 2190 615 2249 Metelli
645 2213 822 2251 omnes
853 2202 1051 2251 inimici
1086 2201 1143 2255 C.

195 2268 374 2327 Marii,
411 2269 476 2319 de
507 2283 652 2335 prov.
686 2285 825 2321 conS.
862 2270 924 2333 8,
958 2269 1040 2321 19.
1071 2296 1142 2309 —

193 2337 518 2388 Metellorum
554 2338 794 2402 sepulcra
840 2340 908 2390 ad
941 2346 1142 2405 portam

193 2406 483 2471 Capenam,
507 2406 716 2461 Tuscul.
739 2408 788 2469 1,
811 2409 861 2469 7,
893 2409 974 2461 13.

130 2471 444 2539 Cae-cilina,
486 2490 672 2525 nomen
719 2478 941 2543 exempli
983 2493 1146 2529 causa.

192 2546 450 2609 positum,
473 2544 572 2594 de
560 2559 666 2594 mv.
694 2546 746 2608 2,
765 2544 817 2607 9,
839 2546 928 2597 28.

130 2608 194 2661 C.
226 2610 545 2677 Caecilius,
566 2629 725 2678 eques
745 2614 1023 2677 RomanuS,
1044 2630 1138 2681 pro

193 2681 374 2732 Flacco
395 2680 484 2745 36,
505 2682 596 2734 89.

127 2747 194 2814 Q
219 2748 526 2802 Caecilius.
569 2750 626 2810 Q.
664 2751 967 2813 Caecilium,
997 2767 1140 2804 soro-

187 2820 264 2868 ris
295 2836 425 2871 suae
462 2822 660 2883 virum,
701 2822 922 2884 equitem
951 2788 1142 2871 ’Roma-

189 2902 336 2954 num,
379 2890 490 2941 suis
518 2890 756 2939 manibus
785 2891 973 2941 occidit
1004 2890 1140 2943 Cati-

189 2956 325 3018 lina,
349 2958 407 3017 Q.
435 2958 540 3009 Cic.
572 2959 636 3008 de
655 2966 758 3024 pet.
779 2975 923 3010 cons,
948 2960 1070 3022 2,9.

126 3020 189 3087 Q
231 3022 547 3093 Caecilius,
597 3043 715 3079 cum
752 3028 812 3080 L.
852 3029 1037 3080 Pisone
1075 3028 1141 3079 de

987 3232 1016 3265 *

255 3518 481 3562 CICERO·

2155 167 2237 228 49

1298 337 1551 388 delatione
1618 339 1835 392 nominis
1905 338 1964 388 Ρ.
2034 335 2237 387 Gabinii

1298 407 1583 469 contendit,
1635 406 1793 456 divin.
1835 408 1890 457 in
1934 405 1993 465 Q.
2044 405 2233 458 Caecil.

1227 545 1296 612 Q.
1316 541 1619 608 Caecilius,
1634 559 1789 606 eques
1803 544 2082 602 Romanus,
2098 543 2237 593 fene-

1297 621 1449 674 rator,
1474 613 1755 664 avuneulus
1777 613 1960 677 Attici,
1987 613 2074 674 qui
2093 620 2236 678 post-

1294 699 1355 734 ea
1382 689 1682 733 testamento
1706 681 1928 730 Atticum
1955 680 2234 745 adoptavit,

1296 753 1481 806 adAtt.
1508 751 1569 814 1,
1594 749 1654 816 l,
1680 749 1845 804 3.1b.
1870 750 1929 811 1,
1954 749 2049 810 12,
2074 751 2121 800 1.
2161 752 2234 801 11).

1294 823 1357 882 2,
1390 821 1483 880 19,
1510 820 1560 870 5.
1600 821 1673 869 11).
1707 821 1764 879 2,
1795 819 1887 877 20,
1920 818 1967 868 1.
1992 845 2058 854 --
2088 819 2161 868 Ib.
2184 817 2233 880 3,

1226 957 1299 1024 Q.
1346 956 1627 1008 Caecilius
1675 957 1747 1024 Q.
1786 955 1851 1006 F.
1891 953 2234 1021 Pomponius

1293 1025 1515 1078 Atticus
1549 1029 1612 1078 ab
1644 1027 1894 1078 avunculo
1926 1027 1985 1087 Q.
2014 1025 2232 1076 Caecilio

1294 1097 1592 1161 adoptatus,
1615 1097 1681 1146 ad
1704 1097 1805 1146 Au.
1829 1097 1878 1159 3,
1902 1097 1987 1158 20,
2010 1094 2059 1145 1.

1225 1164 1293 1231 Q.
1328 1163 1611 1216 Caecilius
1639 1163 1883 1229 Bassus,
1916 1169 2153 1229 quaestor
2176 1162 2230 1216 G.

1293 1235 1419 1285 Iulio
1441 1235 1655 1306 Caesare
1674 1242 1723 1282 et
1742 1235 1809 1286 M.
1825 1234 2007 1284 Bibulo
2030 1248 2160 1283 coss.
2182 1247 2228 1281 a.

1290 1320 1342 1353 ιι.
1362 1321 1405 1354 e.
1419 1303 1542 1366 695,
1557 1304 1741 1353 adAtt.
1754 1304 1806 1363 2,
1832 1301 1883 1361 9,
1907 1303 1955 1352 1.
1974 1302 2115 1350 —Ei
2142 1316 2232 1350 au·

1290 1374 1419 1422 xiiia
1442 1374 1647 1423 misisse
1669 1371 2057 1421 insimulabatur
2082 1370 2233 1418 Deio-

1289 1452 1448 1502 taruS,
1474 1456 1568 1506 pro
1589 1440 1757 1489 Deiot.
1787 1438 1848 1501 8,
1882 1437 1968 1490 23.
1994 1463 2061 1474 --
2090 1437 2233 1487 Bello

1291 1510 1533 1560 Africano
1554 1522 1736 1574 graves
1758 1508 1820 1557 de
1833 1505 2047 1556 Caesare
2066 1521 2235 1558 rumo-

1286 1594 1369 1630 res
1406 1579 1575 1643 sparsi
1614 1577 1767 1628 etiam
1804 1575 2053 1630 furiosum
2086 1575 2233 1626 illum

1290 1647 1567 1698 Caecilium
1588 1647 1955 1709 excitaverunt,
1976 1647 2051 1696 Ib.
2071 1645 2123 1706 9,
2145 1645 2229 1696 25.

1288 1745 1359 1754 -
1378 1733 1408 1766 a
1425 1720 1609 1768 Vetere
1628 1717 1849 1767 Antistio
1870 1731 1916 1766 a.
1941 1733 1993 1766 u.
2020 1732 2063 1766 c.
2088 1683 2229 1777 710.,

1291 1786 1543 1838 Caecilius
1570 1785 2039 1837 circumsedebatur
2057 1791 2106 1834 et
2130 1785 2233 1834 iam

1288 1871 1451 1923 paene
1470 1859 1750 1921 tenebatur,
1778 1856 1844 1908 ad
1862 1853 1967 1907 Att.
1989 1855 2084 1916 14,
2104 1854 2154 1916 9,
2178 1853 2227 1908 3.

1286 1928 1359 1977 11).
1384 1928 1465 1989 15,
1490 1929 1583 1989 13,
1604 1931 1656 1979 4.
1679 1956 1745 1965 —-
1766 1928 1958 1979 Bassus
1980 1926 2231 1977 Caecilius

1286 1997 1515 2059 videtur,
1548 2000 1723 2048 nuntio
1756 1998 1819 2047 de
1841 1996 2057 2047 Caesare
2076 1996 2230 2045 inter-

1287 2064 1419 2116 fecto
1442 2067 1642 2129 adlato,
1673 2066 1867 2117 firmior
1896 2065 2124 2130 futurus,
2160 2065 2225 2118 D.

1287 2135 1474 2187 Brutus
1486 2137 1550 2186 ad
1564 2137 1688 2186 fam.
1707 2135 1791 2195 11,
1810 2136 1923 2196 1,4.
1940 2134 2082 2194 -Q.
2103 2133 2229 2184 Cae·

1286 2203 1435 2254 cilius
1457 2205 1679 2267 Bassus,
1704 2204 1860 2255 habet
1886 2204 2150 2255 robustum
2181 2211 2231 2253 et

1286 2274 1527 2325 victorem
1556 2276 1837 2325 exercitum
1868 2288 1915 2323 a.
1948 2287 1997 2321 u.
2020 2287 2064 2322 c.
2089 2272 2227 2328 711.,

1251 2341 1506 2407 Philipp.
1542 2342 1639 2408 11,
1682 2344 1780 2403 13,
1819 2340 1906 2394 32.
1940 2368 2011 2380 -
2048 2340 2226 2405 Legio,

1283 2426 1435 2473 quam
1456 2411 1501 2459 is
1518 2410 1715 2469 habuit,
1736 2410 1802 2459 ad
1817 2408 1871 2459 C.
1887 2408 2119 2459 Cassium
2143 2424 2229 2458 ve-

1281 2481 1356 2529 nit
1379 2495 1427 2529 a.
1455 2496 1510 2533 u.
1536 2494 1582 2533 c.
1614 2478 1733 2529 711.
1751 2514 1765 2537 ,
1788 2478 1995 2528 Cassius
2018 2477 2085 2526 ad
2104 2476 2225 2527 fam.

1284 2546 1867 2611 12,11,1.--N01uit
1898 2548 1944 2595 ei
1972 2544 2227 2611 legionem

1278 2618 1594 2699 tradere31b.
1617 2632 1701 2682 ep.
1727 2616 1811 2677 12,
1833 2615 1883 2671 3.
1905 2642 1975 2653 -
1998 2618 2119 2666 ‘Iste
2138 2631 2227 2668 ne·

1280 2687 1390 2736 scio
1411 2687 1498 2749 qui
1518 2686 1767 2739 Caecilius
1785 2652 2019 2749 bassus?
2044 2686 2119 2737 11).
2142 2702 2225 2753 ep.

1213 2820 1283 2887 Q.
1307 2820 1588 2876 Caecilius
1607 2820 1737 2875 Dio.
1771 2824 1836 2872 V.
1865 2822 1979 2875 Dio
2008 2822 2224 2876 Halae·

1280 2888 1457 2944 sinus.

1151 2956 1284 3009 T.
1328 2959 1611 3013 Caecilius
1650 2959 2027 3030 Eutychides,
2068 2963 2223 3013 Attici

1282 3030 1521 3096 libertus,
1543 3032 1610 3082 ad
1629 3031 1734 3091 Ati.
1754 3036 1808 3092 4,
1831 3032 1913 3092 15,
1938 3032 1987 3082 1.
2066 3098 2074 3110 ¹

1367 3234 1397 3267 *
