2500 3850
679 148 1266 235 nominamus
1303 209 1377 218 -
1403 187 1737 236 meones,

254 346 432 396 Flacco
496 344 565 394 26
586 379 603 407 ,
668 342 754 393 63.
817 369 883 378 -—-
941 342 1197 392 Lacedae-

254 415 545 464 moniorum
576 411 852 476 disciplina
892 427 923 459 a
956 411 1195 478 Lycurgo

254 484 462 532 astricta
489 481 723 546 legibus,
753 479 892 528 Brut.
919 478 998 536 10,
1018 479 1106 530 40.
1128 507 1196 516 -

255 551 777 601 Lacedaemoniorum
796 549 1068 612 disciplina
1095 564 1197 599 non

254 622 315 670 ab
339 619 583 684 Apolline
606 618 781 682 potius
804 615 1013 684 Spartae
1041 633 1196 680 quam

254 705 283 740 a
308 690 545 754 Lycurgo
570 686 717 747 data,
758 687 820 736 de
853 702 904 740 u.
930 687 981 736 d.
1003 687 1065 750 3,
1106 685 1193 746 38,

253 757 339 809 91.
360 785 436 795 ——
452 756 847 806 Lacedaemonii
866 755 1022 806 fortes
1036 792 1049 814 ,
1072 755 1195 805 dum

251 827 473 892 Lycurgi
506 827 647 890 leges
676 826 946 890 vigebant,
982 823 1192 876 Tuscul.

255 897 282 947 1
301 934 314 954 ,
352 898 422 946 42
438 931 453 954 ‚
511 895 629 946 101.
681 921 749 930 —-
801 893 1195 943 Lacedaemonii

254 980 373 1014 suos
390 978 567 1014 omnes
586 977 739 1028 agros
754 977 869 1014 esse
883 963 1189 1025 dictitamnt,

253 1049 382 1097 quos
420 1032 616 1096 spiculo
659 1039 869 1096 possent
918 1033 1185 1096 attingere,

253 1104 315 1152 de
335 1117 377 1150 r.
399 1116 451 1165 p.
474 1099 537 1161 3,
557 1099 619 1160 9,
644 1101 725 1151 15.
746 1127 812 1136 —-
846 1099 1191 1150 Lacedaemo-

249 1172 454 1220 niorum
472 1171 635 1218 victus
658 1170 709 1217 in
729 1168 962 1233 philitiis,
982 1168 1189 1218 Tuscul.

252 1241 283 1290 5
299 1276 313 1299 ,
344 1237 413 1288 34
430 1277 444 1300 ,
467 1237 553 1290 98.
586 1265 652 1274 —-
671 1238 1058 1288 Lacedaemonii
1082 1253 1188 1289 rem

248 1308 395 1374 publ.
419 1323 561 1356 suam
582 1307 923 1368 retinuerunt,
961 1321 1051 1370 pro
1078 1307 1190 1356 Mu-

248 1393 372 1426 rena
419 1376 483 1428 35
500 1413 513 1435 ,
558 1377 645 1425 74.
684 1401 753 1412 -—-
780 1376 1188 1437 Lacedaemonii,

250 1450 421 1495 omnia
453 1452 810 1494 concesserunt
840 1445 894 1492 in
918 1459 1089 1493 amore
1108 1447 1186 1494 iu-

250 1529 438 1565 venum
459 1522 661 1576 praeter
676 1519 941 1578 stuprum,
982 1514 1047 1562 de
1065 1530 1108 1562 r.
1130 1529 1183 1578 p.

144 1631 154 1642 ,
248 1585 311 1646 4,
336 1585 369 1632 4
386 1619 402 1646 ,
422 1584 472 1632 4.
506 1613 575 1622 -
606 1581 817 1646 Spartae
835 1597 1015 1647 rapere
1041 1584 1187 1646 pueri

252 1662 301 1702 et
328 1651 530 1716 clepere
562 1652 790 1710 discunt,
828 1653 904 1702 ΙΙ).
934 1655 995 1712 4,
1032 1652 1092 1714 5,
1129 1652 1181 1702 5.

249 1748 316 1758 —
333 1721 489 1784 Apud
510 1735 597 1771 eos
626 1720 709 1769 lex
730 1727 867 1783 erat,
904 1729 959 1769 ut
990 1721 1185 1770 hostias

247 1790 349 1838 nisi
380 1790 447 1838 ad
470 1788 775 1840 sacrificium
796 1790 1050 1852 quoddam
1073 1791 1185 1838 red-

250 1866 449 1925 emptor
487 1861 807 1923 praebuisset
846 1858 1063 1922 capitale
1106 1875 1185 1910 es-

246 1936 352 1987 set,
387 1927 451 1977 de
485 1930 589 1978 inv.
612 1930 672 1990 2,
708 1927 805 1991 31,
834 1928 920 1981 96.
940 1954 1010 1963 --
1036 1929 1191 1993 Apud

244 1997 511 2047 Platonem
546 2005 622 2047 est
652 2012 853 2047 omnem
883 2011 1075 2047 morem
1092 1998 1191 2047 La-

248 2066 687 2117 cedaemoniorum
702 2065 1061 2117 inflammatum
1076 2082 1188 2117 esse

250 2136 532 2199 cupiditate
550 2136 815 2201 vincendi,
838 2136 901 2184 de
922 2134 1007 2187 off.
1036 2135 1083 2199 1,
1103 2135 1184 2197 19,

247 2202 335 2255 64.
356 2232 428 2243 --
448 2204 908 2255 Lacedaemonium
926 2220 1088 2267 usque
1120 2206 1187 2255 ad

248 2286 422 2323 suum·
443 2281 647 2338 tempus
695 2282 944 2325 oratorem
988 2274 1184 2324 audivit

246 2340 423 2392 Cicero
444 2342 609 2393 fuisse
627 2344 909 2407 neminem,
930 2342 1071 2393 Brut.
1098 2340 1181 2404 13,

248 2409 332 2461 50.
371 2439 437 2448 —
474 2411 864 2463 Lacedaemonii
896 2412 958 2461 ab
988 2411 1183 2461 Anaxi-

246 2480 459 2531 mandro
480 2482 656 2530 moniti
677 2490 793 2531 sunt
821 2489 877 2529 ut
894 2482 1071 2530 urbem
1088 2479 1183 2529 lin-

247 2558 486 2612 querent,
524 2550 663 2612 quod
700 2556 872 2602 terrae,
901 2557 1069 2599 motus
1108 2549 1184 2597 in·

246 2622 429 2677 staret,
463 2627 569 2668 tum
587 2656 603 2681 ‚
634 2634 789 2681 quum
810 2618 933 2667 urbs
953 2625 1058 2667 tota
1074 2632 1183 2665 cor·
1244 2636 1247 2643 ·

244 2688 376 2748 ruit,
414 2687 479 2737 de
512 2688 669 2738 divin.
712 2688 775 2753 l,
812 2686 911 2751 50,
953 2686 1070 2737 112.
1118 2712 1183 2720 -

244 2753 524 2807 Simonidis
577 2758 893 2822 epigramma
929 2756 982 2803 in
1027 2754 1184 2804 Lace—

246 2822 573 2889 daemonios,
611 2827 695 2887 qui
717 2822 1071 2889 Thermopylis
1098 2837 1183 2871 oc-

245 2893 503 2955 ciderunt,
526 2894 731 2945 Tuscul.
754 2894 780 2943 1
798 2933 813 2955 ‚
845 2896 947 2951 42.
973 2892 1093 2943 101.
1117 2918 1183 2927 —-

242 2960 431 3011 Eorum
457 2963 729 3028 imperium
756 2978 787 3012 a
813 2963 1067 3013 Pausania
1084 2960 1183 3025 Ly-

244 3031 532 3094 sandroque
572 3031 865 3093 dilatatum,
907 3032 969 3081 de
999 3028 1085 3081 off.
1130 3029 1177 3093 1,

242 3098 312 3150 22
328 3135 347 3162 ,
368 3100 453 3153 76.
475 3128 541 3137 -
561 3100 953 3152 Lacedaemonii
972 3106 1183 3165 propter

242 3168 474 3219 iniurias.
508 3171 611 3220 sibi
653 3170 825 3223 illatas
862 3169 1181 3236 Lysandrum

244 3236 489 3302 ephorum
534 3240 870 3305 expulerunt,
918 3238 1054 3302 Agin
1102 3252 1181 3286 re-

242 3322 391 3372 gem,
429 3308 568 3371 quod
606 3323 883 3372 numquam
917 3307 1053 3371 apud
1092 3321 1181 3355 eos

242 3376 518 3440 acciderat,
558 3387 899 3438 necaverunt,
938 3390 1099 3437 exque
1120 3390 1179 3424 eo

240 3450 471 3513 tempore
510 3453 677 3497 tantae
718 3446 1002 3498 discordiae
1038 3458 1181 3493 secu-

2157 176 2278 239 207

1337 351 1420 392 tae
1440 350 1581 404 sunt,
1621 350 1673 391 ut
1693 351 1743 394 et
1761 345 1960 412 tyranni
1980 345 2280 396 exsisterent

1339 417 1389 460 et
1427 412 1693 474 optimates
1735 414 2189 464 exterminarentur
2230 429 2279 464 et

1335 479 1746 545 praeclarissime
1757 483 2028 533 constituta
2039 498 2119 534 res
2132 483 2275 548 publ.

1338 547 1668 608 dilaberetur,
1699 553 1761 600 de
1784 551 1865 602 off.
1887 553 1918 601 2
1942 588 1956 611 ,
1980 551 2046 603 23
2061 589 2076 612 ,
2101 552 2186 604 80.
2209 581 2275 590 —-

1338 617 1761 669 Lacedaemoniis
1790 619 1964 685 paullo
2003 629 2118 672 ante
2144 623 2276 675 Leu-

1336 688 1544 738 ctricam
1589 686 1932 740 calamitatem
1971 690 2274 756 significatio

1335 757 1469 806 facta
1499 763 1608 818 est,
1643 773 1796 821 quum
1828 759 1882 806 in
1899 757 2127 811 Herculis
2157 760 2273 810 fano

1335 840 1478 874 arma
1495 835 1774 876 sonuerunt
1792 863 1807 891 ,
1847 827 1910 875 de
1933 827 2092 881 divin.
2118 829 2168 890 1,
2188 829 2274 890 34,

1334 896 1402 944 74
1429 893 1492 944 cl.
1543 895 1616 944 lb.
1639 898 1698 955 2,
1730 897 1825 956 25,
1858 897 1944 946 54.
2001 899 2074 947 lb.
2097 898 2156 959 2,
2185 897 2269 959 31,

1331 963 1415 1014 67.
1431 990 1498 999 --
1516 963 1950 1015 Lacedaemonios
1971 965 2157 1016 iniuste
2174 968 2272 1015 im-

1331 1040 1566 1097 perantes
1586 1043 1796 1100 repente
1816 1048 1993 1084 omnes
2017 1034 2121 1084 fere
2141 1038 2270 1085 socii

1333 1103 1662 1152 deseruerunt
1737 1109 2151 1170 spectatoresque
2215 1121 2272 1155 se

1332 1172 1522 1222 otiosos
1574 1174 1920 1238 praebuerunt
1972 1173 2268 1227 Leuctricae

1331 1240 1662 1303 calamitatis,
1703 1244 1766 1293 de
1795 1241 1884 1296 off.
1909 1243 1970 1307 2,
2001 1245 2032 1292 7
2047 1281 2065 1310 ,
2092 1244 2180 1295 26.
2197 1270 2271 1280 -

1330 1309 1848 1360 Lacedaemoniorum
1878 1310 2059 1376 plagae
2087 1312 2154 1362 ad
2173 1312 2270 1361 Ar-

1329 1380 1542 1442 ginusas
1573 1388 1622 1428 et
1654 1381 1720 1428 ad
1745 1381 1984 1442 Leuctra,
2026 1382 2087 1429 de
2109 1379 2194 1430 off.
2219 1381 2268 1440 1,

1329 1448 1422 1505 24,
1444 1446 1530 1499 84.
1551 1471 1622 1483 —
1638 1447 2023 1496 Lacedaemonii
2044 1450 2271 1513 superati

1327 1530 1360 1564 a
1387 1515 1676 1576 ThebaniS,
1715 1517 1778 1564 de
1809 1517 1913 1564 inv.
1951 1517 2011 1576 2,
2042 1516 2110 1568 23
2131 1553 2144 1574 ,
2177 1515 2266 1570 69.

1327 1611 1394 1619 -
1423 1583 1818 1635 Lacedaemonii
1844 1583 2082 1650 Philippo
2120 1584 2268 1634 mini-

1326 1654 1453 1702 tanti
1489 1667 1583 1718 per
1601 1653 1796 1703 litteras
1815 1655 1952 1715 quod
1987 1655 2266 1720 responde-

1325 1721 1450 1782 rint,
1482 1721 1685 1776 Tuscnl.
1706 1722 1767 1784 5,
1791 1723 1884 1780 14,
1911 1725 1999 1776 42.
2023 1751 2089 1759 —-
2108 1723 2267 1774 Lace-

1330 1791 1586 1840 daemonii
1602 1793 2016 1843 commendantur
2027 1790 2136 1842 Ser.
2151 1791 2265 1842 Sul-

1333 1861 1500 1925 picio,
1539 1861 1606 1910 ad
1635 1860 1757 1910 fam.
1794 1859 1886 1925 13,
1915 1861 1984 1911 28
2001 1877 2078 1923 a.,
2111 1865 2161 1911 4.
2197 1887 2260 1898 —-

1331 1930 1672 1982 Memorantur
1690 1934 1840 1980 etiam
1866 1932 1928 1979 de
1951 1933 2050 1981 inv.
2087 1932 2145 1991 1,
2169 1934 2262 1994 24,

1330 1997 1411 2048 35.
1450 2000 1525 2047 Ib.
1549 2000 1612 2063 2,
1643 1998 1736 2059 33,
1757 2000 1843 2051 55.
1877 2001 1937 2047 V.
1960 1998 2230 2049 Lacones.

1260 2064 1738 2118 Lacedaemonius
1760 2069 1964 2131 quidam
1981 2107 1994 2129 ,
2035 2070 2179 2117 cuius
2199 2084 2262 2118 ne

1328 2151 1510 2187 nomen
1522 2137 1729 2200 quidem
1746 2138 2003 2199 proditum
2021 2145 2114 2199 est,
2129 2153 2261 2189 mor-

1327 2215 1426 2255 tem
1458 2206 1586 2255 elato
1618 2208 1788 2257 animo
1815 2208 2112 2272 contempsit
2143 2215 2256 2270 etc„

1321 2276 1525 2324 Tuscul.
1553 2274 1600 2334 1,
1621 2276 1708 2335 42,
1734 2275 1850 2327 100.

1252 2343 1489 2394 Laches.
1551 2346 1619 2392 Eo
1659 2352 1890 2408 praetore
1921 2358 1968 2391 a.
2004 2351 2120 2392 ante
2141 2344 2256 2396 Chr.

1321 2414 1439 2463 424.
1461 2447 1474 2470 ,
1515 2412 1653 2475 apud
1676 2412 1878 2460 Delium
1902 2412 2033 2459 male
2063 2426 2259 2476 pugna-

1320 2489 1427 2529 tum
1444 2518 1457 2539 ,
1493 2479 1555 2529 de
1575 2480 1736 2530 divin.
1763 2480 1792 2529 1
1815 2515 1828 2538 ,
1853 2479 1946 2537 54,
1972 2478 2090 2529 123.

1251 2546 1532 2599 Laciadae
1563 2548 1806 2607 Athenis,
1845 2548 2058 2597 curiales
2091 2547 2258 2605 Cimo-

1325 2620 1432 2675 ni5‚
1473 2618 1536 2665 de
1557 2615 1953 2679 off.2,18‚64.
2305 2619 2308 2623 '

1253 2686 1403 2737 Laco
1431 2686 1756 2751 Anagninus,
1794 2685 2090 2751 poculorum
2119 2685 2258 2749 prin-

1325 2770 1476 2819 ceps,
1520 2754 1743 2821 Philipp.
1785 2759 1846 2813 2,
1893 2755 1992 2815 41,
2031 2753 2148 2809 106.
2187 2782 2258 2795 ·-·

1325 2824 1610 2889 Anagnini,
1644 2833 1762 2876 sunt
1791 2824 2002 2873 Mustela
2033 2817 2256 2888 ταξιάρ-

1324 2908 1426 2958 χης
1461 2902 1510 2943 et
1538 2893 1704 2957 Laco,
1753 2896 1842 2957 qui
1868 2894 2144 2959 plurimum
2179 2894 2252 2942 bi·

1324 2963 1426 3025 bit,
1449 2962 1515 3013 ad
1535 2963 1640 3016 Att.
1667 2962 1758 3024 16,
1785 2962 1876 3023 11,
1899 2963 1948 3015 3.

1253 3030 1523 3083 Lacones.
1561 3026 1824 3094 Σκυτάλη
1861 3022 2161 3094 Λακωνικὴ
2193 3030 2260 3078 de

1320 3102 1462 3151 brevi
1482 3110 1530 3151 et
1550 3100 1830 3166 praefracta
1841 3099 2054 3163 epistola
2069 3098 2132 3149 M.
2148 3100 2253 3147 An-

1319 3172 1470 3229 tonii,
1510 3172 1578 3221 ad
1599 3172 1702 3219 Att.
1724 3170 1821 3232 10,
1855 3167 1951 3227 10,
1975 3166 2025 3219 3.
2056 3194 2126 3203 -
2154 3168 2255 3217 La-

1321 3240 1460 3289 conis
1497 3238 1763 3287 cuiusdam
1794 3237 2010 3297 dictum,
2044 3236 2248 3285 Tuscul.

1321 3306 1352 3357 5
1369 3343 1382 3365 ,
1407 3308 1500 3371 14,
1523 3306 1616 3357 40..
1653 3334 1720 3342 -
1750 3305 1966 3355 Laconis
1992 3305 2256 3354 cuiusdam

1321 3376 1512 3425 dictum
1566 3377 1634 3426 ad
1664 3374 1939 3441 Diagoram
1979 3373 2248 3430 Rhodium,

1321 3444 1526 3495 Tuscul.
1563 3445 1624 3510 l,
1663 3444 1730 3496 46
1745 3479 1768 3508 ,.
1794 3442 1908 3494 111.
1944 3472 2006 3479 —
2042 3442 2254 3508 Epami-
