2500 3850
635 126 890 173 GRAECI
920 126 1234 175 AOTORES
1259 147 1343 158 --
1370 125 1697 174 GRAECIA.

173 282 420 330 dationes
450 283 886 344 scriptitaverunt,
911 283 972 331 de
1002 290 1126 333 orat.

172 351 242 414 2,
281 347 544 413 84,·341.
574 376 649 387 —
675 349 984 418 Graecorum
1021 365 1132 400 mos

169 419 300 469 voci
323 420 613 482 serviendi,
637 420 703 467 lb.
728 420 754 467 1
775 455 788 476 ,
809 417 894 479 59,
915 419 1036 472 251.
1063 447 1131 456 —-

174 485 385 538 Oratori
430 489 800 553 pragmaticum
847 489 1132 538 adiutorem

176 557 376 606 dabant
395 555 602 618 Graeci,
627 557 704 607 lb.
729 556 782 618 1,
806 555 892 616 59,
912 556 1032 608 253.
1060 556 1126 606 cl.

174 627 248 675 ib.
287 625 316 674 1
335 663 352 687 ,
391 627 490 683 45,
529 623 646 676 198.
672 652 739 660 -
757 624 862 674 Hoc
889 625 1011 675 vitio
1029 663 1042 683 ‚
1072 633 1128 676 ut

175 695 345 758 inepti
382 695 514 753 sint,
553 693 808 743 cumulata
842 701 918 742 est
957 695 1128 743 erudi-

173 764 386 814 tissima
407 761 714 812 Graecorum
733 764 869 811 natio
890 771 984 812 etc.
1002 801 1018 824 ,
1049 764 1123 812 lb.

176 834 239 889 2,
269 833 305 882 4
322 868 336 891 ,
369 832 452 884 18.
475 856 542 868 --
565 830 740 881 Graeci
765 846 940 881 omnes
962 832 1126 896 negli-

176 901 469 964 gentiores,
489 901 558 950 ad
580 901 700 949 fam.
727 899 817 956 16,
838 901 872 949 4
887 936 900 958 ,
923 901 974 950 2.
996 928 1064 937 -
1083 901 1124 950 E

176 968 392 1018 Graecis
423 971 552 1034 ipSIs
571 969 846 1034 diligenter
866 969 1124 1019 cavendae

176 1048 300 1086 sunt
391 1039 642 1100 quaedam
729 1037 1121 1102 familiaritates,

171 1116 386 1172 praeter
421 1107 682 1155 hominum
732 1121 1120 1170 perpaucorum,

173 1177 221 1224 si
256 1177 348 1238 qui
375 1183 494 1224 sunt
521 1184 690 1224 vetere
722 1174 931 1225 Graecia
962 1176 1121 1240 digni,

173 1244 246 1292 ad
267 1245 328 1304 Q.
352 1243 412 1293 fr.
438 1244 497 1308 1,
527 1244 587 1306 l,
618 1245 664 1294 5.
693 1246 743 1306 S.
769 1243 850 1294 16.
890 1245 965 1294 Ib.
990 1243 1038 1305 1,
1067 1245 1118 1304 6,

177 1312 266 1362 18.
289 1340 357 1348 -—
377 1309 682 1379 Graecorum
706 1313 909 1376 ingenia
939 1313 1006 1362 ad
1024 1312 1121 1362 fal-

172 1381 389 1432 lendum
409 1389 618 1444 parata,
641 1382 713 1433 Ib.
749 1383 805 1442 1,
829 1383 889 1438 2,
911 1381 960 1430 2.
987 1383 1038 1442 S.
1064 1383 1118 1431 4.

171 1479 246 1490 -
267 1447 452 1499 'Cicero
478 1451 708 1514 agnoscit
729 1449 779 1496 in
811 1447 1016 1499 Graecis
1036 1451 1122 1500 lit-

169 1527 346 1578 teraS,
374 1519 644 1568 multarum
679 1517 862 1568 artium
893 1519 1121 1584 discipli-

169 1603 313 1648 nam,
343 1587 592 1638 sermonis
610 1589 834 1652 leporem
853 1623 867 1647 ‚
889 1588 1120 1652 ingenio-

167 1672 288 1706 rum
345 1671 586 1720 aeumen,
643 1656 846 1705 dicendi
901 1659 1116 1720 copiam,

169 1726 310 1788 alia,
362 1727 767 1774 testimoniorum
818 1723 1120 1790 religionem

171 1805 223 1844 et
245 1793 402 1859 fldem
433 1795 504 1843 illi
539 1795 729 1842 nationi
751 1793 998 1854 detrahit,
1027 1808 1117 1860 pro

171 1864 362 1914 Flacco
402 1864 464 1922 4,
501 1861 554 1916 9.
595 1888 665 1899 —
701 1861 922 1912 Graecus
953 1865 1118 1922 testis,

172 1948 334 1996 quum
366 1948 427 1981 ea
455 1932 716 1981 voluntate
747 1933 1026 1997 processit,
1063 1940 1119 1980 ut

171 2002 366 2063 laedat,
388 2016 490 2049 non
509 2002 633 2051 iuris
654 2001 880 2064 iurandi,
903 2001 996 2051 sed
1015 2002 1119 2051 lae-

174 2070 331 2120 dendi
346 2071 505 2120 verba
529 2070 824 2130 meditatur,
848 2070 920 2121 Ib.
945 2070 1005 2129 5,
1033 2068 1114 2119 11.

172 2167 245 2175 —
267 2138 573 2189 Graecorum
602 2146 738 2187 totae
767 2153 848 2186 res
879 2137 1117 2201 publicae

173 2208 400 2259 sedentis
433 2208 682 2257 contionis
720 2208 1000 2255 temeritate
1027 2208 1118 2257 ad-

169 2278 526 2327 ministrantur
554 2283 678 2339 εἴα,
719 2290 812 2339 pro
851 2274 1025 2325 Flacco
1063 2278 1116 2338 7,

175 2346 263 2396 16.
299 2360 394 2409 pro
415 2342 547 2393 Sest.
569 2343 654 2405 59,
679 2343 796 2393 126.
825 2370 893 2382 —-
911 2344 1118 2395 Externi

172 2415 263 2463 isti
283 2428 454 2463 mores
485 2420 570 2461 aut
593 2411 780 2463 levium
809 2410 1116 2463 Graecorum

177 2492 264 2533 aut
290 2482 589 2532 immanium
621 2480 980 2539 Barbarorum,
1019 2495 1114 2546 pro

173 2552 350 2617 Ligar.
376 2552 440 2610 4,
472 2549 556 2600 11.
596 2548 662 2600 cl.
693 2550 899 2599 Tuscul.
930 2552 993 2610 2,
1025 2552 1113 2610 27,

176 2620 266 2673 65.
311 2646 376 2656 -
415 2620 472 2668 In
513 2618 820 2669 Graecorum
863 2621 1114 2668 conviviis

173 2681 406 2739 haec'lex
435 2688 706 2737 obtinetur:
733 2686 842 2737 Aut
857 2686 1014 2746 bibat,
1037 2688 1114 2735 in-

177 2759 314 2819 quit,
352 2765 444 2807 aut
471 2756 644 2818 abeat,
684 2755 894 2806 Tuscul.
927 2755 992 2815 5,
1026 2756 1113 2815 41,

177 2826 202 2876 1
215 2826 378 2877 18.-
392 2824 580 2875 Graeco
602 2841 740 2873 more
760 2825 947 2887 bibere,
962 2826 1110 2875 Verr.

177 2902 398 2944 accusat.
428 2894 452 2943 1
475 2932 489 2955 ‚
521 2894 606 2957 26,
627 2893 710 2945 66.
733 2919 800 2929 -
820 2892 997 2943 Graeci
1023 2892 1114 2941 ho-

173 2965 338 3015 mines
360 2977 459 3012 non
481 2964 606 3011 satis
625 2963 870 3023 animosi,
891 2960 1114 3026 pruden-

175 3044 274 3093 tes,
292 3040 348 3083 ut
369 3038 446 3081 est
465 3039 642 3094 captus
665 3031 944 3095 homiuum,
967 3033 1112 3089 satiS,

176 3102 373 3149 hostem
427 3100 659 3164 aspicere
712 3114 813 3151 non
871 3110 1110 3165 possunt:

177 3170 328 3219 iidem
376 3171 582 3219 morbos
636 3168 912 3218 toleranter
965 3178 1114 3232 atque

175 3238 396 3287 humane
415 3238 598 3297 ferunt,
619 3238 827 3291 Tuscul.
848 3238 898 3300 2,
920 3238 1006 3299 27,
1022 3237 1110 3289 65.

112 3346 116 3350 .
173 3308 418 3371 --ΑΡιιᾶ
437 3305 680 3365 Graecos,
716 3308 928 3370 quibus,
961 3320 1115 3367 quum

178 3377 338 3426 Facere
366 3391 469 3425 uon
499 3384 737 3439 possent,
771 3374 911 3439 loqui
947 3380 1116 3423 tamen

2088 115 2206 176 163

1275 291 1324 331 et
1361 284 1581 332 scribere
1617 284 1825 334 honeste
1858 289 1905 332 et
1941 260 2211 348 magnifice

1274 351 1485 412 licebat,
1542 353 1643 402 alia
1698 352 1947 415 quaedam
2001 354 2209 402 mutatis

1274 419 1514 471 Graeciae
1570 422 1885 486 temporibus
1940 428 2211 484 praecepta

1272 490 1570 540 exstiterunt
1591 497 1686 542 etc.
1702 525 1717 551 ,
1737 505 1829 556 pro
1850 489 1986 539 Cael.
2018 491 2097 552 17,
2118 488 2206 539 40.

1270 585 1338 594 —-
1360 559 1413 606 In
1437 559 1618 608 edictis
1639 557 1699 617 Q.
1718 558 1874 610 Mucii
1896 559 1952 607 P.
1974 559 2029 606 F.
2055 558 2206 608 Scae-

1270 627 1418 676 volae
1454 627 1685 678 Asiatico
1718 637 1767 678 et
1798 628 2055 678 Ciceronis
2087 625 2207 675 Cili-

1269 696 1429 745 ciensi
1469 697 1567 746 sibi
1610 696 1893 746 libertatem
1936 696 2207 746 censebant

1269 763 1448 814 Graeci
1476 767 1672 829 datam,
1708 773 1764 815 ut
1792 765 1972 814 Graeci
1998 766 2129 813 inter
2150 779 2206 813 se

1266 833 1611 898 disceptarent
1629 835 1737 884 suis
1757 835 1959 900 legibus
1974 869 1987 896 ,
2011 833 2076 884 ad
2097 834 2201 882 Aa.

1263 901 1316 962 6,
1336 901 1386 961 1,
1412 903 1491 952 15.
1506 929 1573 939 —
1596 903 1901 954 Graecorum
1923 903 2205 960 insulsitas,

1263 985 1357 1034 pro
1378 971 1502 1019 Rab.
1526 973 1766 1022 Postumo
1792 972 1873 1030 13,
1895 971 1979 1022 36.
2002 997 2069 1007 -
2086 971 2205 1020 Tria

1264 1037 1566 1089 Graecorum
1588 1057 1777 1106 genera
1794 1049 1911 1091 sunt
1922 1054 2059 1099 vere,
2076 1054 2203 1102 quo-

1262 1123 1376 1156 rum
1408 1111 1493 1158 uni
1520 1118 1637 1162 sunt
1672 1110 2040 1176 AthenienseS,
2072 1124 2203 1172 quae

1260 1192 1387 1242 gens
1406 1179 1581 1227 Ionum
1602 1178 1899 1238 habebatur,
1924 1177 2108 1226 Aeoles
2128 1177 2192 1224 al-

1248 1246 1383 1311 ·teri,
1417 1245 1577 1297 Dores
1621 1249 1756 1296 tertii
1792 1247 2199 1307 nominabantur,

1205 1369 1212 1372 ,
1259 1329 1351 1378 pro
1375 1314 1553 1365 Flacco
1574 1317 1671 1379 27,
1704 1317 1789 1365 64.
1822 1341 1893 1352 -—
1924 1315 1971 1362 A
1992 1313 2201 1363 Graecis

1260 1383 1516 1433 elaborata
1536 1384 1740 1433 dicendi
1761 1384 1840 1432 vis
1861 1390 2011 1444 atque
2031 1383 2199 1444 copia,

1262 1450 1398 1502 Brut.
1422 1453 1473 1513 7,
1493 1453 1579 1504 26.

1192 1517 1397 1570 Gracci
1418 1523 1659 1584 actores,
1682 1519 1839 1570 divin.
1862 1521 1915 1568 in
1934 1519 1992 1578 Q.
2014 1517 2198 1568 Caecil.

1260 1590 1345 1648 15,
1369 1589 1454 1640 48.
2062 1647 2067 1652 ·

1193 1653 1399 1708 Graeci
1431 1655 1579 1721 ludi,
1616 1657 1683 1707 ad
1712 1661 1815 1706 Att.
1855 1655 1949 1716 16,
1968 1655 2031 1716 5,
2056 1655 2103 1707 1.
2133 1683 2199 1692 —-

1263 1725 1440 1776 Graeci
1461 1726 1570 1776 ludi
1591 1734 1916 1791 opponuntur
1936 1723 2081 1774 Oscis
2096 1761 2111 1785 ‚
2134 1725 2199 1774 ad

1260 1795 1382 1844 fam.
1406 1797 1457 1856 7,
1483 1795 1528 1859 l,
1550 1793 1601 1846 3.

1193 1861 1398 1914 Gracci
1418 1863 1693 1914 rhetores.
1714 1865 1781 1917 V.
1802 1862 2106 1912 Rhetores.
2130 1889 2198 1898 --

1258 1932 1437 1983 Graeci
1456 1934 1683 1983 rhetores
1712 1932 2034 1998 reprehensi,
2058 1932 2199 1980 Lati-

1256 2003 1335 2051 nis
1353 2009 1523 2051 tamen
1542 2002 1758 2066 praelati
1778 2017 1809 2050 a
1826 2002 1886 2055 L.
1913 2000 2111 2058 Crasso,
2135 2001 2199 2049 de

1260 2077 1385 2120 orat.
1409 2069 1467 2135 3,
1498 2073 1592 2131 24,
1621 2069 1689 2121 93
1716 2078 1764 2120 et
1790 2069 1877 2122 94.
1903 2096 1970 2105 -—
1999 2067 2198 2129 Graeci,

1258 2140 1347 2201 qui
1377 2139 1440 2190 de
1472 2140 1717 2189 memoria
1754 2140 2091 2203 scripserunt,
2131 2138 2199 2187 ad

1254 2208 1373 2259 Her.
1394 2208 1456 2269 3,
1476 2208 1573 2271 23,
1594 2208 1679 2259 38.
1706 2234 1775 2245 —-
1794 2208 1971 2259 Graeci
1992 2208 2109 2257 libri
2134 2206 2197 2255 de

1256 2277 1516 2339 ridiculis,
1543 2278 1605 2327 de
1624 2284 1751 2327 orat.
1770 2278 1822 2340 2,
1844 2276 1931 2337 54,
1953 2275 2075 2325 217.

1189 2342 1394 2395 Graeci
1441 2360 1621 2395 versus
1668 2347 1971 2393 incertorum
2018 2345 2199 2406 poeta-

1254 2428 1396 2466 rum,
1422 2413 1487 2462 ad
1506 2412 1628 2462 farn.
1650 2413 1700 2475 9,
1726 2414 1776 2471 7,
1802 2414 1854 2464 2.

1188 2479 1431 2535 Graecia
1450 2480 1640 2529 nullam
1671 2494 1912 2542 umquam
1944 2478 2198 2530 coloniam

1253 2552 1393 2599 misit
1414 2552 1466 2598 in
1498 2550 1726 2598 Aeoliam
1748 2549 1989 2601 etc..sine
2014 2548 2197 2613 Pythio

1254 2626 1341 2667 aut
1361 2618 1633 2667 Dodonaeo
1654 2624 1739 2668 aut
1758 2618 2055 2667 Hammonis
2084 2630 2197 2665 ora-

1254 2688 1388 2747 culo,
1410 2688 1473 2736 de
1492 2687 1649 2737 divin.
1683 2686 1731 2747 1,
1755 2686 1801 2745 1,
1823 2686 1873 2737 3.
1896 2712 1967 2723 —
1984 2684 2195 2736 Graecia

1256 2765 1433 2805 cuncta
1496 2756 1604 2806 fere
1666 2758 1921 2805 maritima
1990 2763 2196 2821 praeter

1253 2824 1531 2885 Phliasios,
1562 2827 1846 2887 Aenianes,
1874 2826 2057 2884 Doris,
2090 2825 2193 2873 Do-

1252 2894 1425 2959 lopaS‚
1460 2896 1523 2945 de
1544 2912 1585 2943 r.
1608 2910 1662 2959 p.
1681 2898 1731 2955 2,
1756 2897 1807 2957 4,
1826 2895 1860 2945 8
1880 2902 1929 2945 et
1946 2895 1999 2946 9.
2036 2892 2193 2942 Grae-

1256 2966 1337 3013 cia
1354 2966 1457 3012 iam
1481 2964 1567 3013 diu
1586 2966 1691 3013 suis
1712 2963 1939 3013 consiliis
1956 2960 2194 3027 perculsa

1253 3038 1303 3081 et
1321 3032 1537 3090 adflicta,
1557 3047 1649 3096 pro
1668 3033 1843 3081 Flacco
1863 3032 1913 3089 7,
1933 3029 2013 3079 16.
2036 3031 2192 3078 totius

1253 3100 1525 3151 Graeciae.
1548 3101 1803 3169 (omnium
1855 3095 2191 3161 Graecorum)

1254 3169 1542 3219 celebritate
1558 3205 1573 3228 ‚
1604 3167 1816 3222 Tuscul,
1837 3168 1869 3218 5
1885 3201 1899 3228 ,
1920 3166 1969 3224 3,
1988 3165 2038 3216 9.
2078 3180 2192 3214 mu-

1252 3237 1467 3286 liercula
1486 3250 1669 3297 aquam
1692 3236 1889 3298 serene,
1914 3242 1968 3282 ut
1998 3248 2111 3283 mos
2136 3236 2192 3283 in

1257 3306 1467 3356 Graecia
1485 3312 1577 3364 est,
1597 3306 1671 3357 lb.
1694 3304 1745 3363 5,
1764 3302 1849 3364 36,
1878 3302 1992 3354 103.
2013 3302 2191 3361 —Illi,

1253 3373 1345 3437 qui
1374 3372 1615 3422 Graeciae
1644 3372 1860 3470 fornssam
1893 3386 2061 3421 rerum
2093 3385 2191 3435 pu—
