2500 3850
248 165 328 224 58
653 176 728 222 Μ.
757 173 956 222 cAEL.
982 173 1387 222 v1N101Anus
1415 195 1501 206 -—
1522 176 1586 222 L.
1620 174 1925 224 CAESIUS.

1404 330 1585 380 Caelus
1622 345 1653 379 a
1688 330 1905 380 Saturno
1941 331 2047 384 mio
2085 341 2353 395 exsectnS,

1404 400 1477 449 lb.
1500 399 1551 462 3,
1574 401 1659 461 24,
1686 401 1771 452 62.

1333 466 1413 517 Μ.
1442 465 1751 532 Caeparius
1784 467 2133 530 Catilinarius,
2164 473 2217 520 in
2248 471 2351 520 Ca-

1400 537 1476 586 til.
1508 538 1557 597 3,
1576 538 1631 600 6,
1653 538 1733 587 14.

1328 605 1407 656 Μ.
1440 603 1774 670 Caeparius,
1802 608 1869 658 ad
1898 607 2019 658 fam.
2048 607 2100 670 9,
2127 608 2214 659 23.

1336 673 1397 724 C.
1422 683 1471 723 et
1490 673 1552 724 1..
1579 672 1840 740 Caepasii
1862 677 2059 742 fratres,
2080 679 2351 728 Hortensii

1398 744 1637 806 aequales
1654 780 1667 804 ,
1689 744 1847 795 multa
1867 761 2039 811 opera,
2065 748 2225 812 ignoti
2244 747 2351 796 ho-

1398 813 1561 862 mines
1581 820 1629 861 et
1650 816 1920 881 repentini,
1944 824 2235 879 quaestores
2257 833 2348 865 ce-

1398 883 1571 932 leriter
1593 882 1715 932 facti
1745 891 1889 947 sunt,
1922 885 2181 950 oppidano
2212 901 2349 947 quo-

1398 953 1515 1000 dam
1540 959 1591 1001 et
1618 952 1883 1003 incondito·
1906 969 2091 1020 genere
2114 953 2343 1017 dicendi,

1398 1019 1536 1069 Brut.
1558 1019 1643 1081 69,
1664 1023 1787 1071 242.
1820 1021 1883 1071 61.
1911 1037 2003 1087 pro
2030 1022 2224 1072 Cluent.
2250 1022 2344 1086 20,

1401 1091 1485 1140 57.
1516 1114 1588 1124 —
1619 1090 1778 1139 Maior
1813 1091 2091 1157 Caepasius
2122 1091 2347 1141 ridicule

1401 1158 1630 1208 defendit
1650 1157 1702 1208 C.
1725 1159 2027 1218 Fabricium,
2049 1161 2122 1210 lb.
2145 1161 2230 1220 21,
2250 1161 2343 1210 58.

1336 1225 1664 1292 Caepiones.
1680 1229 1745 1277 V.
1760 1226 1987 1278 Servilii
2005 1226 2341 1294 Caepiones.

1333 1292 1643 1359 Caerellia,
1665 1296 1849 1346 mulier
1870 1299 2066 1349 erudita
2084 1314 2143 1347 ac
2168 1298 2345 1363 philo-

1399 1365 1590 1431 sopha,
1612 1366 1677 1415 ad
1708 1369 1809 1417 Aa.
1832 1366 1929 1431 13,
1951 1368 2015 1418 21
2031 1403 2045 1426 ,
2064 1367 2113 1417 5.
2149 1368 2225 1418 lb.
2248 1369 2343 1430 22,

315 359 384 370 --
402 333 654 382 Accurate
676 331 782 396 egit
804 329 868 379 de
887 329 1263 395 supplicatione

314 402 383 454 M.
418 400 648 451 Ciceroni
678 399 1020 456 decernenda,
1044 399 1110 448 ad
1133 397 1260 451 fam.

314 473 367 530 2,
392 471 485 534 15,
513 469 562 520 1.
587 495 657 506 —
677 468 880 518 Caelius
910 475 1170 530 quaeritur
1197 468 1263 516 de

316 540 477 604 Appii
515 538 717 590 Claudii
755 538 956 600 ingrato
999 538 1169 586 animo
1213 543 1263 586 et

314 609 547 667 iniuriis,
572 609 638 657 ad
661 607 780 655 fam.
805 605 855 667 8,
881 605 965 665 12,
987 604 1261 654 1.—Eum

315 677 511 726 inimici
553 676 666 742 lege
704 675 964 725 Scantinia
1005 674 1261 725 Circensi⁴

312 747 409 796 bus
431 746 594 808 ludia,
627 759 754 808 quos
786 744 971 803 edidit,
994 743 1259 808 postulare

312 815 729 879 voluerunt,·ipse
747 815 971 877 Appium
993 826 1257 862 censorem

313 885 492 934 eadem
523 885 636 950 lege
671 882 974 948 postulavit,
1010 883 1084 932 11).
1115 884 1166 944 5.
1205 880 1257 932 3.

312 978 382 989 —-
403 957 696 1018 Auguratur
721 952 910 1000 bellum
939 951 1092 1000 civile
1123 951 1259 1000 futu-

313 1039 452 1082 rum,
487 1023 552 1070 ad
583 1021 706 1074 fam.
730 1021 790 1081 8,
826 1019 918 1078 14,
946 1022 999 1070 2.
1034 1048 1103 1056 -
1135 1019 1260 1068 Gae-

315 1091 414 1141 li-us
437 1091 542 1155 agit
563 1105 676 1140 cum
698 1089 942 1139 Cicerone
962 1090 1026 1138 de
1045 1088 1261 1154 panthe-

314 1161 403 1220 ris,
423 1161 490 1208 ad
516 1161 620 1211 Att.
641 1157 693 1218 6,
717 1158 766 1221 l,
796 1159 883 1208 21.
916 1158 980 1211 61.
999 1159 1075 1207 ib.
1095 1160 1147 1220 S.
1172 1157 1259 1208 23.

313 1255 384 1266 -—
413 1227 640 1293 Rogatus
667 1235 745 1278 est
777 1227 952 1278 Cicero
977 1242 1008 1276 a
1046 1225 1261 1276 Caesare

313 1299 588 1348 Ravennae
616 1299 680 1347 de
709 1295 910 1358 Caelio,
936 1295 1140 1345 tribuno
1162 1295 1258 1361 pl.,

315 1368 380 1416 ad
403 1369 508 1416 Att.
537 1368 568 1416 7
583 1404 596 1428 ,
619 1368 648 1417 1
667 1404 681 1426 ,
711 1367 763 1416 4.
785 1393 854 1401 -
873 1366 955 1414 Ad
988 1363 1261 1415 Caesarem

312 1436 527 1495 transiit,
540 1436 614 1489 Ib.
633 1440 684 1499 7,
699 1435 749 1494 3,
765 1434 890 1487 6.—
902 1435 1024 1483 Eius
1046 1435 1260 1499 emptio-

313 1521 407 1555 nes
445 1507 579 1554 circa
613 1511 816 1569 portam
857 1503 1259 1562 Flumentanam,

312 1575 388 1622 lb.
400 1575 450 1636 S.
464 1572 514 1623 9.
528 1600 593 1608 —
608 1572 889 1636 Dolabella,
913 1571 1116 1622 Caelius
1135 1575 1261 1622 scri-

313 1643 438 1690 bunt
451 1657 529 1691 me
542 1641 746 1692 Caesari
767 1641 918 1691 valde
937 1643 1060 1692 satis
1075 1641 1256 1703 facere,

314 1712 380 1760 ad
400 1710 504 1759 Aa.
529 1711 578 1770 7,
599 1711 684 1770 21,
709 1709 760 1762 3.
785 1737 851 1746 ——
871 1711 990 1760 Eius
1012 1711 1259 1775 epistolae

313 1780 391 1845 (a.
415 1795 471 1828 u.
496 1795 542 1831 c.
575 1776 726 1844 705.)
753 1779 1114 1829 miserabiliter
1131 1782 1261 1829 scri-

313 1855 432 1914 ptae
461 1848 651 1920 duplex
685 1849 1002 1914 exemplum,
1029 1849 1098 1898 ad
1131 1849 1256 1898 fam.

313 1919 366 1978 8,
398 1916 476 1969 16.
498 1919 562 1969 ad
587 1920 690 1969 Att.
710 1918 792 1980 10,
812 1917 863 1969 9.
888 1919 948 1968 A.
968 1917 1035 1968 ad
1053 1917 1174 1969 fam.
1201 1918 1253 1979 8,

318 1990 401 2051 17,
426 1988 472 2037 1.
505 1988 569 2037 cl.
591 1990 659 2038 ib.
685 1988 736 2050 3,
769 1986 852 2049 10,
873 1990 923 2039 5.
947 2012 1010 2023 --
1044 1988 1106 2039 Μ.
1130 1987 1257 2037 Cae-

315 2058 440 2108 lium
469 2057 653 2108 melius
685 2057 1008 2108 obiicientem
1044 2058 1257 2106 crimina

315 2142 466 2189 quam
497 2127 880 2189 defendentem,
902 2125 1098 2175 Bonam
1127 2126 1258 2175 dex-

1400 1434 1449 1484 3.
1481 1433 1687 1484 adfam.
1709 1435 1802 1496 13,
1825 1437 1921 1497 72,
1955 1437 2002 1490 1.
2038 1436 2103 1485 ad
2123 1438 2226 1484 Att.
2252 1436 2343 1495 12,

1400 1505 1484 1568 51,
1507 1503 1555 1555 3.
1593 1501 1666 1554 lb.
1691 1503 1772 1566 14,
1797 1504 1876 1566 19,
1898 1508 1948 1556 4.
1984 1505 2057 1553 11).
2088 1505 2171 1566 15,
2201 1503 2227 1553 1
2245 1542 2262 1566 ,
2285 1508 2340 1554 4.

1398 1574 1471 1622 Ib.
1496 1571 1577 1635 15,
1598 1573 1685 1631 26,
1706 1576 1758 1624 4.

1335 1638 1626 1692 Caesares.
1667 1643 1732 1693 V.
1757 1643 1807 1689 in
1828 1639 2010 1692 Iuliis.

1328 1707 1612 1774 Caesena,
1638 1710 1883 1776 oppidum
1904 1713 1954 1759 in
1974 1710 2135 1760 Gallia
2156 1711 2341 1778 Cispa-

1398 1781 1528 1829 dana
1541 1779 1817 1840 Senonum,
1840 1780 1907 1829 ad
1925 1780 2046 1830 fam.
2073 1780 2155 1839 16,
2176 1781 2261 1840 27,
2280 1783 2336 1834 2.

1333 1846 1663 1911 Caesennia,
1676 1848 1981 1911 Tarquinien
1988 1851 2077 1909 sie,
2088 1863 2219 1898 uxor
2228 1853 2341 1914 pri-

1394 1933 1534 1967 mum
1560 1918 1627 1967 M.
1656 1918 1893 1978 Fulcinii‚
1915 1926 2095 1984 postea
2122 1920 2183 1967 Α.
2208 1919 2341 1969 Cae-

1396 1988 1557 2048 cinae,
1580 2002 1673 2051 pro
1696 1990 1844 2041 Caec.
1868 1990 1921 2048 4,
1950 1988 2031 2038 11.
2056 1989 2130 2040 Ib.
2158 1988 2217 2053 6,
2246 1989 2335 2039 17.

1327 2054 1393 2108 P.
1418 2055 1790 2120 Caesennius,
1814 2056 2192 2120 Tarquiniensis
2207 2092 2221 2118 ,
2241 2073 2339 2123 pro

1396 2125 1543 2178 Caec.
1567 2128 1617 2190 4,
1644 2127 1726 2179 12.
1768 2127 1839 2177 Ib.
1863 2126 1947 2184 10,
1967 2127 2053 2178 27.

1332 2193 1396 2244 C.
1440 2193 1772 2245 Caesernius
1818 2205 1867 2244 et
1910 2196 1977 2245 M.
2024 2194 2335 2255 Camurtius,

1396 2272 1646 2314 amatores
1674 2263 1907 2327 Clodiae,
1946 2270 2159 2328 propter
2192 2264 2338 2314 nefa-

1376 2335 1528 2393 ‚rium
1559 2342 1786 2399 stuprum
1816 2333 1987 2383 Vettio
2016 2332 2215 2382 illatum
2244 2334 2336 2383 da-

1398 2404 1581 2463 mnati,
1604 2418 1695 2467 pro
1718 2401 1851 2452 Cael.
1874 2400 1960 2462 30,
1981 2401 2049 2454 70
2070 2417 2148 2465 sq.

314 2205 458 2252 tram,
475 2199 654 2246 malam
665 2197 916 2245 sinistram
926 2194 1114 2245 habere
1125 2194 1259 2244 dixit

313 2264 518 2329 Cicero,
571 2263 780 2323 Quintil.
822 2261 883 2326 6,
933 2262 998 2325 3,
1047 2262 1135 2317 69.
1191 2264 1254 2314 V.

313 2334 495 2400 fragm.
518 2348 569 2398 p.
589 2332 711 2385 296.

245 2401 326 2454 Μ.
353 2400 580 2453 Caelius
601 2398 943 2465 Vinicianus,
970 2403 1020 2451 in
1039 2403 1260 2466 petenda

314 2472 571 2521 aedilitate
605 2472 831 2521 deiectus
873 2480 975 2531 est,
1020 2470 1156 2521 Cael.
1192 2471 1260 2520 ad
1330 2467 1395 2518 C.
1427 2469 1753 2535 Caesetius,
1784 2486 1939 2534 eques
1967 2472 2144 2535 Rom.,
2174 2471 2337 2523 advo-

314 2540 443 2589 fam.
464 2541 516 2600 8,
537 2542 588 2600 4,
601 2541 663 2593 .3.
1398 2546 1539 2589 catus
1567 2540 1626 2598 Q.
1658 2540 1879 2605 Ligarii,
1913 2554 2005 2605 pro
2034 2538 2206 2605 Liger.
2249 2539 2333 2598 11,

245 2606 500 2659 Caelum.
533 2609 688 2671 Deus.
709 2608 837 2656 Tim.
862 2606 944 2657 11.
968 2633 1035 2643 -
1053 2606 1254 2674 CaeluS,
1396 2607 1501 2661 33..

311 2686 459 2742 pater
477 2676 710 2741 Saturni,
743 2691 807 2725 an
838 2676 1001 2727 deus?
1034 2676 1098 2725 de
1122 2692 1173 2726 n.
1199 2678 1250 2729 d.
1327 2674 1391 2726 P.
1428 2675 1753 2739 Caesetius,
1785 2682 2021 2739 quaestor
2051 2674 2105 2728 0.
2132 2676 2335 2738 VerriS,

315 2746 367 2805 3,
393 2745 485 2807 17,
514 2747 600 2798 44.
622 2772 689 2783 —-
713 2744 922 2807 Caelus,
947 2753 1093 2809 pater
1121 2746 1254 2797 lovis

314 2813 643 2873 secundi,.1b.
667 2813 726 2877 3,
754 2814 817 2864 21
837 2850 851 2872 ,
875 2812 960 2865 53.
985 2838 1042 2848 -
1070 2812 1253 2867 Caelus

314 2892 364 2933 et
391 2882 510 2932 Dies
543 2892 779 2947 parentes
804 2881 1016 2931 Veneris
1037 2884 1252 2948 primae,

313 2951 387 3001 11).
422 2950 485 3010 3,
517 2950 614 3010 23,
645 2950 731 3001 59.
764 2976 834 2988 -
861 2951 1044 3002 Caelus
1065 2960 1114 3001 et
1141 2954 1252 3013 Dia,

312 3027 552 3085 parentes
586 3020 824 3071 Mercurii
857 3021 1041 3085 primi,
1082 3022 1157 3071 Ib.
1200 3022 1251 3083 3,

313 3090 409 3152 22,
443 3088 528 3139 56.
555 3120 625 3129 -
649 3088 831 3139 Caelus
861 3089 1076 3140 Vulcani
1100 3093 1254 3156 primi

311 3168 483 3223 pater,
529 3159 605 3209 Ib.
641 3158 700 3219 3,
731 3160 827 3224 22,
863 3160 947 3211 55.
988 3186 1061 3197 ——
1094 3162 1254 3211 Vetus

1395 2747 1541 2795 Verr.
1574 2752 1794 2795 accusat.
1821 2748 1885 2806 4,
1915 2746 2001 2809 65,
2025 2743 2143 2796 146.
2166 2744 2333 2793 -1b.

1394 2816 1443 2877 5,
1462 2814 1547 2875 25,
1566 2814 1653 2868 63.

1327 2882 1391 2937 Ia.
1422 2881 1714 2933 Caesetius
1736 2880 1976 2946 Flavus,
2006 2881 2239 2931 tribunus
2258 2879 2333 2944 pl.

1396 2968 1442 3001 a.
1474 2968 1522 3003 u.
1546 2970 1589 3001 e.
1614 2951 1734 3003 710.
1750 2988 1766 3017 ,
1784 2952 2009 3017 Philipp.
2030 2948 2114 3009 13,
2137 2949 2221 3010 15,
2243 2948 2331 3001 31.

1328 3019 1564 3072 Caesius
1598 3021 1807 3071 curabat
1836 3020 2014 3069 villam
2044 3018 2104 3078 Q.
2130 3018 2335 3069 Cicero-

1394 3093 1473 3141 nis
1492 3092 1546 3140 in
1567 3090 1838 3140 Maniliano
1862 3088 2245 3149 aedificandam,
2269 3086 2337 3135 ad

1398 3160 1456 3218 Q.
1480 3159 1546 3213 fr.
1570 3158 1620 3219 3,
1646 3160 1693 3224 1,
1715 3160 1764 3209 1.
1786 3162 1838 3221 §-
1858 3161 1911 3212 2.
1949 3157 2024 3211 11).
2046 3156 2095 3216 3,
2118 3157 2172 3214 2,
2192 3156 2243 3206 3.

312 3227 442 3277 haec
489 3229 660 3292 opinio
705 3226 968 3278 Graeciam
1006 3228 1252 3294 opplevit,
1325 3226 1389 3278 Ia.
1424 3226 1686 3290 Caesius,
1716 3242 1850 3277 unus
1876 3227 1940 3277 de
1971 3226 2177 3276 cohorte
2208 3224 2335 3273 ami-

313 3306 570 3346 exsectum
593 3296 800 3347 Caelum
834 3312 866 3346 a
889 3298 996 3349 filio
1015 3296 1251 3359 Saturno,

312 3366 537 3415 vinctum
578 3373 744 3415 autem
775 3364 1046 3416 Saturnum
1081 3367 1250 3429 ipsum

314 3448 345 3482 a
363 3432 466 3484 filio
491 3437 634 3499 Iove,
663 3434 728 3485 de
748 3450 800 3484 n.
822 3436 872 3487 (1.
897 3436 950 3493 2,
970 3434 1054 3493 24,
1073 3432 1159 3485 63.
1182 3459 1253 3470 -

1396 3312 1567 3348 corum
1604 3296 1664 3354 Q.
1702 3296 1959 3345 Ciceronis
1989 3296 2039 3342 in
2069 3294 2334 3359 provincia

1390 3363 1650 3495 2A,si2a,4ad
1670 3363 1731 3422 Q.
1752 3361 1817 3411 fr.
1843 3363 1893 3421 1,
1913 3366 1961 3426 l,
1981 3363 2032 3414 4.
2060 3363 2108 3423 §-
2137 3362 2220 3411 11.
2254 3361 2329 3415 lb.

2465 3241 2471 3275 ‚l
