2500 3850
232 159 353 224 146

225 325 615 396 Euthydemus
634 327 905 392 Ephesius,
926 327 991 376 ad
1010 326 1131 376 fam.
1151 325 1233 388 13,

225 435 587 532 Euth’ynous,
621 465 785 531 Elysii
810 464 1043 514 Terinaei
1074 462 1229 525 filius,

293 533 495 586 Tuscul.
521 535 567 596 1,
590 534 676 593 48,
701 534 817 585 115.

222 602 581 668 Eutrapelus.
637 605 701 655 V.
742 599 1074 652 Volumnius
1114 599 1231 651 Eu-

292 671 560 737 trapelus.

221 738 599 808 Eutychides,
660 739 815 789 Attici
862 738 1105 800 libertus,
1162 739 1229 788 ad

290 811 483 872 Att.4,
519 810 612 871 15,
648 810 696 860 1.
736 809 810 861 lb.
834 810 894 872 4,
932 807 1024 870 16,
1051 807 1133 859 15.
1160 835 1228 844 -

290 879 500 929 Amicus
520 879 807 939 Ciceronis,
830 879 907 928 lb.
928 879 979 938 5,
998 878 1053 942 9,
1078 877 1126 928 1.

220 947 533 1014 Eutychus.
590 948 813 998 Persona
858 947 1054 1000 comica
1090 948 1229 1010 apud

291 1017 569 1068 Caecilium
624 1016 841 1070 Statium
859 1052 877 1077 ,
942 1030 1037 1081 pro
1102 1015 1225 1066 Sex.

288 1087 439 1136 Rosc.
475 1085 567 1145 16,
595 1084 684 1138 46.

219 1152 469 1207 Euxinus
488 1153 707 1205 Pontus
720 1189 736 1218 ,
758 1167 895 1203 mare
922 1153 1051 1203 inter
1068 1154 1229 1203 Euro-

288 1240 409 1290 pam
445 1230 494 1273 et
532 1224 737 1283 Asiam,
777 1237 929 1288 supra
964 1223 1229 1288 Proponti-

290 1295 434 1352 dem,
458 1293 521 1343 de
540 1300 669 1345 orat.
694 1294 743 1356 l,
769 1291 853 1353 38,
880 1291 998 1345 174.

219 1361 552 1432 Exegistus,
586 1361 821 1426 Macedo,
856 1362 907 1410 in
934 1361 1106 1411 Pison.
1140 1359 1225 1422 36,

219 1500 442 1553 Exitius
458 1537 473 1566 ,
493 1499 819 1565 Philadelphi
838 1497 901 1566 (i.
927 1515 971 1549 e.
992 1499 1049 1549 C.
1072 1498 1227 1548 Annii

292 1566 511 1631 Cimbri)
546 1569 724 1628 frater,
752 1569 1087 1630 AntonianuS,
1109 1567 1227 1618 Phi-

290 1640 417 1704 lipp.
451 1635 534 1697 13,
567 1636 649 1701 13,
682 1636 767 1688 28.

218 1823 277 1889 Ῑι.
320 1822 587 1890 fabatus.
633 1840 698 1892 V.
740 1837 802 1890 L.
838 1837 1080 1890 Roscius
1116 1839 1228 1890 Fa-

220 1907 616 2043 QObssssusstrim'
639 1977 839 2028 debitor
862 1978 1138 2038 Ciceronis,
1161 1978 1228 2027 ad

287 2047 390 2099 Aa.
416 2046 509 2107 12,
531 2046 595 2095 21
613 2084 628 2108 ,
652 2044 701 2099 2.
733 2047 805 2097 Ib.
832 2048 924 2109 12,
946 2048 1109 2105 25,1.
1146 2046 1221 2096 Ib.

291 2115 386 2175 12,
420 2114 516 2174 51,
548 2114 597 2166 3.
639 2116 712 2165 n).
737 2115 835 2177 13,
861 2116 915 2167 e.
956 2115 1021 2168 οι.
1046 2115 1117 2165 ib.
1140 2116 1224 2178 15,

216 2181 539 2313 Falliib3lex,
577 2252 641 2301 de
667 2267 878 2303 numero
907 2259 1227 2313 sectatorum,

286 2336 379 2387 pro
399 2320 529 2375 Mur.
551 2319 635 2380 34,
656 2321 742 2375 71.
765 2350 831 2359 —-
850 2322 923 2371 De
945 2322 1226 2388 plagiariiS,

285 2406 378 2456 pro
400 2390 454 2440 C.
476 2390 650 2443 Rabir.
676 2392 819 2456 perd.
842 2392 890 2449 3,
910 2392 961 2443 8.

216 2456 398 2511 Fabia
420 2461 610 2521 tribus,
634 2460 700 2511 ad
720 2461 842 2511 fam.
864 2461 915 2522 8,
940 2461 989 2522 8,
1012 2461 1063 2512 5.

218 2543 398 2597 Fabia
450 2545 680 2596 mulieris
729 2559 912 2596 nomeu
964 2546 1227 2607 ficticium,

286 2616 441 2677 topic.
464 2614 515 2674 3,
541 2613 623 2664 14.

217 2678 403 2746 Fabii,
425 2683 675 2742 historici,
696 2682 758 2731 de
783 2683 939 2733 divin.
967 2684 1014 2747 1,
1036 2684 1121 2745 26,
1137 2683 1223 2735 55.

218 2764 450 2818 Fabius.
491 2768 684 2818 Nomen
705 2768 925 2835 exempli
952 2770 1117 2835 gratia
1134 2784 1229 2836 po-

289 2838 470 2966 ἷὲῗέηθιζ
488 2838 575 2957 ἐξ.
606 2837 765 2890 divin.
798 2840 861 2901 2,
899 2838 998 2902 34,
1036 2839 1122 2891 71.
1162 2839 1227 2889 dc

218 2986 429 3042 Fabius
468 2991 668 3042 adulter
706 2990 944 3055 Clodiae,
981 3008 1134 3056 quum
1164 2993 1224 3051 Q.

289 3060 481 3110 Metelli
497 3077 626 3112 uxor
645 3070 795 3122 esset,
816 3063 885 3113 ad
898 3063 1001 3111 Att.
1024 3063 1073 3125 2,
1100 3062 1147 3123 1,
1169 3062 1220 3111 5.

226 3126 287 3177 C.
309 3126 522 3180 Fabius
540 3166 557 3194 ,
580 3131 849 3182 familiaris
869 3132 925 3191 Q.
951 3129 1225 3188 Ciceronis,

291 3199 355 3247 ad
377 3198 434 3257 Q.
461 3198 521 3249 fr.
548 3200 596 3264 1,
618 3202 668 3263 2,
691 3201 741 3248 2.
763 3202 812 3263 s.
835 3201 887 3251 6.

222 3276 302 3332 Μ.
332 3280 568 3344 Fabius,
600 3285 915 3347 subscriptor
940 3284 1006 3333 M.
1028 3282 1227 3333 Plaeto-

290 3352 353 3397 rii
384 3352 435 3398 in
464 3352 748 3402 accusando
768 3352 834 3405 M.
858 3352 1097 3413 Fonteio,
1132 3366 1225 3415 pro

289 3416 328 3465 F
330 3426 429 3467 ont.
456 3420 535 3481 12,
558 3420 647 3471 26.

561 169 1032 220 EUTHYDEMUS
1056 193 1143 204 —
1166 171 1230 231 Q.
1257 171 1504 218 FABIUS
1529 172 1700 219 MAX.
1730 172 1976 220 CUNc'r.

1307 325 1373 379 P.
1405 323 1646 390 Fabius,
1687 329 2006 379 adversarius
2035 329 2104 382 M.
2135 329 2314 394 Tullii,

1374 411 1468 460 pro
1490 396 1656 445 Tullio
1674 399 1726 458 S.
1753 398 1802 447 1.

1308 464 1376 530 Q.
1415 462 1624 516 Fabius
1667 463 2000 532 Saguntinus,
2042 481 2072 516 a
2113 466 2172 526 Q.
2209 467 2314 518 Me-

1371 533 1492 584 tello
1538 534 1628 583 Pio
1675 536 1881 586 civitate
1926 536 2172 597 donatus,
2221 553 2318 602 pro

1371 602 1528 651 Balbo
1550 605 1632 660 22,
1653 602 1738 656 50.

1300 669 1613 791 Mthffius
1636 670 1860 723 Gallus.
1904 675 1970 727 V.
1995 671 2073 724 M.
2100 671 2314 724 Fadius

1425 754 1460 789 a
1507 755 1591 791 us.

1303 807 1364 860 C.
1384 805 1594 860 Fabius
1615 807 1958 874 Hadrianus,
1979 810 2152 862 Uticae
2174 811 2315 860 domi

1369 893 1491 928 suae
1509 879 1654 927 vivus
1674 887 1904 938 exustus,
1919 881 2063 929 Verr.
2082 888 2308 928 accusat.

1369 949 1418 1008 1,
1442 948 1528 1011 27,
1548 946 1632 998 70.
1667 949 1742 998 Ib.
1768 949 1818 1006 5,
1837 948 1920 1005 36,
1944 948 2028 998 94.

1299 1015 1370 1082 Q.
1410 1013 1622 1066 Fabius
1660 1014 1730 1081 Q.
1768 1015 1829 1066 F.
1879 1015 1949 1082 Q.
1987 1015 2054 1068 N.
2098 1016 2314 1080 Labeo,

1371 1084 1688 1135 cunctatoris
1729 1099 1914 1150 nepos,
1954 1100 2058 1136 cos.
2091 1101 2140 1137 a.
2173 1102 2226 1134 u.
2261 1101 2310 1136 c.

1369 1153 1490 1204 571.
1540 1168 1654 1203 cum
1699 1154 1768 1206 M.
1809 1153 2020 1204 Claudio
2068 1153 2312 1204 Marcello

1369 1223 1555 1272 arbiter
1573 1221 1784 1272 Nolanis
1811 1231 1860 1272 et
1879 1221 2226 1288 Neapolitanis
2247 1224 2314 1273 de

1366 1290 1556 1341 fluibus
1589 1306 1620 1339 a
1650 1300 1828 1342 senatu
1858 1292 2036 1351 datus,
2069 1299 2314 1355 utrosque

1368 1360 1594 1424 decepit,
1635 1360 1699 1410 de
1735 1359 1820 1410 off.
1869 1361 1931 1420 1,
1972 1359 2066 1422 10,
2109 1359 2197 1413 33.
2241 1361 2309 1412 cl.

1366 1428 1510 1482 Brut.
1534 1428 1620 1493 21,
1646 1429 1730 1479 81.

1295 1496 1509 1548 Fabius
1543 1497 1757 1548 Luscus
1777 1535 1791 1561 ,
1824 1498 1890 1547 ad
1911 1500 2012 1546 Att.
2040 1500 2092 1563 4,
2113 1499 2234 1558 8b.‚
2257 1497 2310 1548 3.

1301 1564 1364 1617 C.
1395 1563 1608 1618 Fabius
1637 1563 1860 1630 Pictor,
1896 1579 2023 1616 avus
2052 1565 2308 1620 historici.

1367 1636 1428 1686 Ei
1446 1635 1587 1685 laudi
1605 1650 1706 1684 nou
1729 1645 1806 1685 est
1825 1637 2015 1695 datum,
2037 1637 2175 1698 quod
2195 1638 2314 1702 pin-

1369 1711 1536 1770 geret,
1558 1704 1765 1758 Tuscul.
1790 1704 1837 1765 l,
1864 1705 1914 1763 2,
1938 1704 1989 1753 4.

1297 1772 1365 1824 Ν.
1396 1769 1717 1835 (Numerius)
1733 1769 1943 1822 Fabius
1962 1768 2174 1822 Pictor.
2207 1775 2312 1822 Ae-

1369 1855 1494 1889 neae
1514 1842 1768 1890 somnium
1787 1843 2010 1891 narravit
2029 1842 2080 1890 in
2099 1839 2312 1893 Graecis

1369 1910 1478 1958 suis
1510 1907 1804 1970 annalibus,
1841 1909 1904 1960 de
1938 1909 2097 1960 divin.
2130 1911 2190 1971 1,
2221 1912 2308 1972 21,

1303 2045 1409 2095 Ser.
1430 2042 1643 2107 Fabius
1669 2043 1866 2097 Pictor
1887 2054 1935 2097 et
1955 2048 2083 2098 iuris
2111 2056 2161 2097 et
2179 2045 2326 2099 litte-'

1367 2129 1537 2163 rarum
1574 2122 1625 2164 et
1663 2116 1978 2177 antiquitatis
2013 2117 2142 2166 bene
2175 2120 2313 2181 peri-

1369 2192 1480 2245 tus,
1518 2182 1658 2232 Brut.
1685 2184 1748 2234 21
1769 2218 1782 2246 ,
1807 2183 1894 2234 81.
1933 2184 2097 2245 Fabii,
2121 2186 2213 2248 qui
2231 2186 2311 2237 hi-

1367 2253 1551 2303 storias
1575 2254 1888 2318 scripserint,
1909 2269 2311 2307 commemoran-

1369 2332 1449 2371 tur
1465 2329 1730 2387 praeterea
1745 2357 1760 2383 ‚
1784 2323 1846 2371 de
1866 2334 1992 2372 orat..
2013 2324 2075 2385 2,
2101 2323 2164 2373 12
2183 2362 2197 2381 ,
2219 2325 2308 2375 51.

1365 2392 1428 2441 de
1451 2390 1550 2456 leg.
1574 2392 1624 2450 1,
1645 2394 1698 2451 2,
1717 2392 1767 2443 6.
1793 2392 1855 2441 de
1877 2392 2034 2441 divin.
2056 2390 2104 2450 1,
2118 2392 2202 2451 26,
2215 2393 2304 2447 55.

1297 2458 1367 2525 Q.
1405 2457 1616 2509 Fabius
1649 2458 1858 2529 Sanga.
1911 2460 1973 2520 Q.
2011 2461 2182 2526 Sanga
2215 2477 2308 2526 pro

1369 2528 1606 2579 Cicerone
1651 2530 1712 2579 L.
1762 2532 1998 2579 Pisonem
2047 2530 2308 2579 consulem

1368 2599 1664 2662 deprecatus
1685 2606 1788 2661 est,
1812 2598 1862 2647 in
1884 2599 2055 2649 Pison.
2081 2598 2166 2657 31,
2187 2600 2272 2648 77.

1300 2667 1367 2733 Q.
1411 2664 1624 2718 Fabius
1670 2664 2058 2733 Vergilianus,
2108 2668 2306 2731 legatus

1370 2738 1504 2800 App.
1541 2733 1740 2783 Claudii
1770 2736 1964 2799 Pulcri,
2003 2735 2069 2787 ad
2094 2734 2214 2788 fam.
2251 2734 2304 2796 3,

1365 2804 1415 2865 3,
1440 2804 1487 2853 1.
1529 2805 1605 2853 ΙΙ).
1627 2803 1659 2854 3
1677 2840 1689 2862 ,
1710 2805 1763 2864 4,
1788 2804 1836 2853 1.
1858 2832 1929 2843 --
1945 2806 2304 2870 Pompeianus,

1367 2872 1433 2921 ad
1453 2872 1555 2919 Att.
1575 2871 1627 2932 8,
1652 2872 1734 2922 ll.
1762 2874 1825 2925 A.

1300 2937 1618 3006 02Fabius
1653 2938 1938 2993 Maximus
1979 2940 2304 3004 Rullianus,

1368 3010 1454 3071 qui
1482 3012 1699 3075 primum
1728 3010 2042 3060 consulatum
2073 3013 2233 3073 gessit
2253 3025 2300 3063 a.

1369 3094 1420 3125 u.
1439 3094 1484 3128 c.
1510 3078 1632 3130 432.
1647 3114 1662 3143 ,
1680 3080 1914 3141 quintum
1935 3094 2046 3129 cum
2069 3080 2122 3128 P.
2146 3079 2304 3129 Decio

1367 3147 1472 3197 filio
1499 3162 1545 3197 a.
1568 3162 1620 3197 u.
1643 3163 1684 3199 c.
1717 3148 1836 3199 459.
1858 3185 1872 3209 ,
1895 3162 2018 3197 avus
2040 3146 2308 3198 Cunctato-

1366 3218 1438 3264 ris
1458 3215 1769 3279 significatur
1788 3216 2012 3281 Philipp.
2035 3218 2085 3275 5,
2114 3216 2194 3278 17,
2217 3216 2303 3267 48.

1300 3282 1369 3349 Q.
1402 3282 1612 3334 Fabius
1642 3282 1920 3335 Maximus
1958 3284 2303 3335 Verrucosus

1370 3350 1610 3401 Ovicula
1641 3350 1964 3403 Cunctator.
2007 3353 2123 3403 Cos.
2160 3356 2305 3415 quin-

1369 3429 1470 3468 tum
1493 3436 1539 3473 a.
1563 3436 1608 3469 u.
1638 3436 1678 3469 c.
1702 3421 1823 3472 545.
1876 3422 2146 3473 Tarentum
2167 3438 2305 3473 rece-
