2500 3850
220 151 349 214 208
800 163 1213 214 LACONICUM
1242 184 1327 197 —-·
1357 163 1417 210 c.
1452 162 1769 212 mamus,

294 322 529 380 nomiae,
582 319 851 371 ‘consiliis
894 346 965 358 —
1004 319 1115 368 laus
1164 325 1239 368 est

296 398 499 440 attonsa
546 388 867 448 Laconum’‚
920 389 1127 438 Tuscul.
1186 387 1238 449 5,

218 525 569 578 Laconicum
594 561 611 588 ,
668 525 985 576 sudatorium
1039 527 1091 574 in
1130 526 1239 575 bal-

290 598 432 658 neis,
474 597 541 644 ad
568 597 671 645 Att.
694 597 759 654 4,
795 595 890 656 10,
910 597 963 645 2.

220 632 700 727 Δακωνισμός,
722 662 974 713 Laconica
998 665 1237 726 brevitas,

290 735 354 783 ad
377 735 499 786 fam.
530 734 623 793 11,
660 732 750 793 15,
776 733 827 782 2.

222 800 463 853 Lacteus
490 803 657 860 orbis,
694 801 837 851 Arat.
860 817 910 852 v.
930 800 1050 853 493.

217 868 477 938 Lacydes
502 907 517 934 ,
585 870 925 921 Academicus
979 870 1235 920 Arcesilae

293 942 598 1006 discipulus.
658 965 721 974 -
780 938 1043 990 Arcesilae
1107 940 1235 989 ratio

291 1012 529 1074 proxime
577 1024 609 1057 a
643 1008 851 1072 Lacyde
895 1008 1005 1058 solo
1041 1014 1236 1057 retenta

291 1086 403 1138 est,
437 1077 599 1126 Acad.
624 1091 702 1140 pr.
727 1080 791 1140 2,
821 1076 882 1140 6,
913 1077 993 1128 16.
1016 1103 1089 1116 --
1111 1077 1234 1126 Eius

289 1147 573 1210 discipulus
594 1146 855 1204 Euander,
896 1147 967 1195 lb.
1004 1147 1234 1211 Peregri-

288 1223 464 1276 natur,
489 1213 701 1266 Tuscnl.
728 1217 789 1277 5,
813 1214 879 1266 37
895 1250 909 1273 ,
934 1213 1050 1264 107.

218 1282 427 1347 Ladas,
442 1285 617 1334 clarus
638 1299 814 1335 cursor
832 1283 1145 1348 Olympicus,
1164 1284 1234 1333 ad

289 1355 406 1402 Her.
432 1355 492 1418 4,
514 1353 547 1405 3
565 1390 580 1416 ,
608 1355 661 1404 4.

214 1422 295 1474 Μ.
322 1423 529 1474 Laeca.
566 1424 631 1472 V.
660 1420 738 1472 Μ.
761 1419 999 1472 Porcius
1025 1420 1228 1472 Laeca.

216 1490 444 1556 Laelia,
502 1491 555 1540 G.
592 1491 755 1541 Laelii
796 1490 1053 1557 Sapientis
1104 1490 1226 1540 filia.

284 1561 407 1610 Eius
428 1575 621 1619 sermo,
660 1560 800 1613 Brut.
839 1560 936 1625 58,
977 1560 1097 1609 211.
1165 1559 1229 1608 de

286 1636 413 1678 orat.
449 1627 513 1692 3,
536 1629 633 1692 12,
652 1629 739 1678 44.

214 1695 432 1760 Laelii,
465 1697 711 1760 Catones,
734 1696 886 1751 Phili,
936 1697 1124 1746 Eorum
1146 1709 1228 1746 sa-

283 1767 479 1831 pientia
506 1767 940 1829 temperantiaque
970 1766 1021 1813 in
1056 1764 1227 1828 publi-

284 1837 360 1884 cis
399 1836 752 1899 privatisque,
807 1832 1097 1882 forensibus
1134 1833 1227 1884 do-

197 1954 203 1957 .
282 1904 609 1967 mesticisque
628 1903 781 1953 rebus
808 1908 1135 1969 perspectae,
1164 1903 1226 1953 de

283 1973 400 2039 lege
436 1989 547 2040 agr.
586 1974 653 2034 2,
694 1974 790 2033 24,
830 1972 917 2024 64.
954 1998 1025 2008 -
1061 1972 1225 2022 Laelii

283 2043 479 2093 divitiis
533 2059 564 2093 a
621 2040 800 2093 multis
857 2041 1225 2091 mercatoribus

282 2114 549 2175 superati,
590 2110 790 2191 Cornel.
830 2126 933 2160 sec.
960 2109 1145 2174 fragm.
1171 2110 1221 2161 8

205 2245 395 2298 Laelii
432 2249 661 2299 valentes
698 2248 838 2313 apud
863 2246 1133 2298 Caesarem
1169 2264 1217 2298 a.

278 2334 335 2369 u.
371 2334 415 2368 c.
461 2318 611 2381 703„
650 2316 853 2367 Caelius
896 2317 963 2366 ad
1002 2316 1125 2367 fam.
1166 2318 1217 2377 8,

205 2452 457 2519 Laelius,
479 2458 537 2516 Q.
557 2455 835 2507 Scaevolae
860 2457 1071 2521 auguris
1093 2456 1218 2505 ami-

278 2540 396 2587 cus,
436 2526 510 2574 de.
530 2532 657 2575 orat.
688 2525 748 2584 1,
777 2526 872 2584 62,
898 2522 1016 2575 265.

205 2591 270 2641 (2.
305 2591 568 2655 Laelius,
608 2592 865 2657 Sapientis
896 2602 1067 2657 pater,
1107 2608 1213 2643 cos·

274 2675 320 2709 a.
352 2675 420 2711 ·u.
464 2676 509 2709 c.
546 2660 667 2711 564.
728 2676 842 2711 cum
875 2662 933 2711 L.
974 2661 1217 2728 Scipione

275 2728 573 2794 (Asiatico).
649 2728 711 2777 Ei
748 2729 920 2793 potins
960 2745 1115 2795 quam
1151 2732 1212 2782 L.

273 2796 506 2860 Scipioni
543 2803 751 2847 senatus
790 2798 989 2849 deferre
1024 2800 1213 2850 bellum

272 2864 636 2915 Antiochinum
689 2865 926 2928 volebat,
980 2868 1207 2935 Philipp.

204 3000 268 3052 G.
287 3000 516 3054 Laelius
537 3016 699 3054 navus
714 3006 1087 3070 ,ingeniosus,
1118 3008 1211 3056 do-

271 3080 407 3136 ctus,
448 3074 500 3122 in
518 3074 722 3124 civitate
740 3076 966 3141 primns,
998 3075 1069 3126 ad
1087 3076 1206 3127 Her.

269 3140 461 3202 4„13
493 3142 579 3192 19.
623 3143 1211 3208 deinv.,14,5.—-

270 3211 403 3262 Ante
421 3211 584 3261 Laelii
614 3220 831 3265 aetatem
868 3222 917 3264 et
950 3213 1210 3280 Scipionis

268 3292 369 3330 nou
392 3281 824 3345 repperitcicero,
848 3298 976 3347 quos
1003 3285 1208 3350 sapien-

267 3354 344 3397 tes
382 3348 641 3413 appellare
673 3359 849 3416 posset
889 3354 1203 3418 nominatim,

266 3414 473 3469 Tuscul.
504 3420 566 3483 4,
587 3418 652 3485 3,
673 3420 725 3473 5.
749 3446 819 3459 -—-
850 3421 907 3477 G.
935 3420 1136 3475 Laelius
1157 3433 1207 3473 et

1385 318 1449 366 M.
1497 318 1616 369 Cato
1657 321 1917 384 sapientes
1958 319 2163 369 fuerunt
2181 355 2197 384 ,
2253 321 2318 370 de

1379 385 1469 437 eff.
1496 386 1556 452 3,
1577 389 1640 451 4,
1669 387 1754 439 16.
1777 415 1842 424 -
1860 387 2068 439 Laelius
2090 388 2321 438 omnium

1385 456 1798 520 sapientissimus
1819 493 1834 516 ,
1869 457 2011 508 Brut.
2051 457 2119 508 58
2139 493 2156 520 ,
2195 457 2317 510 213.

1379 551 1448 562 ·—
1476 524 1532 575 G.
1574 525 1808 586 Laelius,
1845 526 1890 576 is
1913 563 1928 586 ,
1965 526 2052 588 qui
2097 525 2319 591 Sapiens

1380 598 1672 659 usurpatur,
1686 601 1892 660 praetor
1901 594 2194 644 Viriathum
2213 593 2318 644 fre-

1379 664 1456 728 git
1489 669 1538 712 et
1567 664 1863 714 comminuit
1902 663 2318 726 ferocitatemque

1376 733 1486 780 eins
1517 732 1588 780 ita
1622 733 1892 797 repressit,
1927 739 1983 782 ut
2015 732 2170 783 facile
2207 733 2318 783 bel-

1377 800 1484 848 lum
1506 800 1724 864 reliquis
1741 802 1995 863 traderet,
2036 803 2100 851 de
2131 802 2222 855 off.
2261 804 2311 861 2,

1377 869 1459 932 11,
1481 870 1567 921 40.
1587 895 1658 906 -—·
1676 869 1732 919 G.
1754 870 1961 921 Laelius
1985 885 2017 919 a
2041 886 2229 936 genero
2251 872 2313 930 Q.

1374 937 1542 989 Mucio
1574 937 1822 989 Scaevola
1851 941 1902 988 in
1923 941 2316 991 omni'sermone

1373 1007 1659 1072 appellatus
1681 1007 1897 1073 Sapiens
1913 1045 1926 1068 ,
1955 1008 2018 1058 de
2051 1023 2150 1058 am.
2175 1009 2201 1058 1
2219 1045 2234 1072 ,
2263 1009 2310 1058 1.

1381 1101 1438 1112 --
1465 1075 1520 1125 O.
1542 1075 1750 1128 Laelius
1775 1079 1852 1128 rei
1892 1077 2032 1143 publ.
2067 1085 2236 1128 rector
2265 1086 2316 1127 et

1373 1144 1576 1194 consilii
1611 1147 1802 1210 publici
1841 1155 2040 1207 auctor,
2077 1149 2142 1197 de
2182 1154 2311 1196 orat.

1379 1215 1427 1274 1,
1453 1212 1540 1275 48,
1572 1215 1665 1264 211
1713 1223 1765 1264 et
1793 1217 1914 1267 215.
1959 1243 2030 1254 --
2061 1216 2314 1266 Constans

1375 1283 1547 1347 opinio
1577 1283 1641 1334 de
1673 1284 1784 1335 eius
1804 1286 2007 1348 virtute,
2033 1285 2186 1350 topic.
2223 1283 2312 1347 20,

1372 1351 1458 1414 78,
1483 1351 1547 1401 cl.
1576 1367 1671 1417 pro
1695 1353 1888 1404 Archia
1905 1357 1956 1418 7,
1984 1353 2067 1406 16.
2089 1379 2161 1391 —-
2185 1353 2312 1404 Eius

1373 1422 1612 1485 comitas,
1648 1437 1742 1487 pro
1766 1423 1975 1473 Murena
1992 1421 2055 1474 31
2077 1460 2093 1486 ,
2119 1421 2208 1476 66.
2242 1450 2312 1458 -

1371 1489 1595 1540 Socratis
1616 1499 1666 1541 et
1693 1491 1750 1544 C.
1773 1490 1938 1541 Laelii
1967 1491 2312 1554 aequabilitas

1369 1560 1423 1607 in
1443 1560 1582 1608 omni
1608 1562 1712 1610 vita
1731 1566 1780 1610 et
1811 1561 1948 1611 idem
1971 1576 2173 1625 semper
2197 1560 2314 1609 vu}-

1370 1634 1452 1676 tus
1473 1628 1752 1692 eademque
1770 1629 1929 1694 frons,
1949 1631 2012 1680 de
2031 1629 2121 1681 off.
2149 1631 2196 1694 1,
2219 1629 2306 1693 26,

1369 1696 1454 1748 90.
1475 1723 1542 1733 -
1562 1698 1767 1748 Laelius
1789 1707 1838 1749 et
1857 1698 2051 1766 Scipio.
2086 1699 2307 1764 Ingenii,

1368 1766 1680 1832 litterarum,
1716 1767 2061 1832 eloquentiae,
2103 1769 2310 1833 sapien-

1366 1834 1468 1884 tiae
1503 1837 1596 1885 etsi
1625 1837 1824 1899 utrique
1849 1839 2071 1903 primas,
2107 1837 2309 1902 priores

1365 1909 1534 1955 tamen
1581 1904 1795 1956 libenter
1839 1907 2071 1958 defernnt
2111 1905 2308 1967 Laelio,

1367 1972 1506 2027 Brut.
1529 1975 1614 2038 21,
1630 1975 1712 2027 84.
1739 1974 1802 2025 cl.
1826 1977 1894 2030 ib.
1917 1978 2002 2039 22,
2019 1976 2212 2039 858qq.
2235 2006 2310 2015 —

1366 2042 1596 2093 Maxime·
1621 2046 1962 2095 memorabilis
1997 2045 2095 2095 fuit
2123 2046 2236 2094 eius
2257 2050 2308 2093 et

1364 2111 1422 2165 P.
1440 2112 1671 2162 Africani
1689 2115 1938 2177 amicitia,
1975 2115 2039 2165 de
2058 2128 2157 2162 am.
2179 2114 2228 2172 1,
2248 2118 2300 2165 4.

1364 2208 1430 2217 -
1449 2181 1570 2231 Erat
1588 2183 1644 2231 in
1663 2183 1722 2238 O.
1748 2183 1924 2235 Laelio
1947 2182 2105 2235 multa
2123 2181 2305 2233 hilari·

1362 2258 1470 2309 tas,
1509 2252 1572 2301 de
1606 2251 1692 2302 off.
1724 2252 1783 2315 1,
1804 2252 1898 2313 30,
1933 2251 2050 2303 108.
2075 2278 2148 2287 -
2172 2252 2304 2301 Lae-

1361 2318 1460 2369 lius
1509 2334 1713 2385 semper
1759 2320 1878 2373 fere„
1903 2338 2020 2371 cum
2061 2318 2304 2386 Scipione

1359 2387 1556 2438 solebat
1585 2392 1823 2440 rusticari
1847 2397 1962 2453 etc„
2000 2390 2064 2440 de
2090 2396 2218 2442 orat.
2247 2391 2301 2451 2,

1358 2457 1410 2518 6,
1435 2458 1521 2510 22.
1556 2485 1626 2495 -
1654 2458 1706 2509 C.
1727 2459 1934 2509 Laelius
1955 2459 2165 2509 militiae
2183 2474 2303 2524 pro-

1357 2534 1470 2591 pter
1493 2528 1735 2579 eximiam
1769 2528 1890 2577 belli
1921 2528 2136 2595 gloriam
2162 2527 2302 2577 Afri-

1359 2610 1540 2645 canum
1561 2604 1615 2645 ut
1634 2599 1785 2647 deum
1807 2598 2023 2659 colebat,
2060 2597 2201 2647 domi
2222 2598 2301 2647 vi-

1358 2665 1532 2715 cissim
1551 2665 1797 2731 Laelium,
1821 2668 1959 2730 qnod
1971 2673 2135 2717 aetate
2155 2673 2298 2716 ante-

1355 2734 1598 2799 cedebat,
1638 2736 1936 2786 observabat
1963 2738 2030 2785 .in
2068 2736 2298 2799 parentis

1355 2803 1468 2852 loco
1489 2802 1680 2868 Scipio,
1706 2805 1770 2854 de
1788 2820 1830 2854 r.
1864 2820 1916 2870 p.
1942 2804 1990 2864 1,
2014 2804 2096 2864 12,
2121 2803 2206 2855 18.
2229 2832 2298 2841 —-

1354 2872 1476 2921 Eius
1495 2886 1628 2924 unus
1647 2874 1939 2924 consulatus
1957 2889 2006 2928 a.
2030 2889 2084 2926 u.
2107 2890 2150 2922 c.
2169 2872 2293 2934 614,

1353 2948 1404 2989 et
1426 2943 1472 2991 is
1495 2942 1698 3005 quidem
1721 2958 1835 2994 cum
1853 2944 2063 3008 repulsa
2089 2958 2136 2993 a.
2171 2958 2223 2991 u.
2248 2958 2292 2991 c.

1352 3008 1496 3072 613.
1518 3011 1722 3063 Tuscul.
1743 3012 1796 3074 5,
1816 3011 1897 3072 19,
1911 3013 1994 3063 54.
2015 3010 2151 3065 -Ο,
2166 3011 2298 3061 Lae-

1352 3079 1454 3129 lius
1513 3081 1687 3132 consul
1735 3096 1849 3132 cum
1902 3080 1960 3141 Q.
2019 3081 2293 3146 Caepione,

1353 3149 1491 3198 Brut.
1537 3149 1636 3213 43,
1692 3150 1809 3201 161.
1856 3176 1924 3187 ·—·
1963 3149 2019 3201 C.
2065 3150 2292 3210 Laelius,

1348 3217 1405 3271 P.
1449 3216 1622 3298 Scipio
1671 3220 1864 3284 optime
1923 3218 2286 3284 loquebantur.

1351 3287 1531 3337 aetatis
1559 3287 1699 3338 illius
1739 3288 1838 3339 ista
1866 3289 1964 3338 fuit
1995 3290 2125 3347 laus,
2161 3296 2294 3339 tam-

1349 3370 1502 3419 quam
1530 3358 1876 3417 innocentiae,
1906 3359 1982 3407 sic
2005 3358 2186 3407 Latine
2215 3356 2292 3407 lo-

1350 3425 1568 3492 quendi,
1605 3425 1746 3479 Brut.
1785 3427 1886 3488 74,
1931 3424 2050 3478 258.
2091 3452 2164 3463 —-
2195 3424 2292 3475 Te-
