2500 3850
369 148 494 211 268

438 331 579 368 eone.
602 316 684 381 12,
708 316 883 370 29³-
902 316 1088 368 Oceani
1105 315 1250 376 freta,
1272 316 1377 365 Tu-

438 385 571 438 scul.
596 385 653 449 1,
685 386 781 446 20,
813 385 900 436 45.
925 413 990 422 -
1010 385 1087 434 Ex
1120 384 1374 436 Cleanthis

439 455 685 506 sententia
730 453 818 504 Sol
863 453 1051 505 Oceani
1088 455 1238 505 alitur
1281 454 1375 504 hu-

436 539 593 586 more,
615 524 679 574 de
700 538 752 572 n.
774 525 825 574 d.
844 525 897 583 2,
922 522 1007 586 15,
1026 521 1114 577 40.
1128 548 1200 561 -
1217 521 1375 572 Ocea-

436 608 531 643 nus
551 591 851 657 Salaciaque
869 590 1006 643 Caeli
1028 599 1141 642 satu
1165 591 1371 642 Terrae·-

437 677 534 724 que
556 670 802 728 conceptu
834 662 1085 728 generati,
1119 662 1254 712 Tim.
1290 661 1372 715 11.

436 760 507 772 -
525 729 711 781 Oceani
737 731 871 780 filiae
900 729 1103 782 Perseis
1133 736 1182 780 et
1210 728 1374 796 Idyia,

435 802 499 851 de
516 815 567 849 n.
592 801 645 852 d.
666 798 700 850 3
716 836 731 859 ,
753 798 849 863 19,
868 799 956 852 48.
976 825 1044 837 -
1064 798 1185 848 Eius
1204 799 1376 863 neptis

431 868 611 920 Medea
624 905 640 930 ,
670 869 743 922 lb.
762 896 830 906 -—
849 869 971 919 Eius
990 867 1097 918 fllia
1122 866 1374 934 Coryphe,

434 946 597 987 mater
632 937 888 988 Minervae
924 944 1133 999 quartae
1149 975 1164 999 ‚
1208 938 1283 987 lb.
1322 935 1373 997 3,

367 1072 487 1123 Ser.
517 1070 741 1136 Ocella,
776 1075 842 1123 ad
871 1071 994 1126 fam.
1018 1074 1083 1134 2,
1119 1071 1211 1135 15,
1232 1071 1286 1127 5.
1311 1100 1372 1110 —-

435 1141 635 1193 Caelius
669 1141 736 1191 ad
764 1141 889 1195 fam.
920 1143 953 1193 8
972 1179 989 1204 ,
1024 1141 1103 1205 7,·
1118 1143 1170 1192 2.
1209 1142 1278 1195 cf.
1308 1143 1375 1191 ad

432 1213 539 1262 Att.
564 1210 648 1276 10,
672 1208 757 1273 10,
776 1211 829 1261 4.
868 1210 943 1266 lh.
966 1209 1061 1272 10,
1084 1209 1173 1272 13,
1207 1210 1260 1262 3.
1297 1212 1370 1261 lb.

435 1280 517 1344 10,
540 1280 623 1339 17,
645 1278 699 1331 3.
736 1280 810 1330 lb.
833 1279 915 1341 16,
938 1279 1023 1338 12,
1045 1277 1127 1330 11.

366 1346 701 1400 Ocriculana
748 1349 871 1399 villa
918 1348 1153 1414 Milonis,
1211 1363 1374 1416 prope

434 1418 725 1469 Ocriculum
747 1417 931 1486 (hodie
964 1416 1221 1482 Om'colt'),
1250 1417 1373 1468 Um—

433 1489 575 1538 briae
593 1487 841 1552 oppidum
858 1523 872 1548 ‚
891 1502 985 1553 pro
1003 1487 1110 1540 Mil.
1131 1488 1219 1548 24,
1237 1488 1326 1540 64.

367 1553 678 1607 octaviana
698 1555 943 1606 formula:
988 1571 1118 1615 ouon
1148 1571 1246 1608 rna
1279 1571 1374 1606 vm

433 1640 529 1674 Αινι·
559 1640 735 1674 aarum
765 1639 1112 1676 ass'rumsssr.
1153 1625 1281 1676 Eam
1312 1624 1370 1677 L.

436 1691 672 1742 Octavius
688 1729 701 1752 ,
726 1701 931 1757 praetor
948 1709 1102 1757 quum
1122 1701 1275 1753 esset,
1297 1695 1372 1742 in-

432 1761 663 1810 stituerat
678 1796 693 1821 ,
712 1762 857 1810 Verr.
879 1777 1049 1816 accus.
1072 1759 1123 1828 3,
1144 1763 1230 1822 65,
1252 1761 1366 1812 152.

367 1825 737 1890 Octavianum
764 1830 951 1880 bellum
970 1846 1018 1884 a.
1040 1847 1093 1880 ιι.
1117 1845 1163 1881 c.
1196 1831 1318 1882 667.
1342 1845 1373 1880 a

436 1898 595 1950 Cinna
612 1905 661 1949 et
677 1897 838 1949 Mario
861 1900 1047 1951 reduce
1079 1908 1256 1951 contra
1276 1897 1366 1954 Gn.

433 1966 697 2019 Octavium
716 1983 855 2019 cons.
871 1978 1093 2036 gestum,
1115 1970 1178 2019 de
1197 1971 1300 2024 div.
1323 1971 1370 2028 1,

432 2040 484 2096 2,
500 2040 552 2091 4.
571 2065 636 2074 —
649 2038 723 2087 Eo
742 2038 877 2090 bello
899 2046 1126 2089 cometae
1145 2036 1370 2103 (stellae)

434 2118 732 2169 magnarum
775 2106 976 2157 fuerunt
1028 2107 1372 2169 calamitatum

432 2176 773 2237 praenunciae
787 2210 803 2237 ‚
826 2176 888 2225 de
908 2191 958 2227 n.
982 2176 1031 2225 d.
1054 2178 1106 2236 2,
1127 2175 1178 2235 5,
1202 2177 1374 2229 14.—

434 2241 767 2293 Octavianum
800 2242 991 2293 beilum
1026 2259 1211 2309 grave,
1252 2244 1371 2295 Phi-

434 2311 562 2375 lipp.
588 2312 671 2372 14,
698 2311 748 2375 8,
770 2311 858 2367 23.

366 2377 708 2433 Octavianus
741 2381 880 2443 dies,
910 2396 1009 2446 quo
1039 2381 1099 2431 L.
1132 2381 1292 2432 Cinna
1321 2391 1370 2432 et

433 2448 521 2499 Cn.
545 2449 783 2501 Octavius
804 2451 1037 2503 consules
1056 2466 1169 2504 a.u.
1185 2467 1228 2501 c.
1243 2448 1365 2504 667.

433 2520 563 2568 inter
600 2534 659 2569 se
704 2526 878 2569 mutuo
924 2521 1227 2571 dissidentes
1263 2535 1370 2569 ma-

432 2602 585 2651 gnam
613 2589 805 2638 civium
834 2596 1056 2653 stragem
1086 2589 1367 2652 ediderunt,

429 2670 521 2719 pro
542 2654 673 2705 Sest.
696 2654 779 2713 36.
797 2658 884 2706 77.

365 2720 619 2787 Octavii,
653 2738 779 2787 quos
811 2725 1070 2776 devinctos
1099 2733 1369 2777 consuetu-

432 2791 549 2841 dine
584 2792 785 2843 tenebat
814 2792 1057 2854 Archias,
1096 2796 1186 2847 Gn.
1223 2793 1370 2845 Oeta·

432 2860 546 2909 vius
577 2875 681 2913 cos.
704 2875 752 2912 a.
781 2876 836 2910 ιι.
858 2877 903 2915 c.
936 2863 1058 2915 667.
1095 2865 1186 2918 Gn.
1220 2861 1369 2914 Octa-

430 2931 544 2978 vius
564 2943 668 2979 cos.
689 2944 739 2981 a.
759 2946 813 2980 u.
834 2945 877 2979 c.
900 2930 1022 2985 678.
1044 2933 1103 2986 L.
1126 2933 1367 2985 Octavius

432 3012 535 3048 cos.
558 3012 607 3047 a.
627 3014 680 3051 ιι.
704 3014 749 3053 c.
772 2998 925 3061 679.,
944 3015 1040 3065 pro
1061 3002 1213 3053 Arch.
1240 3000 1292 3062 3,
1312 3001 1363 3052 6.

364 3062 619 3132 Octavii,
653 3066 742 3118 Gn.
764 3067 887 3129 filii,
920 3072 1085 3135 pueri.
1113 3070 1366 3121 Phameae

431 3151 635 3186 causam
653 3146 826 3187 contra
843 3153 932 3188 eos
958 3140 1151 3205 recepit
1169 3138 1362 3200 Cicero,

432 3205 497 3254 ad
514 3206 617 3258 Ait.
645 3205 727 3266 13,
746 3205 832 3268 49,
856 3206 904 3257 1.

364 3269 665 3337 Octavius,
730 3284 911 3339 postea
962 3276 1119 3327 Iulius
1178 3274 1366 3327 Caesar

432 3339 763 3402 Octavianus,
797 3345 863 3394 ad
892 3344 1015 3393 fam.
1049 3343 1140 3409 16,
1178 3344 1276 3403 24,
1312 3344 1364 3397 2.

432 3423 513 3470 ep.
535 3410 602 3459 ad
616 3409 755 3462 Brut.
782 3413 830 3470 1,
853 3410 934 3462 16.

646 161 792 208 SER.
828 159 1100 208 OCELLA
1130 181 1214 191 ·—
1238 159 1348 208 CN.
1382 159 1724 208 OCTAVIUS
1751 159 1859 207 CN.
1885 159 1948 207 F.
1981 159 2091 206 ΟΝ.
2117 161 2188 206 Ν.

1449 313 1510 364 G.
1553 311 1853 379 Octavius,
1905 314 2169 366 Octaviani
2210 318 2333 366 sive
2371 319 2468 367 Au-

1515 384 1654 448 gusti
1677 391 1854 448 pater,
1887 382 2242 434 Macedoniam
2270 387 2469 436 obtine-

1515 453 1599 501 bat
1619 467 1666 504 a.
1688 467 1741 502 ιι.
1765 467 1810 501 c.
1829 450 1946 504 695.
1963 489 1978 518 ,
2005 453 2072 502 ad
2091 456 2196 504 Att.
2223 455 2278 515 2,
2312 455 2364 519 1,
2391 457 2465 508 12.

1514 548 1579 557 —-
1611 521 1974 586 Amplissimae
2006 523 2116 571 eius
2144 522 2341 572 laudes
2361 559 2375 582 ‚
2411 525 2470 572 ad

1513 591 1573 649 Q.
1595 589 1658 640 fr.
1685 590 1744 652 1,
1779 589 1839 650 1,
1866 591 2205 653 7.§.21.1b.
2231 593 2299 651 2,
2337 593 2397 657 2,
2421 595 2466 642 7.

1510 684 1581 694 -
1596 658 1657 708 Εἰ
1675 660 1719 708 si
1737 659 1838 708 vita
1859 659 2262 724 suppeditasset,
2289 663 2468 712 consul

1515 728 1681 778 factus
1700 736 1833 777 esset
1849 763 1863 788 ‚
1887 727 2107 792 Philipp.
2131 727 2184 791 3,
2207 729 2264 788 6,
2291 731 2379 782 15.

1448 795 1549 847 Gn.
1567 793 1838 848 Octavius
1859 795 1960 847 Cn.
1981 794 2046 846 F.
2066 799 2271 862 primus
2295 814 2367 848 ex
2385 798 2468 847 illa

1516 865 1712 915 familia
1731 865 1908 916 consul
1928 864 2088 915 factus
2104 901 2119 930 ‚
2141 867 2464 932 praeclaram

1514 933 1803 985 aedificavit
1837 937 1887 984 in
1908 935 2100 984 Palatio
2121 937 2341 986 domum
2361 941 2381 999 ‚'
2405 937 2463 986 de

1515 1002 1601 1053 off.
1634 1003 1689 1064 1,
1721 1003 1817 1062 39,
1853 1002 1972 1056 138.
1998 1031 2064 1040 —
2093 1003 2186 1058 Gn.
2221 1003 2461 1056 Octavius

1514 1071 1690 1123 consul
1709 1087 1822 1124 cum
1839 1072 1900 1123 T.
1923 1072 2106 1124 Manlio
2127 1073 2396 1138 Torquato
2416 1091 2458 1126 a.

1511 1157 1566 1195 u.
1603 1157 1648 1190 c.
1679 1139 1835 1200 589.,
1877 1141 1940 1192 de
1970 1141 2056 1194 fin.
2083 1141 2144 1201 1,
2175 1144 2244 1208 7,
2278 1145 2368 1196 24.
2395 1169 2460 1180 —-

1513 1209 1678 1268 Quum
1717 1219 1850 1260 esset
1887 1213 2075 1260 missus
2111 1227 2142 1260 a
2180 1219 2366 1261 senatu
2399 1213 2460 1261 ad

1513 1278 1710 1330 animos
1726 1295 1904 1346 regum
1923 1279 2317 1346 perspiciendos
2339 1282 2460 1330 libe-

1511 1363 1785 1410 rorumque
1821 1348 2158 1413 populorum,
2206 1351 2458 1398 maxime-

1514 1431 1610 1480 que
1629 1453 1642 1477 ,
1673 1425 1729 1466 ut
1757 1425 1994 1483 nepotem
2024 1417 2164 1482 regis
2197 1417 2454 1478 Antiochi,

1515 1487 1658 1545 eius,
1697 1487 1785 1548 qui
1829 1501 1942 1535 cum
1981 1483 2226 1536 Romanis
2263 1487 2452 1537 bellum

1511 1564 1760 1619 gesserat,
1781 1555 1972 1604 classes
1989 1555 2192 1612 habere,
2212 1553 2452 1619 elephan-

1512 1632 1593 1672 tos
1612 1622 1746 1674 alere
1765 1623 2088 1690 prohiberet,
2106 1623 2385 1674 Laodiciae
2404 1627 2450 1672 in

1512 1694 1777 1758 gymnasio
1811 1708 1842 1743 a
1877 1693 2094 1755 quodam
2135 1691 2354 1757 Leptine
2381 1701 2450 1748 es?

1511 1760 1807 1811 interfectus
1822 1799 1835 1820 ,
1856 1761 2079 1826 Philipp.
2101 1758 2152 1824 9,
2177 1763 2229 1822 2,
2249 1764 2306 1812 4.

1443 1827 1547 1883 Cn.
1570 1826 1840 1880 Octavius
1865 1828 2041 1880 en.F.
2065 1827 2164 1880 Cn.
2180 1827 2250 1879 N.
2271 1831 2448 1880 consul
2492 1859 2493 1888 ξ

1479 1952 1486 1957 ,
1511 1914 1556 1949 a.
1575 1914 1625 1952 u.
1642 1898 1820 1951 (3.626.
1837 1900 2102 1965 imperitus
2119 1899 2248 1951 iuris
2267 1900 2450 1962 civilis,
2482 1919 2492 1941 ι

1509 1971 1574 2017 de
1596 1975 1723 2017 orat.
1757 1968 1805 2028 1,
1827 1967 1911 2024 36,
1939 1968 2054 2021 166.

1445 2034 1543 2086 Cn.
1569 2034 1838 2089 Octavius
1862 2036 1958 2087 Cn.
1982 2034 2045 2086 F.
2070 2036 2168 2088 Cn.
2201 2035 2270 2088 N.
2287 2074 2303 2102 ,
2335 2053 2452 2088 con-

1509 2106 1589 2155 sul
1610 2121 1725 2156 cum
1745 2106 1801 2155 L.
1827 2103 2058 2155 Cornelio
2080 2106 2240 2157 Cinna
2257 2121 2306 2157 a.
2330 2123 2379 2156 u.
2403 2123 2444 2158 c.
2487 2126 2489 2135 ¹

1511 2172 1631 2228 667.
1691 2176 1863 2223 Armis
1912 2190 1976 2225 ex
2031 2174 2157 2225 urbe
2205 2175 2444 2241 collegam

1511 2258 1660 2293 suum
1694 2242 1904 2293 Cinnam
1936 2243 2156 2309 expulit:
2186 2258 2336 2294 omne
2371 2244 2442 2293 fo·
2485 2262 2487 2305 5

1510 2327 1624 2361 rum
1655 2313 1850 2362 acervis
1881 2326 2147 2377 corporum
2181 2320 2229 2362 et
2262 2315 2438 2383 civium
2485 2306 2487 2319 ⁴

1511 2382 1761 2447 sanguine
1780 2382 2109 2445 redundavit,
2144 2381 2198 2429 in
2230 2381 2374 2432 Catil.
2393 2384 2437 2440 3,
2483 2432 2485 2437 .

1514 2451 1597 2512 10,
1619 2450 1705 2500 24.
1726 2476 1793 2487 -
1819 2449 1909 2500 On.
1933 2448 2172 2501 Octavius
2195 2451 2438 2500 aedilitate

1510 2520 1813 2585 praeteritus
1833 2520 2011 2569 consul
2031 2526 2107 2570 est
2127 2517 2290 2569 factus
2307 2556 2321 2580 ‚
2350 2534 2436 2584 pro
2481 2568 2483 2573 .

1510 2589 1679 2640 Planc.
1709 2588 1809 2648 21,
1842 2588 1926 2639 51.
1953 2613 2023 2625 --
2053 2587 2176 2636 Eius
2211 2587 2436 2651 eloquen-

1508 2658 1582 2706 tia
1613 2658 1667 2706 in
1697 2656 1962 2707 consulatu
1997 2656 2169 2707 multis
2204 2659 2436 2706 contioni-
2479 2684 2481 2705 ;

1507 2728 1603 2777 bus
1624 2734 1699 2775 est
1717 2724 2039 2775 vehementer
2055 2724 2282 2789 probata,
2300 2726 2428 2775 Brut.
2474 2727 2482 2769 ι

1508 2796 1577 2845 47
1592 2828 1606 2853 ,
1630 2794 1750 2845 176.
1774 2820 1846 2831 -
1864 2794 1988 2845 Cum
2021 2793 2228 2844 Octavio
2250 2795 2434 2859 collega
2455 2793 2482 2871 4

1508 2862 1664 2913 Cinna
1684 2863 1923 2913 dissedit:
1947 2864 2146 2926 utrique
2165 2862 2340 2913 horum
2357 2878 2432 2912 se-

1507 2932 1674 2983 cunda
1691 2931 1895 2981 fortuna
1915 2947 2128 2997 regnum
2149 2938 2222 2980 est
2240 2932 2424 2997 largita,
2474 2956 2480 2985 1

1507 3002 1725 3052 adversa
1741 3009 1969 3065 mortem,
1993 3002 2057 3050 de
2077 2999 2278 3065 hai-usp.
2299 3016 2423 3064 resp.

1506 3070 1605 3135 24,
1640 3070 1725 3122 55.
1755 3096 1827 3107 —-
1856 3069 2019 3120 Cinna
2049 3070 2094 3117 si
2126 3070 2424 3119 concordiam
2475 3128 2477 3141 Ι

1505 3154 1622 3188 cum
1636 3137 1843 3188 Octavio
1863 3139 2162 3189 confirmare
2179 3138 2420 3195 voluisset,

1505 3206 1772 3258 hominum
1800 3208 1854 3257 in
1883 3223 1938 3259 re
1968 3205 2113 3272 publ.
2139 3208 2320 3256 sanitas
2353 3222 2420 3254 re-

1504 3290 1710 3326 manere
1727 3278 2006 3340 potuisset,
2028 3274 2244 3340 Philipp.
2269 3273 2352 3335 13,
2375 3275 2418 3327 1.

1506 3344 1557 3392 2.
1588 3350 1656 3381 -·
1684 3344 1810 3393 Eius
1843 3355 1995 3410 caput
2028 3343 2250 3409 praecidi
2284 3345 2418 3393 iussit

1505 3410 1688 3528 0¹}qu
1715 3410 1924 3525 ’ᾖξε-ηοω.
1954 3413 2016 3479 5,
2055 3410 2150 3478 19,
2180 3412 2259 3465 55.
2284 3438 2337 3449 -
2358 3414 2414 3473 Y.
