2500 3850
257 159 379 221 350
467 170 524 217 c.
551 170 957 219 scarsonms
987 170 1192 219 cumo
1217 189 1302 201 -
1329 154 1797 241 (scmsomus)
1824 168 2123 217 Laneus,

319 326 386 375 ad
407 325 529 377 fam.
555 325 606 389 8,
645 328 696 386 2,
722 326 769 375 1.
806 352 878 363 —-
897 325 950 375 C.
977 324 1126 377 Curio
1162 327 1252 374 tri·
1295 337 1303 343 ·

315 394 560 443 bimatum
581 394 652 457 pl.
676 395 824 460 petiit
841 409 888 447 a.
901 412 952 445 u.
969 411 1014 449 c.
1041 394 1160 448 703.
1199 396 1252 445 in

317 463 488 512 locum
509 462 673 513 Servii
695 463 893 528 (Polae)
927 464 1042 516 trib.
1064 463 1136 527 pl.
1162 464 1253 513 de-

317 531 535 597 signati,
573 532 920 595 condemnati,
960 529 1157 581 Caelius
1186 533 1253 581 ad

317 600 437 651 fam.
462 600 524 661 8,
562 602 624 663 4,
665 602 714 651 2.
753 628 819 637 -
855 600 983 649 Eum
1019 614 1121 652 non
1147 616 1252 650 me-

320 670 556 720 diocriter
601 668 786 719 Caesar
822 670 1140 734 contempsit.
1179 696 1249 706 —

316 736 455 787 Nihil
491 737 702 788 consilio
744 737 884 797 facit,
926 738 1002 787 lb.
1044 738 1156 787 ead.
1197 740 1248 801 §-

231 840 241 849 ·
317 808 392 857 lb.
414 805 466 867 8,
489 807 549 868 5,
574 804 626 856 3.
657 832 726 842 —-
747 806 808 855 Ei
827 805 1003 856 Cicero
1025 807 1252 856 tribuna-

313 886 422 925 tum
448 874 615 940 plebis
635 875 936 941 gratulatur,
967 875 1034 924 ad
1053 874 1174 929 fam.
1197 878 1293 993 {d

1233 980 1250 1007 2

316 946 368 1007 7,
390 945 438 994 1.
461 970 528 979 -
557 946 688 995 Petit
705 943 1069 1008 pontificatum,
1109 945 1181 993 Ib.

315 1014 366 1076 7,
392 1013 442 1065 3.
479 1039 546 1047 —
578 1012 700 1061 Eius
733 1012 979 1061 auxilium
999 1014 1248 1077 exposcit,

315 1096 379 1129 ne
412 1080 512 1129 sibi
529 1081 794 1144 provincia
811 1087 1141 1147 prorogetur,
1175 1082 1247 1131 Ib.

315 1151 366 1211 2,
384 1149 576 1210 7,4.-
601 1148 810 1199 Curioni
825 1150 1110 1199 tribunatus
1131 1165 1252 1200 con·

315 1217 533 1285 glaciat,
570 1216 772 1267 Caelius
790 1217 856 1267 ad
881 1217 1004 1267 fam.
1026 1218 1059 1270 8
1073 1256 1086 1278 ‚
1107 1218 1168 1282 6,
1193 1218 1246 1271 3.

314 1314 384 1324 —-
403 1286 793 1337 Ferventissime
813 1288 1148 1353 concerpitur‚
1173 1289 1247 1337 lb.

313 1356 365 1417 8,
385 1354 438 1419 6,
457 1358 506 1405 4.
525 1380 594 1392 ——
617 1355 912 1417 Levissime‚
947 1358 1066 1420 quia
1085 1357 1149 1405 de
1174 1357 1250 1404 in-

314 1424 609 1475 tercalando
629 1440 729 1475 non
750 1425 1052 1488 obtinuerat,
1088 1432 1251 1474 trans-

315 1494 448 1560 fugit
481 1494 546 1543 ad
572 1492 818 1558 populum
843 1501 892 1543 et
922 1508 1012 1559 pro
1038 1494 1250 1544 Caesare

313 1560 456 1624 loqui
485 1562 676 1627 coepit:
713 1562 977 1628 legemque
1015 1564 1247 1626 viariam,

315 1644 417 1679 non
437 1629 738 1680 dissimilem
761 1634 994 1697 agrariae
1013 1631 1166 1695 Rulli,
1201 1639 1250 1681 et

317 1697 709 1759 alimentariam,
741 1715 871 1763 quae
897 1701 1036 1752 iubet
1055 1698 1248 1750 aediles

234 1795 239 1800 -
314 1767 517 1828 metiri,
554 1768 760 1818 iactavit
780 1770 826 1821 a'.
847 1784 900 1818 u.
923 1784 967 1819 c.
993 1768 1134 1832 704„
1171 1769 1247 1819 Ib.

317 1834 368 1895 8,
399 1833 450 1895 6,
482 1835 532 1885 5.
579 1837 726 1886 Prius
745 1851 865 1887 vero
897 1852 944 1888 a.
973 1852 1026 1886 u.
1055 1854 1101 1887 c.
1125 1835 1244 1889 703.

316 1918 372 1954 se
411 1910 584 1956 contra
612 1905 876 1957 Caesarem
905 1914 1068 1958 totum
1099 1920 1248 1976 paraf

314 1981 410 2035 rat,
431 1975 506 2023 lb.
528 1975 578 2035 8,
599 1975 652 2037 8,
676 1974 756 2027 10.
807 1977 878 2026 lb.
902 1977 952 2040 8,
973 1975 1023 2036 9,
1052 1976 1080 2025 1
1115 1983 1163 2025 et
1192 1975 1243 2028 3.

313 2069 384 2078 —
401 2040 618 2107 Operam
640 2044 740 2107 dat,
762 2053 817 2094 ut
835 2046 1031 2107 aliquid
1044 2042 1249 2094 Caesari

318 2111 507 2160 adimat
524 2148 538 2172 ,
583 2112 702 2162 inde
721 2120 776 2160 ut
795 2113 988 2174 aliquid
1005 2113 1245 2176 Pompeio

315 2178 504 2227 tribuat
517 2214 531 2242 ,
569 2180 784 2242 quodvis
805 2181 1080 2242 quamlibet
1099 2188 1248 2230 tenue

313 2247 695 2307 munusculum,
733 2248 809 2297 Ib.
851 2249 911 2309 8,
956 2249 1047 2310 10,
1087 2249 1139 2301 3.
1179 2275 1248 2286 --

314 2315 440 2366 Eius
469 2317 694 2366 actiones
725 2317 788 2367 de
816 2333 941 2384 agro
969 2317 1246 2384 Campano,

312 2385 386 2436 Ib.
412 2384 462 2447 8,
495 2385 577 2446 10,
608 2388 659 2436 4.
699 2412 768 2424 —-
803 2387 954 2440 Curio
997 2387 1248 2437 Ciceronis

318 2456 677 2520 cupidissimus
699 2458 918 2522 negabat
948 2472 1002 2506 se
1019 2455 1121 2505 ullo
1141 2471 1248 2506 mo-

317 2525 381 2573 do
402 2527 510 2588 pati
527 2540 679 2590 posse
695 2526 898 2576 decerni
917 2525 1248 2591 supplicatio-

315 2607 406 2640 nes
427 2607 473 2640 a.
507 2609 556 2642 u.
585 2610 628 2642 c.
651 2594 772 2646 704.
793 2630 806 2653 ‚
827 2597 900 2643 Ib.
923 2595 973 2654 8,
1002 2595 1082 2650 11,
1104 2594 1151 2643 Ῑ.
1182 2619 1247 2628 -

315 2659 510 2709 Deinde
529 2676 585 2709 se
603 2675 805 2710 suarum
827 2662 1080 2710 actionum
1100 2676 1249 2710 cursu

319 2726 572 2776 Ciceronis
615 2743 772 2777 causa
811 2729 1044 2789 deflexit,
1082 2730 1154 2782 lb.
1193 2730 1244 2789 8,

319 2794 401 2852 11,
425 2797 456 2844 2
481 2810 592 2858 sqq.
611 2821 682 2832 ——·
699 2795 913 2843 Lautum
931 2797 1247 2847 intercessio-

316 2862 398 2912 nis
433 2864 496 2912 de
529 2863 804 2925 provinciis
832 2864 1024 2914 exitum
1051 2865 1246 2926 habuit,

315 2931 388 2980 lb.
429 2931 480 2990 8,
523 2928 620 2991 13,
649 2932 700 2984 2.
753 2930 828 2979 Ib.
864 2931 920 2991 8,
961 2935 1051 2997 14,
1085 2937 1137 2987 4.
1178 2961 1248 2971 --

316 2999 371 3049 C.
445 2997 676 3048 Curionis
743 3001 962 3051 amicitia
1019 3001 1248 3052 *Caelium

313 3066 581 3132 paullatim
633 3069 683 3117 in
739 3072 988 3136 perditam
1041 3087 1246 3121 causam

316 3135 665 3187 Caesarianam
711 3140 983 3204 imposuit,
1049 3139 1246 3190 Caelius

315 3206 381 3254 ad
417 3205 538 3258 fam.
571 3207 634 3267 8,
665 3209 758 3270 17,
792 3211 840 3260 1.
875 3237 948 3248 ---
983 3208 1246 3258 Caesarem

316 3290 363 3323 a.
398 3289 448 3323 ιι.
483 3291 526 3324 c.
559 3275 676 3326 704.
711 3278 935 3328 defendit
965 3277 1141 3338 Curi0,
1179 3278 1245 3327 ad

1390 326 1529 390 cupit
1542 362 1555 385 ,
1592 306 1944 390 pro’Pompeio
1964 327 2131 375 emori
2150 332 2325 391 potest,

1390 394 1463 443 Ib.
1480 394 1533 454 2,
1555 394 1641 457 15,
1663 392 1714 447 3.
1739 422 1811 435 —·
1828 393 1979 445 Curio
2009 394 2074 444 de
2094 396 2327 445 Memmio

1387 462 1699 512 restituendo
1721 464 1973 528 cogitabat
1992 478 2040 518 a.
2058 479 2111 513 u.
2128 480 2176 516 c.
2193 463 2331 525 704„

1390 531 1571 580 adAtt.
1594 530 1647 593 6,
1664 531 1712 593 1,
1732 532 1821 583 23.
1846 530 1911 580 cf.
1932 531 2004 581 ib.
2018 530 2071 591 6,
2089 532 2142 594 1,
2167 535 2335 585 25.-

1388 600 1601 649 Exactis
1619 599 1824 651 urbanis
1848 599 2169 665 intelligebat
2192 602 2337 652 Cice-

1390 684 1447 717 ro
1477 666 1715 717 Curionis
1736 669 2018 719 constantia
2052 671 2228 718 omnia
2245 684 2336 735 po—

1390 737 1493 793 tius
1513 744 1682 786 actum
1704 738 1767 786 iri
1788 752 1938 801 quam
1958 738 2021 787 de
2030 740 2334 802 provinciis,

1392 803 1535 867 1b.6‚
1558 806 1609 868 2,
1632 805 1684 855 6.
1707 831 1777 843 -
1802 806 1886 855 Ad
1907 804 2207 856 Ciceronem
2228 804 2336 856 odi-

1393 888 1484 923 osa
1510 873 1870 924 adferebantur
1887 876 1953 924 de
1976 873 2198 926 Curione
2213 910 2228 934 ,
2260 876 2334 927 Ib.

1391 942 1443 1005 6,
1482 941 1534 1001 3,
1578 944 1632 993 4.
1668 966 1741 980 —-
1782 941 1933 993 Curio
1959 944 2335 1008 cupidissimus

1394 1010 1649 1061 Ciceronis
1680 1026 1727 1061 a.
1758 1028 1811 1061 u.
1844 1028 1889 1062 c.
1910 1012 2063 1073 704„
2104 1014 2173 1063 ad
2210 1012 2333 1062 fam.

1394 1078 1490 1141 15,
1526 1081 1607 1141 14,
1644 1080 1695 1130 5.
1750 1080 1819 1129 ad
1844 1081 1949 1129 Att.
1990 1081 2042 1141 7,
2088 1083 2139 1141 7,
2176 1082 2228 1131 5.
2268 1107 2337 1117 -

1392 1146 1631 1199 Curionis
1681 1148 1877 1199 litterae
1934 1148 2001 1197 ad
2065 1150 2334 1208 Furnium,

1390 1215 1575 1279 quibus
1610 1218 1789 1267 irridet
1824 1217 1883 1269 L.
1926 1216 2160 1268 Caesaris
2192 1218 2337 1283 lega-

1387 1286 1577 1335 tionem
1596 1301 1644 1339 a.
1667 1302 1721 1339 u.
1742 1302 1785 1335 c.
1809 1286 1950 1345 705„
1991 1287 2067 1335 Ib.
2088 1285 2241 1348 7,19.
2264 1313 2337 1325 —-

1389 1351 1577 1403 Caesar
1611 1357 1833 1405 minaces
1876 1355 1947 1405 ad
2000 1362 2237 1405 senatum
2286 1362 2335 1405 et

1390 1425 1597 1473 acerbas
1622 1423 1814 1474 litteras
1836 1424 1998 1487 misit,
2030 1431 2080 1473 et
2100 1421 2252 1475 Curio
2274 1423 2333 1472 il·

1390 1490 1498 1541 lum
1528 1493 1787 1544 incitabat.
1840 1493 2093 1548 Antonius
2127 1493 2333 1555 quidem

1391 1567 1443 1611 et
1478 1561 1539 1621 Q.
1560 1559 1766 1611 Cassius
1795 1562 1933 1610 nulla
1952 1561 2006 1610 vi
2036 1562 2240 1626 expulsi
2264 1561 2331 1611 ad

1390 1628 1661 1681 Caesarem
1697 1646 1812 1680 cum
1860 1628 2078 1681 Curione
2117 1630 2330 1695 profecti

1389 1705 1507 1749 sunt
1536 1714 1585 1749 a.
1626 1716 1679 1749 u.
1720 1716 1765 1749 c.
1802 1698 1943 1762 705„
1976 1698 2045 1747 ad
2080 1698 2203 1748 fam.
2246 1697 2327 1758 16,

1376 1766 1477 1829 ’11,
1498 1768 1547 1817 2.
1561 1794 1635 1807 —
1650 1767 1802 1818 Curio
1822 1782 1869 1817 a.
1890 1783 1944 1819 u.
1958 1782 2005 1819 c.
2026 1767 2147 1819 ⁷05.
2181 1781 2328 1832 prae-

1389 1835 1555 1901 sidia,
1593 1852 1723 1901 quae
1754 1838 1809 1885 in
1841 1836 2055 1887 Umbria
2082 1844 2131 1885 et
2148 1836 2328 1887 Tuscis

1388 1912 1527 1956 erant
1546 1943 1561 1969 ,
1598 1905 1849 1957 contraxit
1880 1912 1931 1956 et
1961 1905 2031 1956 ad
2060 1904 2330 1956 Caesarem

1385 1976 1482 2024 iter
1518 1974 1662 2035 fecit,
1710 1976 1779 2025 ad
1800 1975 1902 2024 Att.
1934 1973 2003 2037 8,
2050 1973 2134 2024 12.
2200 1974 2255 2025 C.
2276 1975 2327 2026 1.

1388 2042 1572 2093 Caesar
1590 2044 1784 2096 solebat
1808 2044 1973 2093 dicere
2000 2042 2131 2092 nihil
2153 2041 2330 2092 Curio-

1387 2126 1505 2162 nem
1524 2127 1579 2162 se
1599 2114 1728 2164 duce
1746 2113 1928 2176 facere,
1951 2112 2092 2174 quod
2108 2125 2214 2162 non
2238 2109 2323 2163 Cn.

1386 2181 1661 2246 Pompeius
1681 2181 1825 2232 Sulla
1844 2181 1973 2230 duce
2002 2179 2241 2239 fecisset,
2270 2181 2332 2228 ad

1387 2249 1493 2302 Att.
1512 2251 1565 2310 9,
1590 2249 1671 2314 14,
1694 2253 1742 2300 2.
1798 2250 1873 2302 Ib.
1894 2249 1946 2308 9,
1971 2247 2054 2308 15,
2081 2247 2131 2296 1.
2174 2273 2243 2284 -
2274 2245 2333 2296 Si

1386 2318 1563 2367 vicerit
1578 2317 1850 2382 Pompeius
1870 2317 2041 2380 ipsum
2059 2315 2333 2365 Curionem

1388 2386 1455 2437 ad
1482 2401 1599 2436 eum
1625 2388 1954 2437 transiturum
1971 2391 2120 2448 putat
2140 2382 2333 2447 Cicero,

1388 2455 1456 2504 ad
1486 2455 1589 2503 Att.
1621 2455 1703 2515 10,
1724 2453 1775 2520 8,
1794 2457 1843 2504 2.
1878 2479 1947 2490 -
1975 2451 2197 2512 Natura,
2235 2468 2332 2504 non

1386 2524 1549 2588 patris
1584 2523 1735 2588 culpa
1778 2522 2045 2574 Curionem
2086 2523 2330 2586 eorrupit,

1387 2593 1461 2642 lb.
1487 2591 1570 2655 10,
1598 2595 1651 2655 4,
1672 2592 1725 2646 6.
1767 2618 1837 2629 -
1874 2591 2000 2640 Eius
2016 2590 2331 2654 colloquium

1388 2675 1500 2710 curn
1524 2659 1789 2722 Cicerone,
1826 2657 2010 2722 1b.10,
2050 2661 2106 2722 4,
2146 2661 2199 2708 7.
2255 2661 2328 2710 Ib.

1388 2730 1473 2789 10,
1506 2730 1557 2790 7,
1589 2728 1639 2778 1.
1670 2757 1740 2767 —-
1784 2728 2001 2778 Antonio
2021 2727 2133 2778 vult
2154 2727 2329 2777 Cicero

1386 2813 1443 2846 se
1461 2804 1565 2848 tam
1581 2798 1723 2849 facili
1740 2799 1813 2848 uti
1832 2810 1987 2862 posse
2004 2803 2053 2845 et
2072 2803 2181 2846 tam
2200 2797 2331 2847 bono

1390 2867 1443 2916 in
1471 2881 1527 2916 se
1546 2882 1694 2930 quam
1718 2866 1933 2916 Curione
1961 2879 2010 2913 a.
2030 2879 2086 2913 u.
2109 2881 2156 2916 c.
2188 2865 2326 2927 705„

1388 2935 1473 2986 ad.
1496 2938 1597 2984 Att.
1630 2936 1713 2996 10,
1733 2933 1783 2998 8,
1815 2933 1896 2986 10.
1939 2957 2011 2969 —
2047 2932 2328 2993 Laudatur,

1388 3003 1465 3054 Ib.
1486 3003 1581 3064 10,
1618 3002 1713 3067 10,
1735 3003 1784 3055 3.
1822 3029 1893 3038 -
1916 3001 2037 3050 Mox
2061 3002 2183 3066 ipse
2208 3019 2327 3064 quo-

1390 3087 1486 3134 que
1533 3079 1829 3138 suspectus,
1882 3070 1953 3119 ib.
1985 3069 2089 3129 10,
2148 3071 2247 3130 12,
2298 3071 2321 3119 1

1388 3155 1499 3202 sqq.

1318 3204 1693 3274 (Scribonius)
1729 3207 1967 3276 Largus.
2029 3209 2240 3258 Dictum
2274 3211 2321 3258 in

1384 3293 1499 3327 eum
1515 3312 1530 3338 ,
1565 3277 1630 3326 de
1654 3285 1778 3326 orat.
1802 3278 1855 3337 2,
1870 3275 1954 3336 59,
1975 3275 2101 3326 240.

315 3341 436 3391 fam.
457 3343 507 3406 2,
530 3343 610 3408 13,
635 3345 681 3395 3.
695 3371 765 3382 ·-·
783 3347 938 3395 Favet
958 3345 1131 3396 Cicero
1147 3343 1269 3394 Cu-‘
1316 3342 1695 3412 (Scribonius)
1716 3341 1953 3412 Largus,
1974 3346 2247 3396 studiosus
2265 3347 2320 3394 A.

316 3411 470 3474 rioni‚
517 3411 780 3464 Caesarem
823 3413 1086 3463 honestum
1130 3427 1242 3462 esse

1386 3413 1629 3464 Caecinae
1644 3449 1659 3478 ‚
1685 3415 1749 3464 ad
1769 3413 1888 3464 fam.
1910 3412 1965 3475 6,
1986 3413 2039 3476 8,
2065 3412 2118 3463 1.
