2500 3850
238 150 367 212 336

312 324 363 385 in
387 318 619 367 omnibus
641 318 704 365 iis
725 317 985 366 Ciceronis
1006 317 1244 367 orationi-

307 388 423 447 bus,
438 402 566 449 quae
580 396 695 435 sunt
708 385 913 434 habitae
931 386 1073 449 apud
1082 398 1245 453 popu-

310 458 415 507 lum
426 457 727 515 Romanum,
742 456 862 505 utin
884 456 1110 505 oratione
1128 461 1244 519 post

312 526 420 579 red.
438 526 505 575 ad
524 525 663 583 Quir.
680 524 727 589 1,
753 524 777 573 1
802 538 912 585 sqq.
938 529 987 571 et
1004 537 1158 587 saepe
1176 520 1239 570 al.

241 712 547 781 Rabirium
566 728 764 778 domus
784 727 1024 792 Neapoli,
1055 727 1121 775 ad
1138 728 1244 779 Att.

316 801 365 858 1,
386 798 437 858 6,
469 799 519 849 1.

242 864 513 919 Rabirius
529 866 691 914 malus
703 872 878 915 auctor
890 864 1249 930 philosophiae

316 937 549 999 LatinuS,
571 935 730 983 Acad.
750 942 883 999 post.
910 934 958 994 1,
980 936 1031 996 2,
1056 936 1107 987 5.

248 1004 309 1053 C.
331 1002 601 1054 Rabirius
623 1003 903 1052 avunculus
932 1010 981 1050 et
1002 1009 1144 1067 pater
1161 1002 1249 1051 ad-

314 1074 517 1136 optivus
552 1072 608 1123 C.
642 1071 836 1119 Rabirii
863 1070 1116 1121 Postumi.
1157 1086 1249 1135 pro

308 1141 441 1193 Rab.
464 1141 703 1189 Postumo
739 1138 834 1198 17,
862 1140 950 1188 45.
981 1166 1047 1175 -
1076 1140 1134 1187 Τ.
1163 1142 1251 1188 At-

310 1212 411 1259 tius
450 1208 701 1259 Labienus
734 1208 966 1257 tribunus
1005 1208 1079 1273 pl.
1116 1208 1252 1257 diem

312 1278 446 1329 dixit
479 1277 536 1331 C.
565 1277 772 1327 Rabirio
806 1283 855 1326 et
883 1276 1251 1341 perduellionis

276 1353 284 1359 “
313 1349 503 1399 crimen
541 1347 782 1406 intendit,
817 1347 955 1409 quod
982 1347 1041 1395 L.
1074 1346 1251 1410 Appu-

312 1418 466 1479 leium
508 1415 835 1465 Saturninum
876 1416 1132 1464 tribunum
1175 1413 1247 1479 pl.

314 1485 650 1535 interfecisset
679 1500 727 1537 a.
750 1500 802 1533 u.
833 1500 877 1533 c.
905 1483 1026 1537 654.
1068 1483 1250 1534 Defen-

314 1556 497 1605 derunt
529 1569 643 1615 eum
672 1553 968 1602 Hortensius
996 1560 1045 1601 et
1074 1552 1251 1602 consul

314 1622 489 1672 Cicero
525 1637 575 1671 a.
615 1636 667 1673 ιι.
711 1637 756 1673 c.
802 1620 954 1679 691..
990 1636 1084 1685 pro
1118 1620 1245 1673 Rab.

314 1692 463 1755 perd.
496 1690 521 1739 1
544 1726 558 1749 ,
591 1690 619 1740 1
652 1704 765 1752 sqq.
795 1716 864 1725 -—-
904 1689 1077 1740 Cicero
1114 1691 1164 1737 in
1194 1689 1247 1739 C.

313 1758 521 1809 Rabirio
541 1757 905 1823 perduellionis
923 1773 1009 1807 reo
1030 1758 1139 1807 XL.
1164 1773 1251 1807 an·

314 1830 394 1877 nis
415 1835 529 1877 ante
550 1842 605 1877 se
625 1828 881 1879 consulem
902 1826 1250 1892 interpositam

314 1904 519 1948 senatus
598 1898 945 1947 auctoritatem
1012 1897 1252 1946 sustinuit

317 1976 489 2018 contra
522 1967 768 2016 invidiam
814 1975 963 2029 atque
1004 1966 1247 2024 defendit,

316 2038 369 2084 in
406 2036 575 2086 Pison.
607 2038 666 2096 2,
701 2037 754 2088 4.
782 2061 856 2074 ·-
876 2035 1069 2085 Rabirii
1097 2049 1251 2083 causa

319 2106 667 2154 continebatur
686 2106 766 2152 ius
789 2119 938 2153 omne
958 2103 1251 2152 retinendae

314 2173 624 2235 maiestatis,
646 2179 766 2226 orat.
789 2172 875 2236 29,
902 2171 1017 2222 102.

247 2239 313 2292 C.
332 2237 602 2290 Rabirius
621 2239 925 2291 Postumus
939 2276 954 2303 ,
979 2255 1133 2301 eques
1152 2241 1253 2289 Ro-

316 2325 524 2373 manuS,
542 2308 675 2358 filius
706 2308 761 2359 C.
797 2307 955 2359 Curtii
987 2308 1251 2371 naturalis,

314 2379 552 2430 Rabirius
588 2393 677 2442 per
709 2379 1048 2443 adoptionem.
1087 2377 1258 2428 Accu-

315 2457 455 2498 satus
490 2448 553 2498 de
591 2449 821 2512 pecuniis
865 2448 1110 2512 residuis,
1165 2448 1257 2497 da—

313 2525 485 2568 mnato
524 2515 767 2578 Gabinio,
820 2532 851 2566 a
888 2516 1127 2567 Cicerone
1168 2517 1256 2566 de·

316 2587 541 2636 fenditur
568 2599 617 2637 a.
651 2601 703 2634 u.
743 2602 787 2635 c.
820 2585 970 2649 700.,
1002 2601 1097 2649 pro
1124 2584 1256 2634 Rab.

314 2654 449 2704 Post.
484 2654 532 2712 1,
553 2652 580 2700 1
602 2668 714 2714 sqq.

246 2721 609 2772 Rabocentus
626 2757 641 2782 ,
668 2719 901 2771 Bessicae
922 2723 1091 2784 gentis
1115 2724 1251 2786 prin-

318 2803 466 2853 σερε,
496 2803 525 2836 a
552 2788 612 2842 L.
644 2788 825 2839 Pisone
848 2789 1016 2838 securi
1043 2804 1252 2855 percus-

318 2872 405 2908 sus
435 2862 537 2919 est,
559 2857 611 2905 in
635 2856 803 2908 Pison.
827 2857 911 2918 34,
930 2858 1016 2910 84.

244 2924 314 2980 12.
335 2921 644 2976 Rabonius.
674 2929 739 2978 V.
761 2923 1077 2978 Habonius.

246 2993 313 3048 Ia.
341 2991 626 3058 Racilius,
654 2997 767 3048 trib.
800 2995 873 3061 pl.
897 3012 943 3047 a.
972 3012 1022 3050 u.
1048 3013 1094 3049 c.
1126 2996 1247 3052 698.

320 3065 548 3115 Ciceroni
588 3065 807 3127 amicnS‚
839 3082 931 3131 pro
962 3066 1131 3119 Plano.
1167 3066 1252 3128 32,

321 3134 404 3184 77.
438 3134 502 3183 ad
524 3133 581 3192 Q.
606 3133 669 3183 fr.
690 3136 741 3194 2,
764 3136 813 3196 1,
836 3137 885 3184 2.
926 3136 1001 3186 lb.
1024 3138 1095 3199 2„
1116 3137 1175 3200 1,
1200 3137 1249 3185 3.

316 3202 389 3252 lb.
406 3203 457 3262 2,
478 3205 511 3252 4
529 3201 635 3266 (6),
655 3201 705 3252 5.
718 3231 791 3243 -
809 3204 869 3252 L.
888 3203 1114 3252 Racilius
1134 3205 1251 3253 trib.

318 3270 392 3334 pl.
422 3270 519 3318 fuit
544 3269 645 3318 fide
667 3280 715 3320 et
744 3274 911 3322 animo
936 3272 1181 3337 singulari
1202 3274 1252 3320 in

316 3337 375 3385 P.
399 3337 667 3386 Lentulum
685 3338 1022 3404 Spintherem,
1044 3340 1111 3389 ad
1129 3340 1247 3390 fam.

320 3404 370 3462 1,
397 3405 448 3466 7,
466 3406 517 3454 2.
538 3431 607 3442 -
626 3406 849 3458 Libellus
869 3406 1143 3467 Ciceronis,
1166 3409 1249 3469 qui

604 160 991 207 RABIRIANA
1022 158 1261 208 DOMUS
1295 182 1377 191 -—
1413 160 1678 208 REGIUM
1711 160 1972 207 LEPIDI.

1386 316 1457 364 ita
1483 316 1792 363 inscribitur:
1826 312 2087 366 Edictum
2113 314 2176 365 L.
2203 315 2334 365 Ra-

1384 381 1506 433 cilii
1544 381 1788 433 Tribuni
1824 382 2016 444 Plebi,
2055 385 2194 446 quod
2229 386 2332 433 sub

1385 454 1587 502 nomine
1621 454 1785 517 ipsius
1819 452 1992 503 Cicero
2023 454 2335 517 conscripsit

1385 523 1437 569 in
1469 523 1802 572 invectionem
1830 521 1888 574 P.
1904 520 2102 584 Clodii,
2131 520 2327 587 fragm.

1316 656 1594 720 Radians,
1617 660 1671 707 id
1688 667 1793 718 est,
1815 658 1932 721 Sol,
1969 661 2106 710 Arat.
2130 674 2181 706 v.
2210 659 2330 709 157.

1317 724 1665 777 Ramnenses
1682 763 1698 789 ,
1720 728 1784 777 de
1803 742 1843 779 r.
1869 743 1920 792 p.
1942 731 1992 787 2,
2013 727 2100 791 20,
2127 726 2216 780 36.

1317 793 1533 846 Ranius
1571 810 1613 849 s,
1653 793 1890 861 Rarius,
1929 810 2110 847 nomeu
2155 810 2332 845 corru-

1389 873 1562 929 ptum,
1591 866 1658 913 ad
1681 867 1784 917 Att.
1813 865 1896 928 12,
1927 865 2008 927 11,
2038 866 2092 915 1.

1319 932 1606 994 Ravenna,
1625 934 1826 983 colonia
1841 941 1889 983 et
1906 942 2082 999 portus
2103 934 2171 983 ad
2189 948 2336 983 mare

1393 1004 1709 1053 Adriaticum
1746 1004 1800 1052 in
1825 1002 1988 1053 Gallia
2018 1002 2333 1069 Cispadane„

1391 1073 1457 1122 ad
1482 1073 1583 1121 Att.
1607 1073 1655 1131 7,
1687 1074 1733 1135 1,
1755 1075 1806 1122 4.
1842 1086 1932 1137 pro
1953 1072 2112 1121 Balbo
2132 1074 2220 1135 22,
2243 1070 2332 1123 50.

1393 1140 1460 1189 ad
1479 1140 1600 1190 fam.
1628 1142 1677 1205 1,
1697 1140 1748 1202 9,
1769 1140 1819 1195 9.
1859 1142 1933 1190 Ib.
1959 1141 2010 1203 8,
2037 1142 2084 1200 1,
2107 1143 2159 1193 4.

1321 1208 1444 1258 Rea
1463 1205 1644 1259 Silvia
1678 1211 1789 1261 sive
1815 1206 1954 1272 Ilia,
1987 1211 2050 1259 de
2080 1210 2247 1262 divin.
2282 1212 2332 1267 1,

1320 1344 1563 1395 Reatina
1591 1346 1934 1412 praefectura,
1961 1348 2026 1397 de
2050 1361 2098 1397 n.
2129 1348 2181 1401 d.
2205 1349 2258 1407 2,
2279 1350 2330 1409 2,

1391 1415 1444 1466 6.
1481 1418 1532 1464 in
1555 1414 1700 1465 Catu.
1724 1416 1776 1479 3,
1797 1418 1846 1479 2,
1867 1416 1918 1469 5.

1322 1481 1554 1534 Reatini
1577 1487 1626 1533 in
1653 1499 1776 1549 agro
1804 1484 1992 1534 Sabino
2009 1520 2024 1546 ,
2051 1485 2120 1535 ad
2139 1485 2248 1534 Att.
2277 1488 2329 1549 4,

1394 1553 1476 1612 15,
1505 1554 1554 1603 5.
1588 1554 1662 1602 Ib.
1686 1552 1736 1616 9,
1757 1552 1808 1616 8,
1833 1553 1881 1605 1.

1320 1618 1594 1671 Reatinus
1613 1637 1766 1687 ager,
1796 1623 1858 1671 de
1878 1622 1992 1687 lege
2021 1636 2131 1687 agr.
2159 1624 2218 1685 2,
2243 1623 2327 1685 25,

1320 1755 1580 1809 Rebilus.
1603 1760 1667 1807 V.
1691 1757 1762 1808 Τ.
1787 1755 2058 1809 Caninius
2070 1757 2327 1809 Rebilus.

1322 1826 1728 1878 Recentoricus
1772 1843 1897 1893 ager
1923 1827 2207 1877 Siciliensis
2245 1842 2331 1877 ex·

1393 1906 1570 1961 ceptus
1600 1910 1631 1946 a
1653 1895 1804 1948 Rullo
1834 1898 1884 1948 in
1905 1898 2144 1962 vectigali
2163 1897 2332 1961 impo-

1391 1966 1586 2030 nendo,
1618 1965 1681 2015 de
1709 1966 1820 2032 lege
1841 1981 1950 2032 agr.
1983 1967 2032 2029 1,
2055 1968 2106 2027 4,
2131 1967 2214 2019 10.
2253 1967 2326 2018 Ib.

1391 2036 1440 2094 2,
1459 2035 1545 2098 21,
1566 2034 1652 2084 57.

1321 2101 1511 2169 Reges
1528 2099 1732 2154 Marcii
1751 2103 2029 2153 Domitium
2056 2103 2180 2153 loris
2199 2104 2331 2153 ceci-

1393 2173 1594 2235 derunt,
1620 2173 1685 2222 ad
1705 2172 1822 2226 Her.
1850 2173 1902 2233 3,
1937 2173 1999 2223 21
2017 2208 2032 2235 ‚
2063 2172 2149 2224 34.
2189 2175 2256 2224 V.
2278 2173 2332 2222 in

1390 2237 1642 2290 Marciis.

1323 2307 1510 2376 Regia
1523 2345 1539 2374 ,
1559 2309 1813 2373 pontificis
1831 2311 2042 2360 maximi
2065 2310 2330 2370 habitatio,

1392 2393 1484 2442 pro
1505 2378 1609 2428 Mil.
1638 2380 1718 2440 14,
1748 2378 1830 2429 37.
1870 2381 1934 2428 ad
1955 2381 2061 2432 Att.
2086 2378 2170 2439 10,
2193 2378 2243 2431 3.
2267 2379 2330 2428 Α.

1397 2447 1442 2496 l.
1486 2461 1580 2512 pro
1609 2448 1753 2497 Caec.
1785 2447 1836 2508 6,
1863 2448 1946 2498 11.

1323 2513 1635 2582 Regienses
1651 2553 1667 2580 ,
1709 2518 1993 2581 municipes
2037 2515 2188 2582 Regii
2234 2517 2328 2566 Le-

1391 2585 1532 2649 pidi,
1555 2587 1621 2635 ad
1641 2586 1761 2637 fam.
1789 2585 1870 2647 13,
1894 2587 1944 2645 7,
1964 2587 2018 2635 4.

1319 2651 1584 2721 Regillus
1617 2655 1788 2719 lacus,
1829 2656 1880 2703 in
1922 2654 2066 2704 Latio
2104 2655 2173 2720 ad
2197 2655 2330 2704 viam

1389 2722 1710 2776 Lavicanam.
1729 2723 1980 2774 Proelium
2000 2723 2073 2772 ibi
2094 2716 2330 2774 commis-

1393 2806 1506 2840 sum
1525 2807 1572 2845 a.
1591 2807 1641 2841 u.
1664 2808 1708 2842 c.
1730 2792 1849 2846 259.
1865 2827 1880 2855 ,
1905 2792 1967 2840 de
1987 2806 2034 2842 n.
2056 2792 2108 2845 d.
2129 2794 2183 2852 2,
2205 2793 2256 2852 2,
2276 2791 2324 2842 6.

1388 2859 1462 2909 Ib.
1485 2859 1536 2921 3,
1561 2861 1612 2925 5,
1635 2861 1716 2912 11.

1322 2924 1616 2995 Regillus,
1653 2944 1935 2996 cognomen
1974 2928 2324 2990 Aemiliorum,

1395 2998 1460 3046 ad
1490 2999 1594 3051 Att.
1622 2999 1703 3062 12,
1726 3000 1811 3059 24,
1840 2999 1890 3052 2.

1325 3063 1580 3133 Reginus
1611 3081 1657 3116 a.
1692 3083 1744 3117 u.
1775 3082 1819 3115 c.
1858 3066 1976 3118 705.
2009 3065 2175 3115 infero
2203 3064 2322 3113 mari

1395 3142 1654 3198 praeerat,
1676 3136 1743 3185 ad
1774 3135 1872 3184 Att.
1900 3135 1982 3198 10,
2006 3135 2092 3196 12,
2117 3135 2164 3183 1.

1325 3201 1570 3270 Regium
1599 3201 1825 3269 Lepidi,
1856 3204 2100 3268 oppidum
2138 3200 2324 3252 Galliae

1394 3273 1698 3337 cisalpinae,
1729 3273 1795 3323 ad
1817 3272 1938 3321 fam.
1972 3271 2064 3332 11,
2095 3269 2156 3335 9,
2187 3271 2324 3320 2.-

1395 3339 1836 3390 studiosissimum
1858 3341 1930 3390 rei
1949 3339 2089 3404 publ.
2105 3375 2120 3403 ,
2142 3340 2219 3389 Ib.
2243 3338 2322 3398 12,

1391 3409 1453 3474 4,
1481 3411 1530 3458 2.
