2500 3850
159 177 279 239 260
763 186 1260 235 MURGENTmUs
1289 207 1375 217 -
1407 185 1621 233 nmo,

157 340 511 411 Murgentini
530 345 581 392 in
601 342 1013 404 Sicilia,·incolae
1024 345 1160 394 Mur·
1301 358 1385 394 ma
1405 351 1452 392 et
1467 342 1878 408 splendidissima
1891 340 2069 406 populi
2081 341 2234 399 Rom.

225 414 384 480 gentii
401 412 481 462 vel
495 411 781 477 Morgentii,
800 427 957 477 snpra
976 416 1163 464 ostium
1301 411 1500 462 colonia
1514 447 1530 476 ,
1552 411 1882 459 circumsessa
1905 410 1966 458 ab
1991 411 2219 462 Antonio

226 481 502 547 Simaethi,
532 496 695 547 prope
716 495 879 541 mare,
914 482 1056 532 Verr.
1078 497 1161 532 ac·
1300 480 1522 546 Philipp.
1541 481 1593 540 5,
1613 480 1667 539 9,
1688 481 1777 529 24.
1813 480 1888 529 Ib.
1907 477 1971 540 6,
1991 480 2044 538 2,
2064 479 2099 527 4
2120 494 2240 540 sqq.

226 557 388 602 cusat.
412 550 463 610 3,
489 549 576 613 43,
599 549 718 602 103.
1300 552 1374 602 lb.
1399 550 1449 613 7,
1473 548 1524 608 5,
1548 549 1629 598 15.
1669 548 1740 597 lb.
1765 546 1825 610 8,
1851 549 1901 606 2,
1922 549 1973 599 5.
1994 575 2067 585 —-
2085 548 2240 597 Proe-

156 616 548 686 Murgentinus
568 633 717 684 ager,
752 621 897 670 Verr.
935 628 1157 670 accusat.
1300 620 1426 668 lium
1449 619 1522 667 ibi
1551 618 1745 668 factum
1772 633 1817 666 a.
1841 633 1891 665 u.
1916 633 1960 666 c.
1983 616 2102 666 711.
2120 652 2135 677 ,
2171 617 2242 667 ad

226 689 276 747 3,
303 688 382 748 18,
403 688 489 737 47.
1301 688 1422 742 fam.
1448 687 1528 746 10,
1552 684 1634 749 33,
1663 687 1710 735 1.
1736 694 1785 734 et
1802 687 1930 736 4.-
1951 685 2238 736 Mutinense

156 755 372 806 Musae.
438 755 615 805 Musae
664 757 860 822 primae
906 764 1155 820 quattuor,
1299 756 1577 822 proelium,
1607 755 1678 804 lb.
1703 755 1793 812 10,
1830 756 1921 819 14,
1953 755 1998 804 1.
2021 780 2088 791 -
2111 753 2238 804 Nar-

226 834 374 875 natae
402 827 521 875 Iove
549 825 706 876 altero
736 835 784 874 et
806 826 978 892 Neda,
1007 825 1160 876 Thel-
1299 833 1440 876 ratur
1467 840 1498 874 a
1527 821 1633 873 Ser.
1669 822 1892 888 Sulpicio
1926 821 2089 872 Galba
2107 859 2121 882 ,
2157 823 2234 872 Ib.

224 896 401 956 xinoe,
425 895 628 956 Aoede,
651 894 839 955 Arche,
861 895 1059 955 Melete,
1078 909 1159 944 se·
1303 895 1393 954 10,
1413 893 1496 945 30.
1518 916 1588 930 —-
1607 891 1799 941 Mutina
1817 891 2082 941 obsidione
2112 891 2237 940 libe-

224 964 422 1013 cundae
446 965 563 1012 Iove
590 964 737 1012 tertio
761 973 809 1013 st
836 963 1160 1029 Mnemosyne
1299 973 1407 1012 rata
1427 978 1472 1012 a.
1493 978 1545 1015 u.
1567 977 1611 1010 c.
1634 961 1776 1020 711„
1795 961 2007 1009 Plancus
2026 960 2094 1010 ad
2112 959 2234 1009 fam.

224 1039 520 1097 procreatae
556 1045 765 1093 novem,
803 1033 980 1081 tertiae
1010 1033 1157 1082 Piero
1304 1031 1386 1091 10,
1413 1031 1492 1094 11,
1516 1032 1565 1079 2.
1605 1029 1674 1078 lb.
1697 1029 1779 1090 10,
1799 1029 1884 1088 33,
1903 1030 1955 1078 4.

224 1109 372 1150 natae
408 1109 457 1149 et
483 1101 728 1164 Antiopa,
767 1115 893 1162 quas
928 1099 1158 1151 Pieridas
1232 1099 1302 1166 Q.
1331 1096 1568 1165 (Titius)
1591 1097 1748 1146 Muto
1771 1113 1813 1149 s,
1835 1095 2048 1162 Mutto,
2080 1097 2235 1147 homo

222 1177 272 1220 et
289 1167 481 1218 Pierias
502 1168 663 1218 solent
685 1171 867 1232 poetae
885 1168 1158 1233 appellare,
1300 1169 1446 1231 vilis,
1471 1168 1694 1218 Fundan.
1717 1166 1902 1231 fragm.
1927 1166 1974 1229 1,
2001 1180 2054 1230 p,
2083 1165 2206 1219 216.

222 1238 407 1288 iisdem
426 1238 747 1298 nominibus,
784 1237 961 1289 eodem
984 1253 1159 1288 nume·
1233 1238 1302 1303 Q.
1339 1235 1530 1288 Titius
1563 1234 1744 1286 Mutto
1779 1250 1822 1284 s.
1852 1233 2044 1299 Muto,
2080 1233 2235 1286 homo

222 1323 299 1370 ro,
321 1322 419 1368 quo
441 1307 669 1371 proxime
687 1309 999 1371 superiores,
1022 1308 1085 1358 de
1103 1322 1155 1361 n.
1299 1305 1681 1358 sordidissimus
1696 1340 1711 1364 ,
1766 1310 2034 1353 accusatus
2091 1319 2121 1353 a
2175 1305 2233 1353 L.

224 1377 272 1430 d.
300 1375 351 1435 3,
376 1377 460 1436 21,
481 1376 565 1426 54.
584 1402 655 1413 --
680 1375 944 1426 Musarum
970 1378 1163 1440 scopuli
1300 1375 1502 1436 Laelio,
1524 1389 1618 1454 pro
1637 1371 1823 1422 Scauro
1844 1374 1894 1437 2,
1915 1371 2002 1422 23.

224 1445 364 1510 apud
390 1446 634 1507 Ennium,
666 1445 808 1496 Brut.
844 1445 940 1509 18,
971 1446 1057 1498 71.
1092 1472 1158 1482 —-
1226 1445 1576 1511 Mutycensis
1597 1456 1747 1507 ager,
1767 1443 1915 1493 Verr.
1938 1449 2159 1492 accusat.
2183 1443 2234 1504 3,

222 1514 397 1564 Martis
421 1515 686 1564 manubias
705 1515 864 1564 Musis
894 1529 1157 1564 consecra·
1296 1515 1383 1572 43,
1409 1513 1525 1563 101.
1561 1513 1634 1564 lb.
1658 1510 1708 1570 3,
1731 1511 1817 1572 51,
1851 1511 1968 1562 120.

221 1585 295 1632 vit
312 1582 380 1631 M.
396 1583 604 1633 Fulvius
624 1582 867 1645 Nobilior,
888 1597 983 1648 pro
1003 1582 1155 1633 Arch.
1228 1582 1593 1650 Mycenenses
1614 1596 1642 1629 a
1655 1578 1879 1644 Mycenis
1899 1581 1952 1628 in
1965 1578 2234 1645 Argolide,

228 1651 308 1713 ll,
332 1652 417 1702 27.
436 1676 506 1689 —-
525 1650 783 1701 Musarum
802 1653 1076 1717 primordia
1096 1653 1158 1702 ab
1297 1654 1362 1702 de
1380 1651 1468 1704 fin.
1490 1651 1543 1712 2,
1563 1648 1615 1709 6,
1640 1648 1722 1699 18.
1879 1677 1882 1681 ›

219 1721 358 1780 Iove,
383 1720 525 1770 Arat.
546 1735 597 1772 v,
623 1719 671 1769 1.
694 1747 759 1756 -
778 1722 1157 1786 Agrestioribus
1226 1719 1479 1788 Mylasa,
1501 1718 1676 1770 Cariae
1698 1719 1845 1778 urbs,
1864 1715 2083 1782 Philipp:
2105 1716 2158 1778 5,
2181 1717 2231 1774 7,

218 1787 379 1836 Musis
398 1787 626 1840 forenses
646 1803 828 1839 causas
846 1790 1159 1853 reliquerunt
1295 1792 1379 1842 20.
1421 1790 1492 1838 lb.
1513 1787 1566 1850 6,
1585 1788 1636 1846 5,
1661 1786 1743 1838 13.

220 1856 543 1922 philosophi,
562 1865 691 1910 orat.
710 1856 761 1918 3,
787 1859 869 1912 13.
910 1859 974 1908 de
994 1860 1153 1909 divin.
1222 1855 1465 1927 Mylasis
1492 1852 1868 1922 (Μυλασεῖς),
1897 1853 2097 1904 incolae
2123 1851 2234 1916 My-

217 1928 267 1991 2,
287 1925 372 1987 59,
400 1927 515 1981 123.
557 1930 622 1981 V.
645 1930 799 1978 etiam
819 1926 1068 1979 Gratiae.
1295 1929 1543 1985 Iasorum,
1580 1923 1720 1975 urbis
1761 1922 1936 1975 Cariae
1951 1961 1965 1985 ,
2002 1922 2067 1973 ad
2104 1920 2228 1974 fam.

149 1991 434 2046 Musaeus.
488 1997 612 2047 Eius
640 1997 855 2048 fabellas
880 1998 1156 2065 allegorice
1300 1995 1380 2059 13,
1401 1995 1487 2060 56,
1511 1994 1558 2045 1.

215 2066 569 2128 interpretatus
617 2075 695 2117 est
743 2066 1054 2134 Chrysippus
1102 2068 1155 2116 in
1224 2063 1498 2131 Myndus,
1531 2062 1708 2113 Cariae
1732 2062 1882 2122 urbs,
1911 2062 2060 2114 Verr.
2082 2075 2232 2111 accu-

216 2133 441 2182 secundo
470 2132 597 2184 libro
627 2135 690 2185 de
717 2143 897 2186 natura
925 2138 1151 2198 deornm,
1295 2144 1388 2182 sat.
1414 2134 1464 2192 1,
1489 2132 1574 2192 34,
1600 2132 1683 2183 86.

220 2202 283 2251 de
308 2216 357 2249 n.
375 2201 427 2250 d.
447 2201 494 2262 1,
510 2202 593 2262 15,
615 2203 701 2254 41.
721 2203 871 2253 Tusc.
895 2206 945 2265 1,
959 2206 1046 2268 41,
1064 2204 1148 2257 98.
1223 2198 1602 2269 Myrmecides
1616 2238 1630 2267 ,
1653 2201 1878 2267 sculptor
1897 2199 2124 2250 Milesius
2147 2198 2231 2249 vel

144 2267 345 2319 Musca
365 2271 549 2330 Attici,
570 2272 635 2320 ad
656 2274 757 2321 Att.
786 2274 865 2337 12,
885 2274 971 2333 40,
997 2274 1046 2324 1.
1292 2271 1646 2333 Atheniensis,
1669 2272 1972 2321 minutorum
2008 2283 2229 2333 opuscu-

146 2336 425 2402 Mustela,
463 2339 672 2392 coheres
710 2341 904 2407 Crispi,
943 2342 1009 2391 ad
1043 2343 1151 2395 Att.
1293 2342 1458 2390 lorum
1478 2341 1769 2400 fabricator,
1791 2338 1948 2388 Acad.
1972 2353 2052 2404 pr.
2074 2330 2126 2399 2',
2138 2334 2228 2398 38,
2329 2358 2346 2363 ·

218 2406 300 2466 12,
320 2408 372 2469 5,
391 2410 443 2462 2.
484 2408 547 2459 cl.
570 2411 640 2461 ib.
668 2411 749 2474 12,
770 2414 858 2472 44,
881 2413 930 2461 2.
970 2412 1043 2461 Ib.
1070 2410 1150 2471 12,
1294 2408 1414 2462 120.

214 2477 301 2537 47,
326 2477 373 2529 1.
407 2479 480 2527 Ib.
508 2479 589 2541 13,
611 2478 661 2543 3,
686 2479 733 2532 1.
1221 2477 1389 2545 Myro
1405 2514 1421 2542 ,
1443 2479 1742 2539 statuarius,
1763 2477 2006 2543 sculptor,
2033 2475 2230 2541 argenti

143 2541 392 2595 Mustela
414 2545 704 2597 Tamisius
726 2549 1054 2612 Anagninus,
1082 2548 1153 2597 si-
1232 2560 1244 2571 ·
1294 2546 1516 2597 caelator
1560 2548 1726 2597 floruit
1780 2545 1980 2611 Olymp.
2027 2545 2113 2596 87.
2157 2568 2230 2581 —

214 2616 408 2673 carius,
441 2614 666 2681 Philipp.
688 2616 747 2677 2,
778 2619 838 2679 4,
871 2616 921 2666 8.
948 2640 1015 2651 -
1036 2615 1152 2665 Gla·
1293 2617 1461 2682 Myro,
1503 2615 1816 2682 PolycletuS,
1860 2615 2119 2679 Lysippus
2155 2634 2252 2651 —.

214 2683 413 2731 diorum
431 2684 674 2749 princeps
690 2718 703 2740 ,
735 2683 810 2732 Ib.
830 2685 890 2746 2,
911 2683 977 2733 41
994 2718 1009 2746 ,
1033 2684 1147 2737 106.
1294 2700 1469 2735 omnes
1487 2687 1618 2735 inter
1636 2700 1690 2735 se
1711 2684 1987 2734 dissimiles
2005 2682 2226 2743 fuerunt,

210 2751 285 2799 Ib.
316 2750 377 2811 5,
413 2750 472 2810 6,
512 2751 596 2802 18.
634 2777 706 2789 -
742 2752 997 2816 Anagnini
1034 2760 1152 2803 sunt
1291 2754 1384 2803 sed
1419 2756 1489 2803 ita
1527 2762 1720 2814 tamen,
1765 2762 1821 2802 ut
1855 2753 2106 2803 neminem
2144 2752 2230 2800 sui

210 2818 425 2867 Mustela
457 2810 760 2885 ταξιάρχης
793 2827 842 2869 et
867 2822 1006 2871 Luco
1022 2857 1038 2885 ,
1064 2823 1152 2885 qui
1291 2823 1417 2872 velis
1440 2837 1553 2872 esse
1581 2822 1909 2883 dissimilem,
1939 2822 2003 2871 de
2022 2827 2148 2871 orat.
2171 2816 2226 2881 3,

210 2887 485 2951 plurimum
504 2890 650 2951 bibit,
673 2888 740 2938 ad
757 2889 859 2940 Att.
884 2890 965 2953 16,
991 2890 1072 2953 11,
1092 2890 1145 2944 3.
1291 2894 1340 2955 7,
1363 2890 1449 2941 26.
1473 2922 1537 2939 2-
1563 2891 1706 2955 Myro
1725 2892 1776 2940 in
1797 2892 2050 2955 capitibus
2081 2886 2228 2939 effin-

208 2956 436 3023 Philipp.
462 2957 602 3018 8‚9·,
621 2957 705 3009 26.
744 2957 819 3008 Ib.
841 2960 937 3024 12,
962 2958 1025 3020 6,
1059 2959 1145 3012 14.
1289 2960 1471 3024 gendis
1501 2960 1812 3019 excellebat,
1847 2960 1912 3008 ad
1930 2960 2044 3010 Her.
2074 2959 2135 3016 4,
2169 2956 2224 3022 6,

210 3026 285 3075 lb.
311 3025 394 3085 13,
414 3029 466 3087 2,
488 3025 540 3077 3.
1286 3029 1337 3079 9.
1361 3054 1430 3065 -
1447 3028 1569 3079 Eius
1589 3030 1738 3096 signa
1763 3028 1987 3078 nondum
2014 3028 2138 3077 satis
2157 3027 2223 3077 ad

140 3093 204 3143 C.
224 3092 501 3160 Mustius,
534 3110 689 3157 eques
713 3095 1146 3159 Rom.,·publica-
1283 3096 1546 3148 veritatem
1602 3099 1847 3158 adducta,
1901 3099 2001 3146 iam
2055 3104 2226 3145 tamen

207 3178 333 3226 nnS,
355 3164 568 3215 vitricus
593 3164 783 3229 pupilli
808 3164 965 3225 Iunii,
995 3164 1145 3215 Verr.
1286 3180 1416 3228 quae
1451 3181 1553 3215 non
1583 3168 1784 3218 dubites
1819 3165 1999 3230 pulcra
2036 3164 2222 3223 dicere,

206 3239 424 3282 accusat.
464 3233 516 3294 1,
547 3233 644 3293 51,
677 3232 795 3285 135.
850 3234 923 3283 lb.
958 3230 1021 3296 1,
1056 3234 1143 3299 52,
1283 3236 1425 3287 Brut.
1463 3234 1557 3297 18,
1593 3237 1678 3289 70.
1719 3234 1782 3283 cl.
1816 3235 1884 3283 ib.
1918 3233 2012 3294 19,
2045 3232 2131 3283 75.
2152 3258 2223 3269 -

211 3299 328 3352 137.
366 3299 429 3349 cl.
454 3300 639 3366 fragm.
658 3316 713 3365 p.
734 3301 857 3352 246.
1283 3332 1354 3344 -—
1383 3305 1648 3369 Agrigenti
1682 3304 1734 3353 in
1766 3302 2064 3366 Aesculapii
2101 3300 2224 3349 fano

138 3362 360 3416 Mutina
397 3370 645 3433 oppidum
674 3367 868 3419 Galliae
899 3369 1145 3435 Cispada-
1284 3379 1391 3420 erat
1423 3374 1621 3437 signum
1653 3370 1944 3436 Apollinis,
1984 3369 2130 3421 cuius
2166 3370 2220 3417 in

207 3448 329 3497 nae,
352 3435 503 3485 hodie
524 3434 767 3486 Modena.
793 3463 860 3474 —
888 3438 1142 3487 Firmissi-
1282 3439 1472 3491 femore
1508 3441 1686 3490 litteris
1724 3441 1935 3490 minutis
1965 3440 2224 3505 argenteis
