2500 3850
264 201 348 264 68

267 366 432 420 caria
454 375 502 416 et
523 362 781 434 Phrygia
802 373 851 416 et
865 362 1055 432 Mysia
1075 367 1274 416 ascive-

327 445 442 487 runt
462 443 636 501 aptum
665 437 772 484 suis
805 435 1014 485 auribus
1043 436 1273 500 opimum

327 505 584 569 quoddam
638 511 687 554 et
729 512 988 568 tamqnam
1034 505 1273 569 adipatae

327 575 562 624 dictionis
595 588 786 640 geum,
833 580 958 622 orat.
990 572 1052 633 8,
1081 574 1170 626 24.
1201 599 1271 610 -

323 644 415 694 Hic
449 660 477 692 e
506 643 729 709 Phrygia
759 649 809 692 et
840 641 987 692 Caria
1010 641 1272 691 rhetorum

325 713 564 778 epilogus
582 727 744 778 paene
773 711 1054 772 canticum,
1085 711 1157 758 Ib.
1185 709 1268 770 18,

324 784 408 832 57.
433 807 502 819 -
532 782 607 831 De
638 788 745 831 tota
777 778 924 830 Caria
955 779 1056 829 hoc
1086 777 1270 844 vulga-

323 860 430 901 tum
451 856 546 914 est,
565 852 611 898 si
629 851 744 913 quis
763 864 877 898 cum
894 847 1123 913 periculo
1145 849 1269 910 quid

323 920 546 986 experiri
565 919 714 978 velit,
737 919 791 966 iu
823 917 948 967 Care
977 918 1034 967 id
1061 918 1270 981 potissi-

321 1005 462 1040 mum
481 1003 594 1038 esse
613 987 902 1038 faciendum
919 1022 934 1049 ,
964 1001 1057 1052 pro
1082 985 1265 1036 Flacco

323 1059 408 1122 27,
435 1057 522 1108 65.
549 1083 619 1092 -
652 1056 830 1106 Cariae
855 1055 1175 1106 nobilissima
1194 1056 1267 1104 ci-

319 1128 450 1175 vitas
477 1126 888 1189 Halicarnassus,
923 1125 991 1174 ad
1022 1124 1080 1184 Q.
1109 1123 1180 1177 fr.
1214 1124 1265 1186 1,

327 1194 374 1254 1,
395 1195 446 1248 8.
469 1196 523 1256 S.
547 1195 632 1244 25.
651 1221 718 1230 —
739 1195 862 1242 Eius
893 1195 1015 1243 urbs
1042 1193 1267 1242 Telmes-

322 1278 440 1328 sus,
462 1265 525 1313 de
546 1264 703 1313 divin.
728 1264 755 1312 1
771 1299 785 1323 ,
807 1263 896 1325 41,
915 1261 1002 1313 91.
1025 1288 1093 1299 —
1117 1261 1267 1312 Caria

320 1334 376 1381 in
407 1332 618 1384 ostentis
649 1332 1115 1382 animadvertendis
1148 1330 1267 1380 dili-

363 1417 478 1464 enS,
499 1393 577 1452 IB.
602 1402 660 1463 1,
681 1403 777 1464 42,
806 1399 891 1451 94.
933 1399 1012 1450 cf.
1032 1401 1183 1452 Tusc.
1215 1401 1264 1460 1,

357 1469 407 1532 8,
427 1472 512 1523 92.
547 1472 617 1521 lb.
642 1471 690 1536 3,
715 1469 800 1530 31,
821 1469 906 1520 75.

256 1537 495 1590 Carinae
525 1539 665 1588 locus
705 1539 842 1587 urbis
875 1538 1068 1594 Romae
1099 1538 1152 1587 in
1188 1552 1266 1587 re-

323 1608 474 1671 gione
495 1617 672 1668 quarta
695 1621 856 1671 prope
878 1607 1102 1658 Caelium
1123 1620 1266 1656 mon-

321 1685 441 1724 tem.
465 1702 530 1710 —-
552 1677 606 1724 In
639 1675 836 1725 Carinis
860 1683 966 1724 erat
997 1677 1176 1726 domus
1203 1673 1263 1733 Q.

321 1742 605 1806 Ciceronis,
635 1744 703 1792 ad
733 1742 793 1801 Q.
828 1742 894 1790 fr.
927 1745 990 1802 2,
1022 1743 1090 1805 3,
1125 1746 1173 1794 7.
1195 1769 1267 1780 —-·

321 1813 376 1860 P.
400 1811 608 1860 Clodius
629 1811 830 1861 dicebat
856 1809 988 1860 velle
1013 1825 1070 1860 se
1097 1813 1149 1860 in
1172 1810 1265 1861 Ca-

319 1881 444 1931 rinis
476 1879 742 1931 aedificare
761 1878 972 1931 alteram
989 1881 1263 1945 porticum,

319 1965 448 2012 quae
465 1950 655 2000 Palatio
683 1950 1023 2015 sresponderet
1038 1986 1051 2008 ‚
1086 1950 1150 1999 de
1170 1950 1264 2000 h'a-

317 2034 622 2138 ἒιιῡὲἕξερ.
656 2018 750 2083 23,
785 2018 869 2071 49.
895 2046 961 2055 —·
985 2018 1052 2067 cf.
1081 2020 1258 2083 parad.

250 2151 320 2203 T.
342 2153 592 2207 Carinas.
613 2158 677 2208 V.
695 2153 960 2207 Carrinas
978 2164 1028 2205 et
1039 2153 1257 2207 Albius.

251 2220 824 2280 Carmentalisssamen
840 2262 857 2286 ,
877 2226 1018 2273 Brut.
1051 2226 1147 2291 14,
1173 2225 1257 2276 56.

253 2288 572 2344 Carneades
611 2301 788 2344 auctor
821 2294 1128 2345 Academiae
1159 2301 1261 2343 ter-

313 2364 433 2415 tiae.
450 2391 516 2400 -
527 2363 786 2414 Arcesilae
798 2364 925 2415 ratio
941 2364 1171 2415 confecta
1185 2371 1262 2413 est

318 2447 349 2482 a
363 2430 633 2498 Carneade,
651 2434 736 2497 qui
748 2446 824 2484 est
838 2442 1046 2497 quartus
1060 2434 1122 2483 ab
1142 2432 1252 2482 illo.

313 2503 524 2553 Audivit
549 2504 686 2552 enirn
715 2502 1012 2567 Egesinum,
1044 2502 1132 2563 qui
1157 2501 1261 2550 Eu·
1286 2550 1305 2564 l

314 2571 526 2620 andrum
569 2572 829 2631 audierat,
868 2571 1062 2637 Lacydi
1107 2570 1259 2620 disci-

315 2639 522 2702 pulum,
548 2634 705 2703 quum
737 2639 997 2689 Arcesilae
1024 2637 1254 2703 Lacydes

313 2707 522 2767 suisset,
543 2708 701 2757 Acad.
720 2720 798 2770 pr.
823 2707 873 2768 2,
894 2706 944 2765 6,
966 2706 1048 2756 16.
1073 2734 1138 2743 ——-
1159 2706 1260 2755 Diu

312 2776 640 2824 Academiam
685 2777 876 2824 tenuit:
902 2819 906 2822 .
928 2789 1047 2823 nam
1099 2789 1258 2824 nona-

313 2844 454 2908 ginta
472 2843 601 2894 vixit
616 2857 802 2893 annos:
827 2843 1085 2893 inter·eius
1104 2843 1258 2893 disci-

311 2912 465 2977 pulos
481 2912 702 2977 optimus
726 2910 1088 2976 Clitomachus,
1101 2913 1173 2963 Ib.
1189 2940 1257 2949 -—

316 2981 528 3032 Multum
548 2988 625 3032 est
648 2982 1022 3046 peregrinatuS,
1044 2981 1252 3031 Tuscul.

314 3051 376 3112 5,
409 3050 502 3115 30,
540 3050 656 3102 107.
685 3076 758 3087 —-
789 3048 914 3098 Cum
947 3049 1167 3101 Critolao
1207 3058 1257 3101 et

308 3118 538 3184 Diogene
558 3134 606 3169 a.
626 3134 678 3168 u.
693 3134 738 3171 c.
755 3117 878 3173 599.
902 3120 964 3169 ab
981 3118 1256 3169 Athenien-

311 3188 454 3236 sibus
475 3188 673 3253 legatus
696 3187 910 3239 Romam
939 3189 1158 3249 missus,
1191 3189 1254 3239 de

313 3265 438 3305 orat.
459 3258 518 3321 2,
548 3254 616 3307 37
630 3293 644 3317 ,
669 3256 787 3309 155.
809 3284 877 3295 -
897 3257 1180 3314 Carneades
1205 3264 1254 3308 et

312 3325 564 3391 Diogenes
581 3325 940 3393 philosophiae
957 3328 1128 3378 studia
1147 3328 1252 3377 Ro-

313 3408 425 3443 mae
459 3396 829 3455 excitaverunt,
857 3396 1007 3447 Tusc.
1027 3397 1092 3456 4,
1125 3394 1182 3455 3,
1198 3396 1250 3448 5.

315 3461 388 3510 De
425 3464 534 3514 eius
568 3464 962 3516 commoratione
1003 3465 1252 3527 Romana,

912 211 1121 258 CARIA
1151 233 1234 242 —
1264 209 1695 258 CARNEADES.

1410 367 1573 419 Acad.
1595 381 1673 430 pr.
1698 367 1759 427 2,
1784 366 1870 427 45,
1892 365 2008 418 137.
2048 367 2116 416 ad
2134 366 2245 420 Att.
2273 369 2359 432 12,

1410 435 1508 497 23,
1544 436 1595 488 2.
1628 462 1699 473 -
1726 435 1889 484 Homo
1922 437 2149 486 omnium
2192 438 2247 485 in
2284 439 2363 486 di-

1412 504 1571 554 cendo
1591 505 1865 555 acerrimus
1882 510 1932 553 et
1948 506 2361 572 copiosissimuS,

1412 573 1477 623 de
1496 579 1619 622 orat.
1644 574 1692 636 l,
1722 573 1803 638 ll,
1824 573 1912 626 45.
1934 601 2001 611 -
2024 573 2283 636 Eloquens
2308 587 2362 624 et

1410 642 1465 690 in
1500 642 1711 692 dicendo
1746 643 1918 692 suavis
1942 649 2093 705 atque
2123 651 2360 703 ornatuS‚

1410 711 1482 760 lb.
1510 711 1558 773 1,
1586 710 1669 771 11,
1689 709 1777 761 49.
1797 737 1863 746 —
1884 711 2159 762 Carneadis
2183 714 2261 762 vis
2282 714 2361 761 in-

1410 778 1672 829 credibilis
1696 779 1898 828 dicendi
1920 787 1971 830 et
1992 782 2217 831 varietas
2232 818 2250 845 ,
2280 783 2357 830 Ib.

1408 848 1460 907 2,
1488 845 1576 907 38,
1611 846 1729 898 161.
1766 849 1827 898 cl.
1853 849 1923 898 ib.
1950 848 2010 910 3,
2054 849 2148 910 19,
2179 849 2266 900 71.
2289 877 2361 886 ——

1410 917 1696 966 Carneades
1738 917 1790 966 in
1831 919 2115 967 recentiore
2150 919 2359 968 Acade-

1407 986 1514 1034 mia
1544 985 1736 1035 exstitit
1764 986 1940 1035 divina
1968 987 2190 1048 quadam
2223 987 2361 1036 cele-

1407 1056 1557 1104 ritate
1604 1055 1797 1119 ingenii
1838 1054 2143 1118 dicendique
2186 1060 2356 1122 copia,

1408 1123 1552 1172 multi
1582 1125 1693 1172 eius
1723 1123 2010 1188 auditores,
2040 1125 2105 1174 de
2136 1132 2266 1179 orat.
2302 1125 2358 1191 3,

1408 1193 1500 1256 18,
1544 1191 1627 1243 68.
1662 1217 1732 1229 --
1763 1193 1887 1241 Eius
1922 1193 2166 1258 discipuli
2202 1192 2357 1244 Char-

1406 1261 1611 1324 madaS,
1647 1259 1988 1312 Clitomachus
2001 1298 2017 1323 ,
2044 1262 2354 1328 Aeschines,

1407 1330 1753 1394 Metrodorus,
1799 1331 1873 1380 Ib.
1910 1330 1973 1394 1,
2022 1329 2119 1395 11,
2156 1331 2250 1388 45.
2288 1360 2357 1368 —

1406 1398 1753 1448 Pet-turbatrix
1782 1413 1955 1448 rerum
1981 1399 2266 1450 Academia
2289 1401 2351 1450 ab

1408 1467 1639 1516 Arcesila
1672 1475 1723 1518 et
1753 1466 2008 1517 Carneade
2041 1483 2252 1534 recenS,
2290 1471 2355 1519 de

1407 1536 1510 1601 leg.
1540 1537 1597 1597 l,
1624 1535 1706 1597 13,
1729 1535 1817 1588 38.
1850 1563 1918 1573 -
1950 1535 2353 1588 concertationis

1409 1605 1577 1654 studio
1602 1606 1755 1656 modo
1779 1605 1993 1670 ait‘hoc,
2024 1607 2180 1656 modo
2200 1606 2352 1672 illud,

1409 1674 1473 1723 de
1494 1674 1654 1726 divin.
1679 1673 1727 1736 1,
1748 1673 1834 1734 30,
1854 1673 1941 1724 62.
1967 1701 2032 1710 -
2055 1675 2208 1725 Ratio
2234 1692 2355 1726 con-

1406 1749 1485 1790 tra
1526 1745 1697 1792 omnia
1732 1742 2015 1792 disserendi
2052 1744 2355 1808 nullamque

1406 1826 1515 1861 rem
1550 1819 1724 1876 aperte
1756 1811 2020 1861 iudicandi
2055 1813 2290 1878 profecta
2324 1830 2356 1863 a

1404 1880 1613 1931 Socrate
1631 1916 1647 1945 ,
1704 1881 1919 1946 repetita
1974 1881 2037 1931 ab
2096 1883 2351 1944 Arcesila,

1404 1949 1699 2001 confirmata
1725 1965 1757 1998 a
1786 1948 2072 2015 Carneade,
2106 1952 2174 2003 de
2206 1968 2261 2001 n.
2300 1954 2351 2002 d.

1405 2019 1455 2078 1,
1476 2020 1525 2084 5,
1552 2019 1634 2069 11.
1666 2018 1871 2069 Tuscul.
1904 2019 1964 2080 5,
1994 2020 2047 2083 4,
2077 2019 2162 2069 11.
2182 2021 2349 2073 Acud.

1401 2103 1477 2151 pr.
1519 2090 1579 2146 2,
1631 2086 1725 2151 18,
1769 2086 1856 2138 59.
1898 2111 1970 2125 —·
2011 2086 2201 2140 Solitus
2242 2099 2355 2139 erat

1402 2170 1462 2205 eo
1504 2155 1674 2205 delabi
1718 2157 2000 2217 interdum,
2045 2163 2100 2206 nt
2155 2159 2353 2208 diceret

1402 2226 1752 2289 opinaturum,
1790 2225 1844 2274 id
1875 2232 1979 2285 est,
2016 2234 2351 2289 peccaturum

1401 2308 1515 2343 esse
1531 2295 1842 2359 sapientem,
1866 2296 1943 2347 Ih.
1960 2320 2031 2331 —
2054 2294 2215 2345 Multo
2238 2312 2349 2345 ma-

1401 2364 1481 2412 ior
1523 2364 1578 2412 in
1612 2362 1870 2413 Carneade
1907 2378 2056 2425 quam
2092 2365 2146 2413 in
2185 2366 2349 2415 Arce-

1400 2432 1499 2483 sila
1522 2441 1570 2480 et
1602 2434 1751 2497 copia
1770 2447 1939 2482 rerum
1970 2439 2017 2482 et
2037 2434 2243 2484 dicendi
2264 2436 2346 2482 vis

1397 2500 1519 2564 fuit,
1554 2502 1625 2551 Ib.
1661 2503 1709 2562 ς.
1733 2499 1818 2552 60.
1850 2501 1919 2550 cf.
1950 2502 2021 2551 11).
2057 2503 2119 2562 2,
2142 2504 2229 2562 21,
2254 2503 2343 2553 67.

1398 2596 1465 2605 —
1492 2568 1705 2635 Semper
1732 2569 2014 2619 Carneades
2050 2563 2346 2637 προβολὴν

1376 2638 1589 2704 pugilis
1611 2646 1659 2687 et
1688 2640 2019 2688 retentionem
2040 2640 2256 2705 aurigae
2276 2644 2346 2689 si-

1395 2706 1567 2755 milem
1606 2706 1727 2756 facit
1764 2698 1944 2771 ἐποχῇ
1956 2745 1971 2771 ,
2016 2709 2081 2757 ad
2112 2710 2218 2762 Att.
2255 2708 2343 2771 13,

1397 2774 1480 2834 20,
1500 2775 1548 2826 3.
1584 2776 1648 2830 cl.
1672 2776 1836 2831 Acad.
1858 2790 1934 2841 pr.
1957 2777 1989 2826 2
2007 2812 2022 2837 ,
2044 2778 2139 2836 24,
2165 2778 2253 2829 78.
2274 2807 2342 2817 --

1397 2844 1627 2909 Negabat
1659 2845 1813 2894 ullam
1836 2859 1949 2894 esse
1980 2851 2171 2910 artem,
2211 2862 2344 2909 quae

1398 2914 1514 2978 ipsa
1550 2928 1579 2961 a
1608 2928 1662 2963 se
1692 2914 2125 2978 proficisceretur,
2160 2915 2225 2965 de
2251 2914 2341 2964 fin.

1398 2983 1455 3042 5,
1493 2982 1556 3044 6,
1606 2982 1683 3035 16.
1717 3008 1788 3019 ·-
1810 2982 2029 3032 Fruendi
2064 2984 2217 3033 rebus
2253 2986 2343 3047 iis,

1397 3066 1525 3115 quas
1561 3052 1755 3115 primas
1790 3052 2070 3102 secundum
2107 3060 2343 3103 naturam

1396 3134 1510 3169 esse
1530 3121 1752 3169 dicimus
1766 3156 1781 3180 ,
1804 3120 2103 3181 Carneadea,
2124 3136 2229 3172 non
2252 3122 2343 3171 ille

1395 3190 1601 3251 quidem
1626 3197 1827 3251 auctor,
1850 3190 1943 3240 sed
1963 3188 2207 3241 defensor
2234 3191 2327 3240 dis>

1394 3258 1601 3309 serendi
1634 3272 1787 3308 causa
1808 3258 1934 3319 fuit,
1968 3260 2041 3309 Ib.
2064 3260 2097 3309 5
2118 3294 2132 3319 ,
2155 3261 2187 3310 7
2201 3296 2218 3321 ‚
2246 3259 2337 3311 20.

1394 3326 1461 3375 cl.
1484 3328 1644 3379 Acad.
1664 3341 1744 3392 pr.
1767 3328 1799 3377 2
1814 3364 1827 3387 ,
1862 3329 1956 3385 42,
1981 3327 2098 3378 151.
2124 3356 2193 3364 —
2216 3328 2342 3377 Eius

1391 3396 1509 3445 finis
1536 3410 1722 3460 expers
1741 3394 2021 3445 honestatis
2038 3434 2051 3457 ,
2086 3397 2150 3446 de
2176 3398 2262 3446 fin.
2286 3399 2340 3459 2,

1396 3463 1460 3514 11
1481 3500 1496 3525 ,
1516 3462 1601 3515 35.
1643 3462 1707 3513 cf.
1731 3463 1801 3517 ib.
1827 3465 1889 3525 2,
1922 3464 2013 3528 13,
2037 3466 2123 3517 42.
2158 3467 2218 3531 4,
2253 3464 2342 3527 18,
