2500 3850
367 217 707 269 u.1UN1us
740 207 1260 294 (GRAcanuus)
1287 247 1374 258 —
1395 227 1465 275 D.
1499 227 1731 276 mmus
1762 229 2079 279 smAsz.
2189 221 2309 284 201

286 377 489 428 mendat
532 375 735 443 Cicero,
777 379 959 429 Brutus
983 416 996 437 ‚
1029 378 1056 428 1
1077 416 1092 441 ,
1138 381 1223 432 15.

282 473 351 484 —-
392 447 727 497 Octavianum
776 447 929 497 Bruto
974 448 1223 514 dilaudat,

283 519 355 566 lb.
410 517 707 579 Respondet
757 515 978 580 Brutus,
1030 519 1103 566 Ib.
1174 519 1222 578 1,

285 584 362 636 16.
394 611 464 621 —
491 585 575 635 Ad
597 585 820 634 Atticum
848 587 1077 636 scribens
1106 600 1224 651 per-

279 653 436 704 multa
484 653 538 702 in
589 654 833 705 Cicerone
897 655 1221 719 reprehendit

276 722 491 781 Brutus,
536 724 611 773 Ib.
664 723 721 785 1,
774 723 856 773 17.
908 751 981 762 -—
1022 724 1218 788 Denuo,

277 799 333 840 ut
368 805 523 852 quam
564 792 785 856 primum
823 793 874 840 iu
907 793 1103 843 Italiam
1130 809 1221 843 vs-

274 861 415 922 niat‚
454 859 665 913 Brutum
700 860 991 911 cohortatur
1022 861 1215 925 Cicero,

274 927 629 991 lb.1,18.—-
657 929 944 979 Delectatur
966 931 1218 996 Philippi·

277 997 353 1046 cis
378 963 636 1047 Ciceronis
655 999 868 1063 Brutus,
909 1000 981 1049 Ib.
1004 1001 1056 1062 2,
1078 1003 1127 1049 4.
1149 1027 1218 1037 —

276 1065 339 1114 cl.
370 1067 439 1116 ib.
463 1066 531 1129 2,
562 1067 615 1117 5.
649 1093 715 1104 —
755 1067 966 1118 Recenti
985 1068 1071 1118 illo
1090 1075 1217 1118 tem-

272 1148 399 1200 pore
448 1134 637 1186 Brutus
683 1138 851 1185 omnia
904 1137 972 1187 ad
1018 1151 1213 1203 pacem,

275 1217 405 1266 quae
426 1205 657 1254 oratione
674 1205 851 1254 confici
873 1218 972 1257 uon
998 1213 1216 1271 poterat,

276 1271 453 1322 Cicero
474 1273 645 1322 omnia
667 1275 735 1325 ad
752 1272 1061 1339 libertatem,
1085 1290 1217 1339 quae

273 1342 383 1390 sine
439 1355 567 1405 pace
627 1343 768 1392 nulla
822 1350 965 1404 erat,
1039 1359 1215 1409 pacem

273 1412 444 1474 ipsam
495 1411 628 1461 bello
670 1419 821 1474 atque
873 1414 1030 1462 armis
1082 1413 1218 1462 effici

270 1494 429 1544 posse
450 1479 803 1531 arbitrabatur.
825 1481 1215 1544 —Exercitum,

274 1550 482 1612 copias,
517 1548 775 1614 legioneS,
814 1551 1026 1600 idoneas
1050 1565 1141 1615 per
1160 1567 1216 1600 se

272 1618 416 1667 brevi
437 1624 665 1682 tempore
684 1621 997 1683 comparavit
1011 1620 1213 1677 Brutus,

273 1688 346 1735 lb.
370 1689 435 1750 2,
455 1687 506 1735 7.
548 1713 619 1724 —-·
658 1687 732 1737 De
748 1685 899 1738 libris
934 1688 999 1737 de
1030 1687 1214 1738 linibus

270 1755 339 1804 ad
361 1755 428 1820 M.
444 1755 654 1804 Brutum
676 1757 995 1819 scribendiS,
1021 1757 1087 1806 ad
1110 1757 1213 1806 Att.

274 1823 371 1884 13,
412 1823 508 1883 12,
548 1823 599 1873 3.
632 1852 699 1867 η-
735 1827 795 1875 Ei
834 1826 1067 1890 inscripti
1100 1833 1216 1874 sunt

272 1891 393 1943 libri
428 1892 491 1944 de
526 1891 714 1945 finibus
750 1897 997 1945 bonorum
1034 1900 1085 1947 et
1110 1909 1215 1944 ma-

270 1963 471 2023 lorum,
512 1963 677 2013 defin.
709 1964 925 2028 1,1,1.
954 1990 1011 2001 —-
1044 1964 1107 2013 Ei
1136 1965 1215 2013 in-

271 2031 453 2095 scripti
489 2040 605 2081 sunt
642 2032 759 2082 libri
794 2034 859 2084 de
906 2041 1085 2083 natura
1126 2034 1215 2083 de-

271 2115 443 2162 orum,
485 2100 549 2150 de
572 2116 621 2149 n.
647 2101 698 2150 d.
723 2103 784 2165 1,
809 2102 863 2165 1,
890 2101 935 2152 l.
956 2128 1027 2139 ——
1055 2102 1116 2151 Ei
1139 2103 1217 2150 in-

270 2169 559 2218 scribuntur
576 2170 894 2220 Tusculanae
914 2172 1217 2235 disputatio·-

268 2253 389 2297 nes‚
414 2238 623 2291 Tuscul.
650 2238 709 2298 1,
741 2239 767 2289 1
790 2276 804 2298 ,
845 2239 892 2289 1.
934 2240 1013 2277 -’
1042 2240 1103 2288 Ei
1138 2240 1218 2288 in-

269 2306 449 2357 scribit
468 2306 728 2357 Oratorem
751 2308 929 2359 Gicero
946 2344 963 2372 ,
1010 2315 1137 2358 orat.
1165 2307 1214 2372 1,

270 2376 320 2427 1.
363 2400 435 2411 —-
469 2375 591 2425 Eius
613 2378 865 2427 maximae
888 2375 1096 2441 laudes,
1136 2378 1210 2426 Ib.

270 2442 369 2507 10,
414 2442 502 2498 33.
560 2472 627 2483 -·
678 2446 943 2511 Epistolae
992 2446 1059 2496 ad
1096 2460 1211 2495 eum

268 2513 486 2577 missae,
524 2515 591 2564 ad
624 2514 746 2565 fam.
781 2514 877 2579 13,
901 2513 987 2564 10.
1026 2513 1109 2564 14.
1140 2540 1213 2552 -

267 2580 571 2647 Fragmenta
606 2584 935 2648 epistolarum
968 2583 1035 2632 ad
1072 2598 1209 2642 eum,

1369 384 1532 434 banus
1546 419 1562 444 ,
1587 384 1864 434 seditiosus
1885 393 1934 436 et
1954 388 2145 438 inutilis
2166 390 2314 451 civis,

1369 468 1399 502 a
1433 452 1488 502 P.
1528 451 1759 518 Sulpicio
1810 455 1942 504 Rufo
1979 458 2032 505 in
2068 459 2314 509 iudicium

1366 526 1609 586 vocatus,
1651 522 1714 572 de
1753 522 2308 586 off.2,14,49.-

1366 590 1636 653 Quaestio,
1667 591 1968 642 minueritne
1995 596 2319 647 maiestatem»

1365 657 1655 722 NorbanuS,
1669 659 1918 710 rhetorice
1931 667 2170 713 tractatur
2172 681 2309 730 ,·par

1361 729 1438 776 tit.
1464 741 1536 776 or.
1565 726 1652 790 30,
1681 729 1781 781 104
1803 730 1989 781 61105.

1298 793 1358 844 G.
1381 794 1576 846 Iunius
1595 793 1920 862 Norbanus,
1957 807 2162 864 praetor
2182 799 2312 850 Sici-

1323 865 1462 915 liae
1515 865 1652 914 circa
1705 882 1751 916 a
1802 884 1854 917 u.
1907 883 1953 916 c.
2006 867 2127 919 663.
2165 870 2308 934 664.

1359 934 1510 983 Verr.
1554 935 1742 986 Aecus.
1787 935 1851 1000 5,
1899 939 1966 997 4,
2016 937 2067 991 8.
2143 939 2216 988 Ib.
2255 937 2310 1001 3,

1359 1002 1455 1066 49,
1503 1002 1618 1053 117.

1288 1069 1366 1120 M.
1399 1068 1592 1121 Iunius
1619 1071 1841 1122 Pennus
1875 1073 2054 1125 consul
2097 1089 2212 1124 curn
2245 1075 2308 1134 Q.

1362 1140 1508 1189 Aelio
1539 1142 1692 1190 Paeto
1729 1157 1776 1194 a.
1807 1157 1859 1190 u.
1893 1158 1935 1192 c.
1972 1141 2124 1208 587„
2165 1143 2304 1193 Brut.

1361 1208 1460 1266 28,
1505 1209 1620 1259 109.

1289 1276 1366 1327 Μ.
1407 1274 1601 1328 Iunius
1642 1278 1866 1328 Pennus
1906 1279 2057 1329 facile
2095 1281 2310 1345 agitavit

1362 1359 1413 1393 ιιι
1433 1347 1687 1395 tribunatu
1713 1362 1756 1396 a.
1787 1363 1838 1397 u.
1861 1363 1906 1395 c.
1927 1347 2047 1398 628.
2079 1347 2133 1396 C.
2153 1348 2309 1397 Grac-

1359 1413 1529 1477 chum,
1551 1414 1780 1477 paullum
1799 1423 1964 1464 aetate
1981 1416 2306 1482 antecedens,

1361 1484 1500 1532 Brut.
1524 1483 1618 1545 28,
1647 1481 1761 1534 109.
1793 1507 1852 1518 -
1877 1484 2070 1533 Auctor
2087 1483 2219 1547 legls
2244 1484 2312 1535 de

1361 1551 1679 1616 peregrinis,
1720 1551 1785 1599 de
1805 1549 1895 1602 off.
1918 1551 1982 1609 3,
2016 1550 2105 1612 11,
2127 1554 2211 1602 47.

1288 1620 1350 1672 L.
1375 1617 1570 1669 Iunius
1589 1618 1819 1682 Pullus,
1843 1619 1900 1672 P.
1927 1619 2169 1670 Claudius
2189 1620 2308 1669 Pul-

1359 1687 1481 1737 cher
1514 1703 1648 1741 coss.
1685 1703 1730 1738 a.
1771 1704 1822 1736 u.
1869 1705 1912 1738 c.
1953 1689 2075 1743 505.
2117 1690 2310 1738 classes

1359 1759 1616 1807 maximas
1650 1758 2016 1822 perdiderunt,
2058 1773 2212 1821 quum
2233 1761 2309 1807 vi-

1359 1826 1430 1875 tio
1451 1827 1810 1892 navigassent,
1854 1828 1918 1877 de
1937 1828 2096 1880 divin.
2125 1828 2151 1878 1
2169 1865 2184 1887 ,
2221 1827 2304 1892 16,

1359 1895 1442 1947 29.
1487 1896 1561 1946 lb.
1588 1895 1732 1959 2,8,
1767 1894 1855 1947 20.
1902 1897 1978 1951 Ib.
2009 1899 2073 1957 2,
2097 1895 2192 1957 33,
2217 1897 2301 1947 71.

1359 1994 1431 2004 —-
1482 1963 1660 2014 Pullus
1714 1964 1850 2015 bello
1897 1968 2088 2017 Punico
2139 1968 2314 2030 primo

1357 2040 1661 2097 tempestate
1681 2032 1898 2085 classem
1916 2035 2084 2084 amisit
2099 2072 2112 2096 ,
2152 2048 2308 2096 quum

1359 2102 1605 2167 auspiciis
1637 2116 1738 2151 non
1776 2105 2050 2167 paruisset.
2128 2103 2309 2153 Postea

1360 2185 1538 2221 necem
1569 2171 1668 2221 sibi
1703 2172 1816 2236 ipse
1849 2172 2126 2232 conscivit,
2167 2172 2230 2221 de
2252 2186 2306 2224 n.

1362 2239 1658 2303 d.2,3‚7.

1288 2308 1360 2358 D.
1382 2305 1580 2359 Iunius
1601 2306 1828 2360 Silanus
1852 2311 2062 2375 adoptat
2080 2310 2138 2359 T.
2165 2310 2299 2358 Man·

1359 2376 1417 2425 lii
1437 2377 1681 2440 Torquati
1699 2378 1860 2426 filium
1893 2386 1942 2427 et
1973 2378 2306 2442 pecuniarum

1359 2453 1623 2510 captarum
1661 2446 1951 2494 convictum
1989 2448 2044 2493 in
2088 2458 2296 2510 conspe·

1357 2522 1490 2563 ctum
1551 2516 1723 2563 venire
1779 2520 1942 2575 vetat,
1999 2514 2062 2562 de
2115 2512 2201 2567 fin.
2255 2515 2304 2575 1,

1357 2584 1424 2646 7,
1459 2583 1545 2633 24.

1280 2652 1351 2702 D.
1387 2647 1585 2701 Iunius
1629 2648 1859 2703 Silanus
1890 2665 1995 2701 cos.
2033 2667 2148 2702 cum
2167 2650 2305 2702 Lici·

1351 2721 1438 2769 nio
1467 2719 1708 2779 Murena,
1739 2720 1879 2771 Brut.
1906 2719 1991 2786 68,
2015 2719 2133 2771 240.
2175 2722 2310 2772 Eius

1355 2788 1591 2839 aedilitas
1653 2790 2157 2855 magnificentissima
2203 2794 2305 2841 cir-

1354 2872 1414 2907 ca
1445 2872 1495 2907 a.
1526 2874 1577 2907 u.
1616 2874 1663 2912 e.
1697 2860 1853 2919 684.,
1893 2861 1955 2910 de
1989 2859 2077 2911 off.
2111 2861 2175 2920 2,
2218 2860 2306 2922 16,

1351 2926 1438 2979 57.
1459 2952 1527 2963 ·-
1569 2930 1724 2993 Inops
1745 2929 1808 2977 ab
1837 2930 2018 2979 amicis
2048 2937 2098 2977 et
2127 2930 2306 2978 existi-

1352 2997 1573 3048 matione
1609 2998 1663 3045 in
1705 2998 1873 3061 prima
1911 2998 2157 3061 petitione
2181 3011 2306 3047 con-

1354 3064 1548 3115 sulatus
1581 3080 1629 3117 a.
1658 3081 1712 3114 ιι.
1737 3082 1782 3118 c.
1816 3063 1934 3115 689.
1956 3102 1970 3125 ,
2005 3064 2073 3114 ad
2107 3064 2212 3114 Att.
2254 3064 2302 3123 1,

1351 3134 1402 3191 1,
1425 3135 1475 3183 2.
1495 3133 1650 3183 -De
1669 3132 2119 3183 animadversione
2139 3134 2192 3180 in
2208 3133 2306 3184 Ca-

1352 3202 1608 3252 tilinarios
1630 3202 1766 3252 dixit
1789 3205 1904 3251 ante
1937 3203 2202 3261 Catonem,
2237 3201 2305 3249 ad

1353 3270 1461 3322 Att.
1487 3269 1570 3330 12,
1592 3270 1678 3331 21,
1706 3272 1758 3320 ’1.
1791 3294 1863 3305 --
1894 3266 2107 3320 Censuit
2129 3268 2304 3319 Catili-

1353 3338 1526 3387 narios
1545 3344 1707 3387 morte
1728 3353 1843 3387 esse
1864 3338 2209 3401 mulctandos,
2245 3338 2303 3385 in

1354 3406 1497 3455 Catil.
1519 3408 1580 3470 4,
1614 3409 1676 3467 4,
1698 3408 1749 3457 7.
1780 3434 1846 3442 —
1870 3406 1949 3456 De
1987 3408 2097 3457 eius
2133 3405 2304 3457 facul-

1353 3483 1459 3524 tate
1481 3473 1718 3536 dicendi,
1758 3476 1900 3526 Brut.
1921 3474 2021 3537 68,
2057 3474 2184 3527 240.
2230 3498 2298 3511 --

269 2648 454 2717 fragm.
506 2667 560 2717 p.
619 2653 740 2704 250.
796 2680 864 2690 -
936 2651 1011 2700 De
1068 2649 1211 2701 Bruti

267 2721 475 2784 scriptis
520 2726 569 2768 et
614 2720 931 2784 eloquentia,
976 2720 1119 2769 Brut.
1156 2718 1208 2784 6,

266 2789 355 2837 22.
395 2788 457 2837 cl.
482 2789 553 2839 ib.
577 2788 676 2851 94,
714 2790 836 2841 324.

194 2851 274 2904 Μ.
313 2853 508 2906 Iunius
547 2856 991 2924 (Gracchanus),
1030 2858 1117 2921 qui
1147 2858 1212 2908 de

265 2926 655 2991 magistratibus
675 2930 907 2993 scripsit,
946 2926 1009 2977 de
1040 2926 1142 2993 leg.
1156 2927 1209 2991 3,

267 2994 366 3056 20,
393 2995 478 3042 47.

198 3059 260 3109 C.
287 3059 483 3111 Iunius
512 3060 810 3113 Norbanus
826 3100 843 3125 ,
880 3071 1211 3113 accusatusa

264 3130 321 3184 P.
345 3128 577 3195 Sulpicio
608 3132 741 3182 Rufo
774 3147 822 3183 a.
860 3148 913 3181 u.
961 3148 1007 3182 c.
1050 3131 1206 3192 660„

266 3198 509 3249 defensus
556 3214 605 3251 a.
649 3200 720 3251 M.
756 3201 978 3252 Antonio
999 3237 1015 3262 ,
1063 3201 1210 3251 cuius

266 3276 507 3329 quaestor
542 3268 737 3329 fuerat,
776 3269 841 3320 de
865 3276 992 3320 orat.
1018 3269 1082 3333 2,
1119 3270 1209 3331 21,

262 3334 352 3387 89.
390 3337 465 3386 Ib.
489 3338 551 3397 2,
572 3338 669 3401 25,
695 3336 812 3389 107.
833 3364 905 3377 -
934 3338 1095 3387 Homo
1131 3353 1211 3388 se-

265 3404 486 3456 ditiosus
522 3406 876 3470 furiosusque,
914 3406 993 3457 Ib.
1022 3408 1057 3457 2
1073 3442 1090 3470 ,
1120 3406 1209 3457 28.

269 3470 389 3524 124.
427 3474 503 3524 Ib.
526 3477 586 3535 2,
616 3476 711 3539 47,
745 3476 863 3527 197.
902 3499 963 3513 -
991 3475 1049 3526 G.
1080 3473 1212 3524 Nor-
