2500 3850
188 128 309 190 184
920 141 1107 192 Issus
1132 165 1217 176 --
1238 145 1541 190 ITYRAEI.

252 296 471 350 204.1b.
504 295 569 357 3,
598 296 660 358 9,
698 295 785 348 36.
825 297 1103 358 adAtt.6,
1136 295 1185 362 1,

254 367 339 417 12.
362 393 427 401 -
452 365 726 424 IsocrateS‚
752 367 995 430 magister
1021 366 1187 415 Theo-

251 436 448 500 pompi,
471 435 620 482 nimis
638 434 867 484 studiose
886 449 1187 485 concursum

254 503 503 553 vocalium
540 501 747 567 effugit,
778 512 904 552 orat.
933 506 1029 562 44,
1065 503 1182 554 151.

248 573 557 622 —Instituit
584 572 931 632 Timotheum,
967 573 1031 622 de
1056 579 1181 622 orat.

251 641 313 700 3,
349 640 446 705 34,
482 639 598 693 139.
621 639 831 688 -Eius
850 657 877 689 e
907 639 1026 691 ludo
1058 649 1184 690 tam·

251 725 402 773 quam
426 724 490 760 ex
512 726 640 771 equo
661 708 876 759 Troiano
900 712 1026 759 meri
1046 711 1186 773 prin-

251 781 393 844 cipes
413 781 671 840 exierunt,
698 779 769 829 lb.
797 781 858 840 2,
884 779 978 836 22,
1009 779 1095 830 94.
1118 803 1185 813 --

254 849 326 898 De
345 851 455 898 eius
477 848 765 909 eloquentia
794 856 842 896 et
870 855 1011 906 arte,
1041 846 1181 894 Brut.

250 917 300 975 8,
323 917 407 968 32.
446 918 509 966 cl.
536 923 663 965 orat.
693 914 778 972 13,
800 916 884 966 40.
908 943 973 951 —
990 916 1185 965 Isocra-

250 994 326 1035 tes
359 985 699 1050 discipulique
733 983 843 1033 eius
874 984 1107 1048 Ephorus
1136 992 1185 1034 et

249 1054 549 1111 Naucrate8‚
573 1053 815 1102 orationis
844 1052 1107 1103 faciendae
1136 1061 1185 1101 et

252 1124 507 1174 ornandae
527 1129 755 1170 auctores
778 1121 1182 1185 locupletissimi,

252 1199 375 1242 orat.
398 1191 481 1253 51,
506 1191 625 1242 172.
642 1191 967 1240 —Isocrates
989 1191 1183 1255 primus

250 1261 467 1310 instituit
486 1260 695 1310 dilatare
714 1260 882 1309 verbis
913 1266 962 1308 et
988 1259 1185 1309 mollio-

251 1331 391 1378 ribus
412 1331 629 1378 numeris
650 1327 857 1394 explere
884 1330 1179 1388 sententiaa,

252 1401 324 1449 Ib.
349 1396 431 1457 13,
450 1398 533 1449 40.
558 1398 765 1448 —Eius
784 1398 1091 1458 suavitates,
1118 1397 1182 1445 de

250 1477 375 1518 or.at
400 1467 459 1529 3,
492 1469 551 1529 7,
576 1467 663 1520 28.
690 1493 753 1502 —-
782 1465 1038 1515 Ciceronis
1058 1466 1185 1514 liber

252 1539 314 1586 de
334 1536 598 1586 consulatu
629 1550 721 1585 suo
746 1535 936 1584 Graece
964 1535 1181 1598 scriptus

248 1613 406 1655 totum
444 1605 677 1652 Isocratis
714 1594 1077 1666 μυροθήκιον
1109 1610 1183 1652 at-

250 1690 348 1736 que
372 1686 547 1721 omnes
577 1673 686 1721 eius
711 1671 1073 1734 discipulorum
1104 1687 1183 1721 ar-

251 1741 392 1790 culas
412 1741 743 1804 consumpsit,
772 1739 837 1787 ad
860 1741 963 1788 Att.
986 1743 1036 1800 2,
1060 1740 1109 1801 1,
1135 1741 1179 1790 1.

251 1837 317 1845 -—-
339 1810 433 1868 Qui
458 1810 726 1857 Isocratem
749 1809 971 1857 maxime
996 1809 1185 1857 miran-

246 1886 355 1939 tur,
383 1877 547 1927 hocin
585 1877 695 1927 eius
715 1877 926 1925 summis
953 1875 1185 1925 laudibus

250 1949 434 2007 ferunt,
458 1947 590 2008 quod
612 1947 783 1996 verbis
802 1944 983 1994 solutis
1010 1959 1186 1995 nume-

248 2032 333 2066 ros
352 2017 669 2076 adiunxerit,
697 2022 821 2065 orat.
849 2015 946 2075 52,
980 2014 1096 2064 174.
1120 2040 1185 2051 —-

248 2088 496 2135 Isocrates
516 2087 754 2150 princeps
772 2084 1078 2133 inconditam
1099 2098 1186 2132 an-

250 2155 504 2214 tiquorum
532 2154 734 2203 dicendi
766 2152 1184 2201 consuetudinem

250 2222 473 2270 numeris
494 2222 756 2285 astrinxit,
782 2222 845 2270 de
866 2228 989 2269 orat.
1013 2219 1046 2270 3
1062 2258 1072 2273 ,
1093 2223 1179 2282 44,

250 2290 367 2341 173.
387 2316 457 2325 -
475 2290 552 2339 Ex
582 2290 751 2339 multis
783 2290 1021 2339 Isocratis
1041 2289 1183 2337 libris

247 2361 455 2425 triginta
514 2358 732 2409 fortasse
799 2372 973 2409 versus
1029 2357 1183 2422 elegit

246 2431 609 2494 HieronymuS‚
632 2429 904 2495 plerosque
932 2428 1177 2487 senarios,

250 2506 377 2549 orat.
424 2497 787 2561 56,190.-
831 2496 1041 2557 Antiqui
1079 2497 1181 2545 iam

250 2575 366 2616 ante
386 2568 657 2615 Isocratem
690 2564 1064 2617 delectabantur
1080 2558 1180 2612 ἄν·

246 2626 1181 2695 τιθέτοις,11).50,167.-Βουνα-

246 2712 323 2752 tes
339 2740 351 2761 ,
372 2709 517 2765 pater
537 2698 871 2763 eloquentiae,
901 2701 963 2749 de
983 2716 1038 2750 se
1058 2703 1182 2752 scri-

244 2770 351 2835 psit
382 2771 491 2832 ipse
523 2784 581 2818 se
610 2770 803 2835 pudore
826 2784 857 2818 a
886 2769 1102 2819 dicendo
1133 2780 1183 2819 et

245 2838 514 2887 timiditate
549 2838 769 2903 ingenua
799 2838 1015 2899 quadam
1045 2838 1181 2887 refu-

247 2908 411 2973 gisse,
444 2905 506 2954 de
524 2914 650 2955 orat.
673 2908 733 2967 2,
766 2904 798 2955 3
813 2942 827 2966 ,
856 2905 935 2957 10.
959 2934 1024 2943 -
1041 2906 1179 2957 Duas

246 2976 345 3025 sibi
386 2990 495 3038 reS,
534 2990 633 3039 quo
681 2976 847 3024 minus
893 2974 945 3023 in
991 2975 1180 3041 vulgus

248 3052 296 3094 et
316 3046 368 3093 in
390 3044 499 3094 foro
518 3044 734 3105 diceret,
756 3042 1108 3095 confidentiam
1128 3052 1179 3093 et

244 3128 421 3163 vocem
451 3112 679 3164 defuisse
710 3114 865 3171 dixit,
898 3113 959 3162 de
986 3129 1027 3163 r.
1054 3129 1103 3177 p,
1123 3112 1173 3175 3,

246 3182 341 3242 30,
374 3182 459 3233 42.
482 3208 553 3221 -—-
582 3184 829 3232 Isocrates
858 3183 1023 3262 primo
1052 3184 1177 3232 scri-

247 3250 367 3300 bere
402 3249 520 3301 aliis
555 3251 733 3302 solitus
762 3252 1045 3314 orationes,
1084 3251 1177 3301 sed

246 3334 401 3382 quum
430 3334 495 3368 ex
527 3335 585 3369 eo
620 3334 774 3384 saepe
809 3321 917 3384 ipse
954 3320 1006 3367 in
1040 3319 1175 3368 iudi-

1329 299 1520 348 destitit
1555 301 1776 350 scribere
1812 307 2081 364 totumque
2119 317 2174 351 se
2209 303 2288 352 at}

1327 377 1462 416 artes
1543 369 1920 433 componendas
1991 371 2284 432 transtulit,

1327 437 1466 486 Brut.
1492 436 1574 502 12,
1594 437 1678 488 48.
1698 465 1768 475 -
1787 437 1912 487 Eius
1930 453 2016 486 ars
2032 475 2046 502 ,
2077 439 2144 488 de
2161 441 2280 492 inv.

1323 506 1375 563 2,
1394 506 1427 553 2
1441 541 1455 565 ,
1475 506 1524 558 7.
1554 533 1614 542 -
1631 505 2003 571 Panegyricus,
2037 516 2160 555 orat.
2185 509 2283 570 11,

1327 573 1409 625 37.
1429 575 1570 624 —In
1589 574 1964 625 Panathenaico
1987 577 2136 624 varia
2159 591 2282 626 ora-

1323 643 1480 693 tionis
1509 643 1720 692 artificia
1746 659 1802 692 se
1831 644 2064 693 studiose
2093 659 2279 694 conse-

1325 718 1516 760 ctatum
1537 711 1752 776 fatetur,
1771 712 1845 764 Ib.
1866 713 1952 774 12,
1973 711 2062 762 38.
2079 714 2276 762 -Iso-

1325 783 1480 829 cratis
1513 779 1729 832 rhetoris
1768 781 1937 846 gloria
1975 790 2148 830 motus
2195 787 2275 830 est

1325 848 1654 910 AristoteleS,
1683 848 1892 900 Tuscul.
1929 849 1958 898 1
1977 886 1991 908 ,
2029 851 2090 908 4,
2115 851 2166 897 7.
2203 851 2268 898 el.

1325 918 1388 967 de
1409 918 1494 969 off.
1515 917 1563 974 1,
1588 918 1636 981 1,
1657 919 1708 966 4.
1731 944 1800 954 -
1820 918 2072 966 Isocrates
2095 933 2246 982 repre
2260 949 2272 956 -

1323 985 1514 1035 hensus
1543 987 1606 1035 ab
1632 986 1931 1048 Aristotele,
1969 987 2034 1037 de
2063 996 2191 1035 orat.
2215 987 2266 1046 3,

1325 1053 1410 1115 35,
1434 1053 1551 1104 141.
1583 1055 1648 1108 cl.
1672 1061 1799 1107 orat.
1827 1053 1922 1113 19,
1947 1056 2038 1107 62.
2065 1081 2132 1090 -·
2161 1057 2266 1104 Iso-

1327 1125 1454 1173 crati
1491 1139 1638 1174 nemo
1676 1123 1925 1172 infensius
1963 1123 2266 1174 adversatus

1323 1199 1399 1242 est
1429 1193 1586 1254 ‘quam
1633 1191 1962 1253 AristoteleS,
2007 1201 2138 1241 orat.
2177 1193 2263 1252 51,

1325 1262 1441 1314 172.
1480 1262 1543 1310 de
1573 1267 1698 1311 orat.
1729 1261 1793 1322 3,
1824 1259 1917 1319 16,
1949 1260 2039 1310 59.
2061 1288 2133 1298 -
2159 1263 2264 1310 Iso-

1323 1338 1522 1378 crateus
1581 1329 2078 1393 Theopompeusqne
2139 1345 2263 1386 mcS‚

1325 1405 1450 1450 orat.
1471 1399 1556 1457 61,
1576 1397 1695 1449 207.
1734 1398 1811 1451 Ib.
1837 1398 1922 1460 71,
1948 1398 2072 1448 235.

1252 1465 1410 1518 Issus
1426 1503 1442 1530 ‚
1485 1467 1604 1516 urbs
1653 1465 1860 1515 Ciliciae
1909 1467 1976 1515 ad
2025 1467 2264 1516 Pinarum

1323 1550 1522 1584 amnem
1545 1542 1593 1586 et
1611 1535 1774 1584 sinum
1795 1535 2026 1594 Issicum,
2049 1536 2118 1582 ad
2139 1536 2264 1588 fam,

1324 1605 1374 1665 2,
1403 1604 1480 1663 10,
1503 1603 1552 1654 3.

1253 1671 1502 1723 Isthmus
1526 1671 1877 1721 Corinthiacus
1892 1707 1906 1731 ,
1929 1671 1994 1720 de
2015 1671 2122 1720 fato
2138 1673 2192 1736 4,
2213 1673 2263 1720 7.

1254 1738 1442 1792 Italia.
1479 1740 1623 1789 ltalia
1641 1741 1798 1789 armis
1819 1755 1920 1788 non
1939 1746 2111 1804 potest
2131 1741 2267 1790 vinci

1327 1824 1420 1859 nec
1449 1807 1663 1858 Graecia
1695 1808 2012 1874 disciplinis,
2049 1809 2119 1858 ad
2146 1808 2262 1858 Her.

1302 1902 1307 1907 ·
1327 1881 1386 1935 4,
1416 1877 1512 1943 32,
1539 1875 1628 1928 43.
1650 1877 1855 1927 —Erat
1874 1877 2020 1927 Italia
2042 1891 2090 1927 a.
2127 1893 2180 1927 u.
2219 1893 2266 1931 c.

1327 1946 1446 1998 650.
1478 1947 1627 2010 plena
1655 1945 1959 1998 Graecarum
1993 1947 2180 1996 artium
2204 1962 2270 1996 ac

1327 2016 1710 2081 disciplinarum
1737 2022 1864 2078 etc.,
1901 2030 1994 2079 pro
2022 2014 2177 2064 Arch.
2211 2014 2266 2075 3,

1327 2086 1379 2137 5.
1395 2112 1462 2120 —
1484 2084 1649 2149 Saepe
1668 2084 1796 2133 alias
1817 2096 2267 2142 commemoratur,

1325 2153 1557 2217 Tusc.4,
1580 2154 1638 2215 1,
1659 2154 1710 2205 2.
1751 2151 1894 2213 4,3,
1917 2154 1968 2206 7.
2008 2152 2158 2217 5,4,
2183 2150 2263 2202 10.

1324 2250 1394 2261 --
1411 2222 1617 2279 Italicae
1636 2220 2037 2286 Syracusiaeque
2055 2235 2266 2270 mensae

1323 2306 1354 2340 a
1371 2290 1578 2341 Platone
1597 2289 1958 2353 reprehensae,
1991 2290 2066 2339 Ib.
2091 2290 2152 2350 5,
2174 2289 2262 2349 35,

1325 2360 1443 2411 100.
1495 2386 1561 2395 -
1603 2357 1761 2409 Italici
1805 2358 2098 2423 philosophi
2138 2358 2265 2408 olim

1321 2428 1568 2477 nominati
1587 2427 1918 2493 Pythagorei,
1954 2428 2018 2477 de
2044 2441 2153 2475 sen.
2173 2426 2260 2484 21,

1251 2562 1515 2615 Italicum
1534 2565 1720 2615 bellum
1735 2600 1749 2624 ,
1781 2580 1827 2613 s.
1855 2563 2044 2614 sociale
2065 2578 2108 2612 a.
2128 2564 2262 2611 Mar-

1323 2635 1482 2684 sicum
1515 2641 1712 2699 gestum
1743 2633 1806 2682 ab
1828 2648 1874 2683 a.
1895 2648 1949 2682 u.
1973 2649 2017 2685 c.
2039 2630 2158 2682 664.
2193 2632 2260 2681 ad

1321 2718 1368 2756 a.
1391 2702 1511 2754 666.
1527 2738 1540 2760 ,
1562 2703 1628 2752 de
1649 2701 1733 2751 off.
1757 2705 1807 2762 2,
1827 2701 1912 2760 21,
1939 2702 2024 2755 75.
2063 2701 2126 2749 de
2143 2700 2262 2764 lege

1321 2786 1431 2837 agr.
1464 2772 1527 2829 2,
1554 2770 1652 2830 29,
1677 2770 1762 2821 80.
1803 2770 1869 2819 ad
1890 2770 2004 2818 Her.
2027 2767 2090 2827 3,
2113 2771 2174 2827 2,
2201 2770 2256 2821 2.

1319 2855 1413 2903 pro
1441 2838 1632 2888 Cluent.
1654 2842 1705 2900 7,
1725 2840 1813 2889 21.

1249 2906 1486 2959 Italicus
1511 2908 1782 2968 tumultuS,
1801 2906 2024 2970 Philipp.
2045 2904 2096 2966 8,
2121 2906 2179 2963 1,
2203 2904 2254 2955 3.

1249 2976 1478 3038 Ithaca,
1515 2976 1681 3025 insula
1701 2945 1834 3027 Ulixi
1854 2976 1920 3025 ad
1946 2972 2256 3023 Leucadiam

1321 3044 1672 3111 paeninsulam
1710 3045 1762 3093 in
1797 3045 1929 3093 mari
1965 3043 2106 3091 Ionio
2135 3044 2254 3094 sita.

1317 3141 1386 3151 —-
1432 3115 1489 3162 In
1539 3114 1834 3178 asperrimis
1884 3110 2078 3161 saxulis
2130 3118 2255 3159 tam-

1317 3197 1466 3246 quam
1501 3182 1705 3239 nidulus
1737 3181 1929 3238 adiixa,
1961 3180 2023 3229 de
2045 3186 2170 3229 orat.
2202 3178 2255 3241 1,

1313 3252 1397 3377 ἓ4,
1403 3248 1655 3379 2{59697de
1675 3250 1776 3315 leg.
1803 3250 1864 3309 2,
1903 3249 1958 3311 1,
1995 3247 2045 3298 3.
2083 3248 2147 3297 de
2165 3246 2252 3295 off.

248 3389 383 3434 cium
419 3388 719 3445 vocabatur,
770 3388 1019 3436 orationes
1058 3386 1175 3435 aliis
1244 3382 1461 3452 Ityraei
1485 3380 1808 3447 s.1turaei,
1849 3383 2026 3448 populi
2059 3382 2254 3443 Syriae.
