2500 3850
720 237 1041 286 BOETHUS
1068 257 1154 270 -·
1183 237 1640 286 BRUNDISIUM.

198 397 622 465 praesensionum
661 402 737 444 est
788 402 1000 444 conatus
1016 430 1039 454 ,.
1081 395 1146 444 de

204 469 361 518 divin.
389 467 436 529 l,
463 465 516 524 8,
542 464 625 515 13.
666 465 738 513 lb.
761 466 812 522 2,
837 465 923 526 21,
951 465 1038 514 47.

137 535 424 596 Boethus,
454 533 622 582 clarus
652 533 926 582 statuarius
955 541 1003 580 et
1030 547 1144 581 cae-

203 607 360 662 lator,
376 603 520 652 Verr.
540 608 756 650 accusat.
775 603 828 663 4,
854 600 918 650 14
931 636 947 664 ,
970 599 1055 651 32.

135 670 398 725 Boeotia.
452 671 581 734 Agri
629 669 837 720 deorum
885 670 1143 719 immorta-

204 744 332 792 lium
361 741 416 789 in
442 739 652 790 Boeotia
673 739 873 803 excepti
892 737 1007 804 lege
1028 753 1144 788 cen-

203 812 370 868 soria,
401 808 464 858 de
482 823 533 857 n.
558 807 608 856 d.
634 805 685 866 3,
708 805 792 869 19,
811 805 902 859 49.

132 876 362 931 Boeotii
392 884 534 926 vates
562 876 845 940 Lebadiae,
887 876 949 925 de
982 875 1138 928 divin.

132 981 366 1084 Bog’ndz
405 1014 517 1064 Rex
545 1013 893 1062 Mauretaniae
917 1012 1143 1078 Tiugita-

201 1101 328 1147 uae,
349 1083 416 1133 ad
434 1083 559 1132 fam.
582 1080 663 1142 10,
683 1081 769 1141 32,
793 1081 840 1130 1.

134 1152 311 1206 Boius
342 1152 555 1219 (Βοῖος)
585 1165 787 1211 cursor,
829 1150 897 1200 ad
933 1149 1048 1199 Her.
1085 1151 1138 1212 4,

132 1292 211 1342 Μ.
240 1289 491 1340 Bolanus
506 1325 522 1351 ,
545 1291 740 1338 amicus
761 1287 1019 1338 Ciceronis
1033 1324 1047 1350 ,
1072 1287 1140 1337 ad

200 1359 323 1410 fam.
349 1357 433 1419 13,
455 1359 539 1417 77,
561 1359 612 1407 2.
708 1373 718 1381 ·
1057 1368 1063 1372 ’

133 1427 294 1481 Bona
312 1425 434 1476 (lea.
476 1426 645 1474 Bonae
665 1427 791 1476 deae
809 1425 1136 1484 sacrificium,

203 1501 265 1550 de
281 1499 488 1562 harusp.
519 1509 653 1559 resp.
677 1495 758 1555 17,
779 1493 864 1545 37.
905 1493 969 1546 cl.
990 1494 1060 1543 ib.
1084 1495 1134 1554 5,

202 1568 250 1618 8.
284 1569 343 1617 In
361 1569 470 1617 eius
491 1569 723 1632 opertum
740 1564 800 1612 P.
826 1560 1033 1613 Clodius
1053 1577 1138 1611 ac—

200 1637 372 1701 cessit,
391 1636 568 1701 parad.
592 1638 645 1697 4,
665 1634 716 1698 2,
746 1632 830 1688 32.
871 1631 938 1680 ad
956 1631 1060 1679 Att.
1087 1630 1136 1695 l,

200 1704 284 1765 13,
306 1704 356 1755 3.
382 1730 448 1741 —
465 1705 586 1754 Eius
607 1704 885 1754 sacrarium
903 1699 954 1752 iu
979 1699 1137 1750 fundo

195 1774 255 1821 T.
295 1772 460 1823 Sextii
500 1772 657 1836 Galli,
695 1786 786 1839 pro
827 1771 1015 1822 Milone
1050 1767 1136 1832 31,

198 1842 283 1896 86.
325 1842 388 1890 cl.
416 1843 478 1892 de
509 1843 660 1892 domo
680 1856 775 1891 sua
796 1844 883 1901 42,
909 1841 1028 1892 110.

133 1908 278 1961 Boni
294 1908 368 1961 ni
384 1947 400 1975 ,
420 1912 485 1962 de
503 1926 554 1962 n.
577 1912 630 1962 d.
652 1909 703 1971 3,
722 1908 809 1971 34,
833 1910 918 1964 84.

130 1994 411 2060 Bononia,
438 1998 559 2047 urbs
579 1995 775 2047 Galliae
797 1997 1133 2063 Cispadanae‚

197 2066 318 2115 olim
339 2066 539 2115 Felsina
555 2101 570 2126 ,
593 2066 661 2116 ad
680 2066 802 2116 fam.
833 2066 916 2126 12,
939 2066 989 2125 5,
1013 2067 1065 2115 2.

127 2147 394 2214 Βοῶπις
453 2167 565 2219 per-
610 2154 898 2203 irrisionem
957 2150 1136 2202 Clodia

197 2236 343 2270 soror
361 2222 417 2269 P.
439 2220 603 2271 Clodii
624 2223 837 2277 dicitur,
865 2222 933 2272 ad
953 2223 1059 2277 Att.
1081 2224 1131 2282 2,

193 2289 246 2347 9,
272 2290 337 2407 13
359 2291 418 2409 2ἑ
435 2288 514 2349 12,
535 2293 587 2345 2.
626 2292 678 2352 2,
699 2292 783 2351 14,
805 2290 853 2342 1.
894 2291 954 2350 2,
973 2289 1058 2353 22,
1081 2290 1132 2341 5.

129 2425 337 2476 Bootes
355 2463 370 2488 ,
397 2427 758 2492 Arctophylax.
793 2428 937 2480 Arat.
967 2443 1015 2477 v.
1039 2425 1125 2479 96.

196 2512 245 2545 v·
269 2495 389 2547 100.
430 2495 494 2545 de
513 2511 564 2544 n.
588 2496 638 2545 d.
662 2499 714 2556 2,
735 2497 822 2556 42,
845 2494 962 2546 109.

125 2561 312 2613 Borea
343 2572 635 2628 corruptum
660 2565 838 2629 oppidi
867 2579 1050 2614 nomen
1079 2566 1132 2614 in

195 2632 466 2696 Hispania,
492 2634 560 2681 ad
585 2633 691 2681 Att.
717 2634 800 2696 16,
827 2634 880 2693 4,
906 2635 957 2683 2.

126 2699 340 2750 Boreas
363 2716 407 2749 s.
434 2700 622 2763 Aquilo
651 2699 934 2765 Orithyiam
965 2707 1130 2752 sustu·

194 2769 254 2816 lit
271 2768 514 2829 Athenis,
538 2769 602 2819 de
621 2768 722 2835 leg.
749 2770 798 2830 1,
823 2772 872 2832 1,
892 2768 942 2820 3.

123 2851 342 2904 Boreus
363 2855 508 2918 axis,
528 2853 712 2921 fragm.
734 2870 789 2919 p.
813 2853 933 2905 348.

123 2937 469 3004 Bosporani,
517 2938 837 2991 Mithridates
873 2947 990 3007 post
1026 2940 1131 3005 pri-

190 3023 329 3057 mum
379 3007 572 3058 bellum
621 3025 737 3059 cum
785 3008 1030 3059 Romanis
1074 3024 1131 3059 se

190 3078 530 3142 Bosporanis,
551 3076 780 3128 finitimis
797 3080 923 3137 suiS,
943 3078 1130 3129 bellum

193 3145 380 3197 inferre
423 3145 710 3209 simulavit,
761 3149 827 3199 de
866 3148 991 3212 imp.
1038 3146 1126 3199 Cn.

190 3215 366 3280 Pomp.
384 3215 447 3273 4,
472 3212 525 3264 9.

123 3279 327 3333 Bostar
357 3283 604 3333 Norensis
635 3282 904 3347 (Sardus)
932 3300 1128 3335 veneno

188 3366 218 3399 a
247 3352 314 3401 M.
338 3350 560 3401 Aemilio
589 3350 782 3403 Scauro
813 3361 1021 3404 necatus
1051 3354 1130 3403 di-

189 3421 410 3481 cebatur,
431 3435 525 3485 pro
539 3418 728 3473 Scauro
745 3423 791 3487 1,
805 3426 854 3473 4.
875 3438 921 3476 c.
944 3422 1127 3487 fragm.

186 3503 238 3552 p.
266 3489 391 3539 225.

2136 228 2220 290 47

1215 392 1525 446 Bostrenus
1553 394 1838 460 tetrarcha,
1880 395 1947 444 ad
1982 394 2040 455 Q.
2069 395 2132 447 fr.
2165 399 2219 460 2,

1287 463 1353 513 10
1369 461 1511 527 (12),
1531 462 1582 515 3.

1213 527 1557 596 Bovianum,
1602 530 1903 583 Samnitium
1953 534 2228 599 oppidum,-

1284 616 1378 665 pro
1401 599 1628 650 Cluentio
1646 600 1733 662 69,
1760 600 1876 652 197.

1212 667 1495 732 Bovillae,
1515 670 1851 735 municipium
1868 671 1922 719 in
1939 670 2103 732 Latio,
2124 686 2217 737 pro

1281 739 1487 788 Plancio
1506 736 1556 798 9,
1578 736 1663 788 23.

1213 804 1512 857 Bovillana
1535 821 1739 873 pugna,
1770 808 1803 856 i.
1827 823 1874 861 e.
1900 808 2082 857 caedes
2106 808 2225 859 Clo-

1282 876 1355 924 dii
1384 876 1450 925 ad
1479 876 1704 926 Bovillas
1734 876 1896 934 facta,
1935 878 2002 926 ad
2032 880 2135 926 Att.
2165 878 2217 940 5,

1286 941 1366 1002 13,
1398 945 1445 994 1.
1466 971 1533 982 -
1550 944 1814 995 Bovillana
1838 946 2098 1011 vicinitas,
2124 961 2219 1012 pro

1280 1011 1484 1063 Plancio
1502 1012 1552 1073 9,
1577 1013 1662 1065 23.
2184 1026 2192 1031 ’

1210 1078 1543 1202 ΒονίΠαέιιιε
1567 1082 1783 1145 fundus,
1818 1083 1884 1133 ad
1907 1083 1965 1143 Q.
1990 1084 2056 1134 fr.
2077 1082 2138 1146 3,
2166 1084 2222 1146 1,

1209 1217 1484 1270 Brennus.
1530 1221 1762 1271 Brennus
1803 1221 1921 1272 fano
1958 1221 2224 1286 Apollinis

1278 1287 1513 1352 Delphici
1542 1289 1796 1339 nefarium
1815 1290 2008 1341 bellum
2029 1291 2215 1351 intulit,

1278 1357 1342 1406 de
1367 1358 1525 1410 divin.
1549 1359 1599 1417 l,
1622 1356 1707 1419 37,
1728 1356 1813 1407 81.

1209 1422 1506 1487 Brinnius,
1547 1426 1839 1476 Ciceronem
1870 1425 2109 1476 heredem
2140 1426 2219 1475 fe·

1279 1495 1363 1543 cit.
1393 1521 1459 1530 -—-
1479 1493 1755 1545 Brinniana
1783 1496 1980 1556 auctio,
2013 1494 2079 1542 ad
2107 1494 2212 1544 Att.

1280 1562 1363 1622 13,
1396 1561 1476 1626 12,
1496 1564 1555 1616 4.
1591 1563 1663 1612 lb.
1695 1562 1889 1627 13,14,
1920 1564 1969 1615 1.

1207 1646 1537 1710 Britannia,
1575 1649 1643 1698 ad
1676 1649 1782 1698 Att.
1814 1651 1877 1710 4,
1906 1648 1998 1709 16,
2031 1648 2114 1701 13.
2146 1675 2216 1687 ·—

1276 1718 1354 1768 lb.
1386 1720 1447 1780 4,
1473 1717 1564 1782 17,
1589 1717 1639 1768 3.
1668 1744 1735 1754 ——
1755 1719 1824 1769 ad
1847 1717 1970 1771 fam.
1992 1720 2051 1782 7,
2076 1720 2138 1780 6,
2162 1720 2218 1768 2.

1275 1786 1352 1839 Ib.
1375 1788 1435 1847 7,
1458 1787 1504 1839 1.
1544 1788 1619 1837 lb.
1646 1785 1736 1847 10,
1763 1787 1809 1836 1.
1844 1789 1917 1838 lb.
1949 1786 2041 1847 16,
2078 1787 2125 1838 1.
2148 1813 2217 1826 -

1253 1856 1339 1910 dle
1363 1871 1413 1906 n.
1442 1855 1495 1906 d.
1526 1857 1593 1918 2,
1626 1855 1723 1916 34,
1760 1855 1845 1909 88.
1880 1856 1947 1905 ad
1980 1854 2039 1914 Q.
2068 1857 2129 1906 fr.
2162 1859 2214 1915 2,

1277 1928 1342 1980 13
1362 1923 1507 1995 (15),
1526 1926 1579 1974 2.
1610 1926 1681 1975 Ib.
1711 1926 1772 1988 2,
1806 1925 1871 1976 15
1900 1921 2040 1989 (16),
2060 1929 2113 1977 4.
2148 1927 2215 1976 ad

1277 1998 1397 2048 fam.
1425 2000 1505 2061 15,
1533 1993 1614 2059 16,
1635 1995 1686 2051 2.

1205 2063 1567 2117 Britannicae
1585 2082 1694 2127 reS,
1717 2068 1785 2117 ad
1816 2064 1873 2127 Q.
1897 2064 1961 2118 fr.
1988 2068 2037 2131 3,
2075 2065 2102 2119 I
2121 2105 2135 2128 ‚
2157 2068 2210 2121 3.

1275 2138 1325 2198 S.
1352 2135 1435 2186 10.
1475 2137 1549 2186 Ib.
1580 2136 1632 2197 3,
1656 2136 1704 2196 1,
1728 2137 1779 2186 7.
1798 2139 1847 2200 s.
1874 2137 1959 2187 25.

1204 2202 1516 2255 Britannici
1553 2212 1724 2255 aestus
1750 2207 2019 2267 maritimi,
2059 2207 2122 2257 de
2156 2222 2213 2257 n.

1275 2273 1323 2322 d.
1348 2272 1399 2332 3,
1420 2274 1503 2333 10,
1526 2275 1611 2326 24.

1204 2339 1275 2390 Τ.
1303 2339 1608 2392 Brocchus.
1640 2343 1706 2393 V.
1733 2342 2015 2393 Annaeus.

1202 2424 1570 2492 Brogitarus,
1619 2425 2013 2491 GallograecuS‚
2060 2426 2213 2477 Deio-

1270 2496 1367 2545 tari
1387 2509 1572 2560 gener‚
1607 2508 1697 2558 pro
1724 2493 1888 2544 Sestio
1909 2494 2008 2556 26,
2036 2495 2122 2547 56.
2141 2522 2211 2534 —-·

1273 2565 1341 2613 ad
1360 2563 1419 2621 Q.
1443 2563 1504 2615 fr..
1528 2564 1589 2620 2,
1622 2564 1653 2613 7
1675 2560 1785 2629 (9),
1820 2564 1871 2613 2.
1902 2564 1966 2613 de
1996 2562 2205 2629 harusp.

1271 2646 1408 2695 resp.
1435 2631 1515 2688 13,
1539 2632 1627 2683 28.

1201 2699 1452 2768 Bruges,
1503 2703 1541 2750 i.
1580 2716 1623 2752 e.
1662 2701 1890 2767 Phryges
1934 2702 2076 2768 apud
2108 2703 2211 2751 En-
2299 2727 2302 2728 ν

1270 2771 1441 2831 nium,
1466 2775 1590 2819 orat.
1614 2770 1711 2836 48,
1738 2770 1857 2823 160.

1199 2852 1399 2905 Brulla
1418 2856 1533 2905 talis
1554 2856 1901 2905 vehementius
1922 2856 2209 2907 delectaba-

1270 2931 1379 2983 tur,
1402 2924 1465 2974 de
1484 2933 1611 2974 orat.
1636 2924 1685 2986 3,
1711 2923 1795 2991 23,
1820 2925 1907 2976 88.

1198 3005 1556 3073 Brundisini,
1585 3009 1653 3058 ad
1671 3010 1776 3061 Att.
1798 3010 1851 3069 4,
1873 3009 1922 3070 l,
1943 3010 1994 3062 4.
2030 3024 2124 3075 pro
2147 3008 2207 3063 Ρ.

1270 3076 1437 3128 Sestio
1453 3077 1539 3137 63,
1564 3078 1682 3130 131.

1199 3144 1604 3210 Brundisinus,
1641 3146 1952 3197 Brundisina
1989 3147 2208 3205 colonia,

1218 3213 1223 3220 '
1268 3216 1333 3265 ad
1374 3217 1476 3264 Att.
1510 3217 1562 3275 4,
1597 3216 1651 3279 1,
1691 3217 1743 3265 4.
1782 3230 1877 3280 pro
1915 3213 2084 3268 Sestio
2118 3216 2204 3277 63,

1199 3349 1561 3403 Brundisium
1581 3386 1597 3413 ‚
1638 3350 1900 3402 Calabriae
1942 3354 2203 3417 oppidum,

1266 3428 1417 3486 portu
1462 3420 1643 3481 nobili,
1690 3421 1823 3470 unde
1867 3421 2101 3470 traiectus
2151 3422 2203 3469 in

1233 3542 1242 3551 ,
1272 3488 1531 3539 Graeciam
1558 3488 1682 3547 fuit,
1722 3488 1786 3537 ad
1808 3489 1913 3541 Att.
1948 3490 2015 3549 4,
2052 3489 2077 3537 1
2100 3522 2114 3547 ,
2146 3490 2204 3539 4.

2165 3737 2178 3814 l
