2500 3850
565 205 1036 259 DENSELETAE‘
1063 231 1137 242 -—·
1180 209 1691 260 DIGAEARCHUS.

45 366 422 418 Denseletae
433 403 450 431 ,

123 435 412 486 cidentalis
426 471 441 494 ,
466 437 520 486 in
539 436 710 485 Pison.
733 433 816 498 34,
837 435 924 488 84.

47 504 326 568 Dei-bes,
353 505 521 554 incola
553 504 748 554 Der-bae
766 539 780 562 ,
814 504 956 553 urbis
986 504 1087 570 Ly-

125 574 388 638 caoniae,
406 575 472 624 ad
499 572 621 627 fam.
650 572 731 635 13,
754 571 839 631 73,
860 574 910 622 2.

47 643 356 706 Dertona,
399 642 649 707 oppidum
683 642 922 706 Liguriae
958 643 1088 691 inter

127 711 374 762 Genuam
395 719 446 760 et
467 710 773 760 Placentiam
795 710 966 774 situm,
991 710 1086 760 ho-

125 781 224 830 die
251 779 505 844 Tariona,
535 779 600 829 ad
619 777 744 828 fam.
770 778 854 843 11,
880 778 963 840 10,
995 779 1050 830 5.

49 846 308 900 Deterio
345 845 628 913 (Doterio)
650 847 862 912 histrio,
893 849 962 898 ad
980 848 1086 898 Att.

129 919 186 982 1,
217 916 304 980 16,
328 918 381 970 5.

49 983 418 1052 Deucalion,
436 986 646 1040 Tuscul.
671 985 718 1045 1,
742 984 824 1049 10,
845 986 930 1036 21.

49 1053 391 1122 Dexippus,
445 1071 621 1107 servus
677 1053 963 1118 Ciceronis,
1021 1057 1086 1106 ad

129 1125 265 1176 fam.
295 1126 382 1187 14,
402 1122 454 1189 3,
476 1125 526 1177 3.

54 1191 318 1257 Dexius,
358 1193 586 1244 Liciniae
618 1191 671 1242 C.
708 1191 870 1245 Cassii
895 1194 1086 1244 sororis

129 1264 384 1324 marituS,
411 1262 478 1312 ad
497 1261 620 1311 fam.
643 1263 694 1321 7,
715 1260 802 1321 23,
821 1263 874 1314 4.

55 1333 230 1382 Dexo
251 1331 659 1395 Tyndaritanus,
681 1332 828 1381 Verr.
861 1339 1083 1382 accusat.

129 1400 188 1460 5,
209 1401 305 1459 42,
329 1399 446 1451 108.
485 1401 560 1450 11).
577 1398 628 1462 5,
650 1396 734 1460 49,
757 1398 874 1450 128.

54 1466 152 1517 Di.
216 1468 444 1518 Deorum
493 1467 726 1533 sepulcra
761 1468 814 1516 in
856 1467 1084 1533 Graecia,

131 1537 352 1586 Tuscul.
383 1538 429 1600 1,
459 1536 540 1601 13,
559 1535 644 1586 29.

55 1607 134 1657 Di
153 1606 395 1669 Manes,
418 1606 482 1656 de
503 1606 605 1671 leg
628 1605 678 1665 2,
701 1607 753 1669 9,
775 1606 863 1657 22.

53 1674 172 1727 Dia
217 1681 270 1724 et
311 1674 525 1736 Caelu8‚
566 1681 804 1738 parentes
849 1675 1084 1726 Mercurii

127 1745 326 1810 primi,
350 1745 482 1794 den.
509 1744 560 1792 d.
582 1743 633 1804 3,
654 1744 738 1800 22,
759 1743 844 1794 56.

53 1813 463 1864 Diadematus.
504 1813 568 1862 V.
597 1813 651 1860 in
673 1809 939 1864 Caeciliis
958 1812 1082 1865 Me-

129 1878 319 1933 tellis.

54 1950 403 2020 Diagondas
431 1951 701 2001 Thebanus
733 1952 902 2003 omnia
935 1966 1082 2001 sacra

130 2030 390 2070 nocturna
425 2020 540 2085 lege
575 2028 820 2085 perpetua
859 2020 1080 2085 sustulit,

132 2092 202 2141 de
223 2090 331 2155 leg.
359 2090 410 2151 2,
435 2089 518 2150 15,
540 2088 626 2141 37.

56 2158 357 2225 Diagoras
392 2156 575 2207 Melius
629 2149 845 2220 (mesae
885 2154 1080 2221 dictus)

131 2236 185 2278 et
230 2226 531 2277 Theodorus
575 2225 880 2293 Cyrenaicus
912 2225 1080 2276 nullos

131 2312 255 2347 esse
287 2297 495 2346 omnino
521 2297 644 2346 deos
663 2303 994 2361 putaverunt,
1018 2295 1082 2345 de

131 2366 350 2425 n.d.1‚
382 2364 441 2430 1,
474 2366 526 2419 2.
571 2362 961 2426 Ib.l,23,63.
1001 2365 1079 2413 lb.

131 2436 198 2497 1,
235 2401 476 2492 42,11’7.
497 2434 768 2483 -Faceta
797 2434 906 2483 eius
927 2434 1080 2497 dicta,

129 2506 208 2556 Ib.
234 2504 286 2569 3,
308 2469 394 2564 37,
418 2502 503 2556 89

57 2570 356 2640 Diagoras
402 2572 662 2631 Rhodiae,
708 2568 1081 2635 Olympionices

133 2641 355 2700 nobilia,
379 2638 903 2703 Tuscu1.1,46,111.

58 2706 399 2777 Dialectici,
455 2712 520 2761 de
574 2715 699 2760 orat.
745 2676 805 2772 3,
855 2706 948 2771 15,
990 2708 1077 2759 58.

116 2780 326 2859 fragm.
349 2794 402 2861 p.
426 2780 548 2832 287.

60 2845 252 2899 Diana
284 2850 454 2913 prima
477 2856 526 2898 et
544 2847 824 2899 Mercurius
842 2841 1080 2912 parentes

134 2917 413 2981 Cupidinis
444 2919 625 2983 primi,
655 2917 718 2966 de
746 2931 797 2969 n.
822 2918 874 2967 d.
899 2915 958 2975 3,
989 2916 1078 2981 23,

128 2986 225 3040 60.
247 3012 318 3022 -
338 2986 500 3037 Diana
514 3026 529 3049 ,
561 2988 723 3052 prima
745 2986 876 3035 Iovis
895 2993 943 3035 et
946 2952 1082 3035 ’ipro

129 3056 375 3120 serpinae
405 3057 535 3117 filia,
571 3055 793 3106 secunda
821 3056 986 3105 notior
1002 3056 1083 3105 Io-

129 3127 215 3175 vis
233 3126 375 3174 tertii
394 3132 444 3176 et
459 3126 712 3186 Latonae,
742 3126 918 3175 tertiae
937 3132 1081 3189 pater

130 3194 265 3261 Upis
289 3195 532 3258 traditur,
565 3193 755 3245 Glauce
787 3203 983 3257 mater,
1017 3193 1080 3243 de

128 3278 186 3313 n.
213 3264 265 3313 d.
290 3262 347 3326 3,
375 3263 443 3314 23
461 3301 473 3323 ‚
497 3263 585 3317 58.
606 3292 675 3301 --
692 3264 886 3314 Latona
903 3262 1080 3312 confu-

129 3334 212 3397 git
253 3332 440 3383 Delum
487 3340 639 3396 atque
673 3333 744 3382 ibi
788 3331 1080 3398 Apollinem

129 3401 456 3465 Dianamque
491 3402 720 3466 peperit,
751 3403 900 3451 Verr.
931 3416 1079 3451 accu-

133 3478 233 3520 sat.
257 3471 309 3531 1,
335 3470 418 3532 18,
437 3471 524 3524 48.
544 3470 790 3521 —Diana
807 3470 996 3522 violata
1015 3471 1078 3518 ab

487 365 710 433 populus
735 366 983 417 Thraciae
1006 382 1090 415 oc-

2048 199 2165 261 127

1230 364 1414 415 Orione
1448 367 1501 414 in
1538 366 1705 416 insula
1741 365 1896 431 Chio,
1932 367 2074 418 Atat.
2114 383 2163 422 v.

1229 433 1351 486 668.
1384 459 1456 470 -
1479 433 1643 484 Diana
1670 442 1719 484 et
1737 435 1907 497 Luna,
1932 434 1996 484 de
2026 451 2077 484 n.
2111 437 2165 488 d.

1228 503 1281 564 2,
1302 503 1389 567 27,
1410 501 1496 555 68.
1537 503 1610 553 Ib.
1630 503 1681 567 3,
1704 503 1789 568 20,
1812 502 1897 554 51.
1916 531 1987 543 —-
2006 505 2169 570 Apol-

1229 572 1349 621 linis
1370 579 1487 620 exta
1507 571 1762 622 interdum
1787 573 1920 623 bona
1934 609 1951 637 ,
1973 574 2166 624 Dianae

1227 655 1329 691 non
1347 640 1479 689 bona
1494 675 1509 703 ‚
1531 641 1594 690 de
1612 640 1773 694 divin.
1796 643 1848 701 2,
1874 643 1964 706 17,
1986 641 2072 694 38.
2098 670 2165 680 -

1223 708 1381 773 Apud
1411 710 1661 770 quosdam
1682 709 1766 760 lex
1797 717 1929 774 erat,
1961 725 2024 760 ne
2053 713 2168 774 quis

1225 777 1417 827 Dianae
1464 778 1681 828 vitulum
1734 779 2050 844 immolaret,
2102 781 2167 830 de

1225 848 1330 896 inv.
1366 848 1429 909 2,
1467 846 1560 907 31,
1594 847 1683 898 95.
1714 875 1783 884 —-
1810 847 1872 896 Ei
1905 848 2167 899 immolata

1224 915 1519 981 Iphigenia,
1552 916 1617 965 de
1649 916 1738 972 off.
1762 915 1825 978 3,
1856 918 1954 983 25,
1985 916 2072 969 95.
2096 946 2165 954 —-

1225 984 1494 1050 Templum
1528 983 1781 1051 Ephesiae
1827 985 2049 1046 Dianae,
2099 988 2165 1036 de

1227 1054 1389 1105 divin.
1413 1054 1473 1115 1,
1500 1052 1597 1113 23,
1629 1056 1715 1109 47.
1750 1055 1813 1106 de
1843 1070 1895 1108 n.
1918 1055 1968 1106 d.
1990 1056 2053 1119 2,
2074 1057 2159 1118 27,

1229 1121 1318 1175 69.
1353 1125 1498 1174 Verr.
1520 1132 1742 1174 accusat.
1771 1124 1797 1174 1
1814 1159 1829 1187 ,
1852 1123 1950 1184 33,
1981 1124 2065 1175 85.
2094 1151 2164 1161 -—

1225 1191 1420 1241 Dianae
1431 1189 1741 1258 Segestanae
1754 1194 1957 1258 signum
1970 1209 2034 1242 ex
2046 1208 2163 1244 aere

1225 1259 1449 1312 ablatum
1476 1275 1507 1311 a
1527 1259 1581 1312 C.
1607 1263 1792 1327 Verre,
1811 1263 1885 1311 Ib.
1905 1264 1959 1322 4,
1988 1260 2073 1327 34,
2096 1264 2163 1312 74

1223 1345 1338 1392 sqq.
1358 1355 1428 1366 -—
1452 1330 1643 1379 Eadem
1672 1330 1837 1380 Diana
1856 1339 2164 1381 memoratur

1227 1406 1355 1448 orat.
1385 1397 1483 1456 62,
1511 1398 1632 1449 210.
1664 1425 1731 1436 -
1759 1401 1953 1462 Pergae
1986 1398 2164 1448 fanum

1226 1467 1637 1529 antiquissimum
1694 1474 1743 1516 et
1783 1469 2163 1516 sanctissimum

1221 1536 1415 1585 Dianae
1464 1535 1741 1600 spoliatum
1793 1549 1825 1584 a
1875 1535 1931 1588 G.
1983 1536 2162 1598 Verre,

1221 1605 1369 1654 Verr.
1396 1611 1621 1654 accusat.
1651 1605 1708 1667 1,
1736 1604 1833 1666 20,
1864 1603 1951 1654 54.
1992 1604 2057 1654 cl.
2088 1604 2160 1655 ib.

1222 1675 1254 1726 3
1269 1709 1284 1737 ‚
1309 1674 1403 1738 21,
1422 1673 1509 1724 54.
1532 1701 1598 1709 -
1618 1673 1814 1723 Dianae
1842 1673 2090 1739 templum
2108 1675 2164 1726 in

1222 1742 1424 1805 Insula,
1447 1751 1592 1808 parte
1614 1743 1753 1792 urbis
1773 1741 2160 1806 Syracusarum,

1221 1811 1295 1864 Ib.
1319 1813 1379 1871 4,
1408 1809 1505 1875 53,
1541 1810 1656 1864 118.
1679 1837 1749 1850 --
1777 1811 1971 1862 Dianae
2000 1813 2163 1863 sacel-

1221 1880 1327 1931 lum
1362 1881 1414 1929 in
1458 1879 1711 1939 Caeliculo
1746 1881 2003 1931 sublatum
2040 1897 2071 1933 a
2098 1883 2159 1933 L.

1221 1952 1431 2007 Pisone,
1453 1951 1515 2000 de
1532 1950 1739 2015 harusp.
1764 1966 1900 2016 resp.
1925 1951 2007 2012 15,
2032 1952 2117 2003 32.

1149 2017 1443 2082 Dianium,
1480 2019 1635 2069 hodie
1672 2022 1869 2079 Denia,
1912 2020 2161 2085 oppidum

1220 2089 1503 2153 Hispaniae
1540 2089 1957 2148 Tarraconensis,
2010 2090 2158 2143 Van-0

1219 2164 1441 2208 accusat.
1462 2156 1514 2217 5,
1532 2156 1620 2222 56,
1645 2156 1764 2209 146.
1804 2158 1871 2213 cl.
1893 2160 1959 2209 ib.
1984 2158 2011 2209 1
2029 2195 2046 2220 ,
2070 2156 2159 2220 34,

1150 2294 1559 2360 Dicaearchus,
1580 2294 1779 2347 Siculus
1802 2313 1867 2348 ex
1885 2299 2009 2347 urbe
2028 2298 2161 2347 Mes-

1218 2380 1372 2425 sana,
1420 2364 1815 2429 Peripateticus,
1871 2366 2161 2415 Aristotelis

1219 2433 1533 2498 discipuluS,
1566 2433 1627 2482 de
1658 2433 1759 2499 leg.
1791 2432 1936 2496 3‚6‚
1970 2434 2051 2484 14.
2093 2432 2159 2487 cl.

1221 2505 1287 2554 de
1318 2504 1475 2553 divin.
1503 2501 1563 2560 1,
1590 2501 1651 2560 3,
1680 2503 1734 2551 5.
1756 2526 1826 2539 --
1848 2501 2159 2554 Luculentus

1220 2572 1370 2621 homo
1392 2580 1440 2621 et
1458 2571 1587 2619 civis
1602 2570 1777 2634 paullo
1810 2570 1988 2621 melior
2007 2585 2159 2633 quam

1221 2642 1304 2691 isti
1336 2631 1727 2703 ἄδικαίαρχοι,
1760 2641 1827 2690 ad
1855 2640 2042 2700 Att.2,
2076 2641 2158 2701 12,

1219 2712 1271 2761 4.
1305 2736 1371 2746 —
1410 2708 1665 2760 Platonem
1704 2724 1805 2759 non
1847 2709 2031 2759 iniuria
2069 2710 2159 2759 Di-

1221 2778 1497 2830 caearchus
1514 2781 1798 2840 accusavit,
1830 2780 1967 2843 quod
1997 2781 2159 2831 amori

1219 2849 1568 2899 auctoritatem
1584 2851 1847 2913 tribueret,
1872 2850 2079 2899 Tuscul.
2104 2851 2177 2911 4„

1219 2919 1318 2980 34,
1342 2918 1425 2968 71.
1444 2944 1514 2954 -
1541 2918 1853 2968 Dicaearcho
1883 2921 2049 2969 visum
2080 2926 2159 2969 est

1219 3003 1285 3037 ne
1324 3002 1438 3037 esse
1476 2989 1679 3051 quidem
1718 2988 1877 3037 ullum
1912 2989 2157 3046 animum,

1219 3057 1381 3107 Acad.
1402 3071 1482 3122 pr.
1516 3058 1576 3121 2,
1612 3056 1710 3116 39,
1744 3058 1862 3106 124.
1884 3082 1949 3091 —
1969 3056 2157 3119 Magna

1221 3128 1567 3177 controversia
1590 3132 1695 3176 erat
1712 3123 2019 3175 Dicaearcho
2041 3138 2155 3173 cum

1220 3194 1601 3274 TheophrastO,
1632 3202 1687 3243 ut
1707 3194 1789 3244 ille
1804 3186 1905 3241 τὸν
1925 3207 2157 3257 πρακτι-

1218 3259 1324 3312 κόν
1359 3260 1483 3328 βίον
1511 3266 1663 3327 longe
1688 3263 1919 3315 omnibus
1948 3270 2155 3340 antepo-

1218 3341 1373 3391 neret,
1386 3331 1471 3382 hic
1488 3340 1655 3383 autern
1669 3322 1768 3379 τὸν
1778 3324 2154 3395 θεωρητικόν,

1219 3404 1284 3451 ad
1304 3402 1486 3459 Att.2‚
1520 3400 1613 3465 16,
1646 3398 1697 3452 3.
1724 3400 2155 3449 *Dicaearchus

1218 3478 1321 3519 tres
1351 3471 1505 3520 libros
1532 3469 1768 3533 scripsit,
1802 3470 1885 3531 qui
1917 3467 2153 3517 Lesbiaci

2294 469 2352 742 ··‘·††·.·-.:rm

2416 659 2431 668 .
