2500 3850
249 197 308 246 c,
335 196 584 245 VALER.
617 190 926 247 FLACCUS
950 220 1035 230 —
1064 202 1136 247 M.
1171 200 1422 247 VALER.
1457 200 1777 247 MESSALA
1811 199 2047 247 NIGER.
2138 188 2262 251 433

232 355 398 405 Flacci
429 356 596 419 patrui
620 354 848 415 contulit,
881 371 974 420 pro
995 356 1175 406 Flacco
1320 357 1429 403 eius
1478 370 1635 419 opera
1676 358 1727 404 in
1772 355 2263 421 comprehendendis

231 428 282 484 2,
302 425 355 477 5.
378 440 429 488 p.
453 422 573 475 295.
1319 424 1655 489 Allobrogum
1684 424 1864 489 legatis
1897 440 2019 474 usus
2040 432 2184 478 esta.
2210 442 2261 476 ιι.

174 492 227 543 C.
251 490 505 544 Valerius
537 492 796 555 Flaccus,
830 494 1107 558 imperator
1128 506 1177 541 et
1318 510 1359 542 c.
1383 492 1524 554 691„
1558 494 1609 543 in
1632 493 1778 547 Catil.
1806 493 1855 552 3,
1878 496 1929 556 2,
1952 494 2002 543 5.
2042 494 2115 544 Ib.
2138 494 2188 555 3,
2209 494 2264 559 6,

229 572 530 629 propraetor
585 562 779 612 Galliae
831 562 1075 629 Scipione
1130 570 1178 611 et
1321 561 1402 613 13.
1444 562 1510 611 el.
1549 577 1641 627 pro
1676 562 1857 612 Flacco
1900 565 1944 621 l,
1986 562 2033 622 1,
2076 564 2161 615 16.
2198 589 2265 599 ·-

229 632 468 681 Norbano
499 646 632 681 coss.
665 648 711 680 a.
742 648 794 681 ιι.
825 647 868 680 c.
901 631 1040 691 671„
1081 647 1175 695 pro
1317 632 1438 683 Eius
1476 641 1713 695 praetura
1745 632 1950 682 laudata
1986 646 2018 679 a
2045 629 2103 689 Q.
2138 633 2264 681 Hor-

232 702 429 761 Qninct.
456 702 508 760 7,
542 701 628 751 28.
1211 703 1220 714 ”
1317 701 1513 763 tensi0‚
1554 702 1618 750 ad
1650 704 1753 750 Att.
1794 702 1845 761 2,
1884 702 1969 763 25,
2016 700 2064 752 1.
2099 728 2171 737 -
2199 700 2259 749 L.

165 768 226 819 Ο.
249 767 504 821 Valerius
525 766 786 831 Flaccus,
813 769 873 821 L.
909 770 964 823 F.
1001 770 1063 819 de
1093 784 1174 819 eo—
1316 769 1546 835 Flaccus,
1570 771 1767 835 legatus
1781 771 2002 831 Pisonis,
2026 768 2078 817 in
2093 770 2265 819 Pison.

230 840 374 889 horte
393 838 548 902 Appii
567 838 767 889 Claudii
789 838 958 887 Pulcri
980 840 1031 887 in
1055 838 1176 889 Cili-
1316 838 1401 901 23,
1438 840 1523 891 54.
1547 868 1618 881 —
1636 840 1861 905 Legatus
1895 839 1963 888 ad
1981 836 2175 888 Galliae
2194 838 2262 887 ci-

230 910 312 958 eia
331 924 379 961 a.
403 924 455 956 ιι.
479 923 524 957 e.
549 906 688 966 703„
726 909 791 957 ad
813 908 932 957 fam.
955 907 1006 973 3,
1038 910 1092 968 4,
1127 908 1173 957 1.
1316 909 1504 957 vitates.
1535 910 1741 969 missus,
1781 924 1845 958 ne
1872 924 1928 958 se
1949 922 2063 956 cum
2082 908 2261 957 Helve-

231 980 292 1027 cl.
315 979 384 1030 ib.
409 976 459 1039 3,
489 976 570 1039 11,
593 976 644 1029 3.
1314 978 1400 1028 tiis
1438 979 1817 1044 coniungerent,
1858 993 1905 1028 a.
1945 994 1997 1029 u.
2040 992 2083 1025 e.
2123 975 2263 1041 694,

165 1045 225 1096 C.
268 1043 522 1097 Valerius
559 1041 796 1096 Flaccus
838 1060 1017 1097 censor
1061 1061 1177 1095 cum
1317 1048 1382 1095 ad
1415 1047 1515 1096 Att.
1559 1048 1604 1106 1,
1647 1047 1729 1107 19,
1769 1049 1819 1101 2.
1852 1074 1921 1082 --
1954 1047 2264 1095 Accusatum

231 1115 284 1165 G.
311 1115 498 1165 Catone
519 1129 566 1163 a.
595 1132 645 1167 u.
670 1132 716 1167 e.
741 1115 883 1174 570..
905 1117 1049 1165 cuius
1071 1114 1176 1165 col·
1316 1130 1431 1168 eum
1454 1132 1485 1165 a
1506 1116 1565 1163 D.
1588 1117 1764 1167 Laelio
1786 1119 1849 1166 de
1868 1116 2099 1181 pecuniis
2118 1129 2264 1179 repe-

230 1185 346 1250 lega
364 1186 484 1234 item
507 1183 673 1235 fuerat
693 1187 744 1234 in
763 1183 1028 1234 consulatu
1049 1200 1093 1234 a.
1117 1201 1172 1239 ιι.
1314 1185 1487 1235 tundis
1518 1202 1583 1235 ex
1618 1188 1762 1241 Asia,
1803 1187 1884 1235 cui
1916 1193 2034 1250 post
2057 1192 2264 1249 praetu-

231 1272 274 1303 c.
299 1252 442 1313 559„
471 1254 534 1303 de
555 1270 663 1307 sen.
691 1256 773 1317 12,
792 1256 878 1306 42.
1315 1270 1423 1303 ram
1442 1270 1486 1302 a.
1510 1270 1559 1304 ιι.
1584 1272 1627 1309 c.
1648 1256 1766 1309 691.
1788 1270 1880 1319 per
1900 1269 2087 1303 annum
2108 1268 2265 1307 unum

162 1320 226 1371 1..
261 1318 520 1373 Valerius
549 1322 804 1383 Flaccus,
840 1324 1022 1371 flamen
1043 1320 1176 1371 Mar-
1316 1323 1630 1388 praefuerat,
1686 1323 1861 1372 Cicero
1898 1321 2127 1372 defendit
2164 1336 2267 1371 una

231 1392 385 1451 tialis,
422 1406 527 1441 cos.
561 1406 608 1440 a.
652 1407 702 1445 u.
735 1408 779 1441 c.
818 1390 937 1444 623.
973 1406 1086 1439 cum
1117 1391 1174 1439 P.
1316 1407 1432 1441 cum
1491 1391 1548 1451 Q.
1618 1393 1885 1441 Hortensio
1938 1391 2151 1440 Caesare
2218 1398 2267 1439 et.

230 1461 430 1510 Licinio
460 1458 639 1509 Crasso
668 1459 920 1524 Muciano,
947 1459 1173 1525 Philipp.
1316 1460 1500 1510 Bibulo
1541 1475 1675 1511 coss.
1720 1476 1769 1509 a.
1810 1476 1861 1509 u.
1908 1475 1952 1509 c.
1992 1458 2133 1519 695„
2170 1475 2264 1525 pro

235 1530 318 1591 ll,
341 1529 501 1588 8,18.
615 1552 624 1557 ·
1317 1530 1499 1580 Flacco
1536 1529 1595 1589 1,
1642 1530 1691 1590 1,
1730 1546 1843 1593 sqq.
1890 1555 1953 1564 -—
1990 1526 2265 1594 Laudatur,

163 1598 226 1652 L.
264 1594 576 1664 (Valerius)
603 1594 862 1646 Flaccus.
899 1596 968 1648 M.
1005 1598 1177 1645 Aemi-
1320 1614 1410 1664 pro
1430 1598 1633 1648 Plancio
1659 1599 1740 1661 11,
1763 1600 1849 1651 27.

233 1669 299 1717 lio
317 1667 505 1717 Scauro
525 1666 783 1730 quaestori
805 1667 854 1715 in
871 1665 1177 1717 L.Flaccum
1247 1667 1314 1719 L.
1360 1664 1615 1717 Valerius
1653 1666 1910 1726 Flaccus,
1953 1667 2197 1733 parvulus
2236 1682 2267 1716 a

221 1745 511 1801 ‚praetorem
549 1750 728 1797 suum,
773 1736 992 1786 nominis
1038 1735 1177 1786 defe—
1320 1738 1560 1789 Cicerone
1573 1739 1624 1786 in
1637 1739 1960 1801 peroratione
1975 1752 2066 1801 pro
2080 1737 2263 1786 Flacco

228 1808 374 1857 rendi
394 1813 620 1871 potestas
639 1819 739 1853 non
763 1814 838 1854 est
857 1806 993 1864 data,
1015 1805 1173 1854 divin.
1318 1805 1549 1856 sublatus
1572 1817 1664 1863 est,
1691 1816 1817 1855 orat.
1843 1803 1929 1871 38,
1955 1806 2067 1857 131.

229 1878 284 1926 in
319 1874 378 1934 Q.
404 1874 591 1928 Caecil.
625 1875 705 1938 19,
738 1872 823 1926 63.
1248 1873 1311 1926 L.
1335 1874 1592 1926 Valerius
1620 1873 1878 1935 Flaccus,
1916 1875 2099 1925 flamen
2129 1873 2259 1923 Mar·
2344 1936 2349 1940 ¹

163 1943 226 1995 L.
286 1941 543 1996 Valerius
591 1943 862 2007 Flaccus,
924 1953 1068 2009 pater
1111 1945 1172 1997 L.
1318 1947 1469 1998 tialis.
1542 1945 1673 2004 Quid
1717 1950 1778 1995 de
1819 1943 2040 1994 Caecilia
2077 1943 2267 1994 Metelli

227 2016 392 2064 Flacci
424 2015 578 2072 illius,
612 2029 762 2076 quem
791 2013 965 2063 Cicero
1003 2013 1178 2064 defen·
1319 2017 1599 2064 narraverit
1629 2015 1687 2072 Q,
1714 2013 1963 2074 Ciceroni,
2006 2014 2071 2064 de
2104 2013 2263 2063 divin.

228 2086 320 2144 dit,
349 2099 442 2150 pro
456 2084 636 2132 Flacco
651 2083 739 2143 23,
761 2083 1004 2134 55.—Ei
1022 2083 1178 2132 aedili
1322 2085 1369 2139 1.
1390 2083 1475 2143 46,
1500 2083 1619 2135 104.

229 2155 392 2202 curuli
416 2154 666 2202 Decianus
687 2162 830 2216 pater
847 2153 1082 2212 tribunus
1105 2153 1172 2217 pl.
1248 2152 1313 2203 1..
1338 2151 1597 2202 Valerius
1618 2151 1873 2212 Flaccus,
1908 2151 2266 2203 adolescentu-

230 2223 367 2272 diem
397 2222 548 2281 dixit,
582 2223 654 2271 lb.
680 2221 766 2282 32,
801 2224 882 2273 77.
903 2248 973 2257 -·
999 2225 1052 2272 1..
1074 2224 1177 2272 Va-
1322 2223 1420 2277 lus.
1447 2237 1537 2286 pro
1560 2223 1741 2270 Flacco
1760 2220 1845 2283 36,
1866 2221 1952 2272 89.
2286 2257 2293 2260 -

229 2291 388 2341 lerius
421 2290 631 2339 Flaccus
666 2305 770 2340 cos.
805 2306 918 2339 cum
941 2289 994 2340 C.
1018 2293 1176 2340 Mario
1249 2291 1316 2341 P.
1350 2288 1603 2341 Valerius
1632 2290 1872 2342 Flaccus
1914 2307 1945 2340 a
1981 2300 2163 2341 senatu
2200 2293 2265 2338 ati
2330 2321 2335 2326 ψ

231 2362 322 2410 VI.
353 2375 402 2409 a.
433 2375 483 2407 ιι.
507 2375 552 2412 c.
585 2359 706 2410 654.
737 2359 987 2408 interfecit
1008 2358 1179 2408 Satur·
1319 2361 1655 2410 Hannibalem
1676 2361 1883 2423 missus,
1912 2369 2015 2409 uta
2039 2360 2265 2426 Sagunto

231 2430 406 2478 ninum
431 2429 692 2478 Glauciam
717 2438 815 2479 etc.
837 2442 929 2492 pro
951 2426 1002 2478 C.
1023 2429 1180 2479 Rabi-
1321 2430 1595 2492 recederet,
1618 2429 1841 2494 Philipp.
1866 2431 1916 2486 5,
1942 2429 2025 2489 10,
2045 2429 2131 2481 27.

231 2501 308 2548 rio
328 2497 472 2563 perd.
501 2499 550 2557 7,
579 2495 666 2546 20.
706 2497 770 2546 cl.
793 2497 863 2546 ib.
893 2495 972 2553 10,
1003 2499 1089 2548 27.
1127 2499 1178 2547 in
1250 2497 1317 2547 P.
1356 2495 1665 2562 (Valerius)
1694 2497 1951 2548 Flaccus.
2010 2499 2077 2550 M.
2106 2495 2265 2548 Carbo

231 2567 382 2618 Catil.
407 2567 452 2632 1,
473 2567 524 2630 2,
548 2569 597 2616 4.
623 2565 760 2615 Brut.
783 2568 868 2626 62,
890 2567 1010 2618 224.
1027 2593 1098 2602 -
1119 2567 1174 2615 L.
1320 2567 1377 2618 P.
1392 2568 1573 2618 Flacco
1592 2576 1860 2617 accusante
1880 2567 2263 2628 condemnatuS,

231 2637 418 2686 Flacco
466 2636 658 2684 consuli
701 2645 874 2700 portas
913 2644 1017 2684 tota
1057 2638 1179 2698 Asia
1252 2637 1385 2695 ,aad
1408 2637 1528 2690 fam.
1550 2635 1601 2698 9,
1635 2636 1719 2698 21,
1752 2635 1802 2688 3.

231 2706 518 2768 claudebat,
544 2720 636 2769 pro
659 2704 836 2755 Flacco
860 2703 942 2763 25,
965 2675 1328 2782 (ilstffl.
1343 2703 1599 2756 Valerius
1622 2703 1920 2764 Laevinus,
1944 2720 2035 2770 pro
2058 2705 2266 2756 consule

158 2771 223 2823 1..
286 2771 544 2825 Valerius
597 2771 835 2824 Flaccus
853 2811 866 2833 ‚
937 2775 1174 2825 interrex.
1323 2775 1552 2825 Siciliam
1577 2776 1852 2840 obtinebat,
1872 2777 2018 2824 Verr.
2042 2783 2267 2843 accusat.

232 2843 472 2894 Omnium
494 2843 663 2908 legum
681 2844 1054 2906 iniquissimam
1075 2845 1179 2895 dis·
1323 2845 1374 2905 3,
1406 2846 1492 2903 54,
1532 2845 1646 2895 125.
1845 2841 1851 2848 '

230 2913 646 2974 simillimamque
680 2912 810 2977 legis
832 2928 945 2964 esse
965 2913 1182 2965 arbitror
1251 2913 1349 2965 Μ’.
1381 2913 1637 2964 Valerius
1664 2912 1964 2977 Maximus,
2006 2913 2183 2964 Volesi
2210 2911 2269 2961 fi-

231 2998 365 3040 eam,
407 2997 556 3046 quam
587 2981 646 3031 L.
687 2982 913 3046 Flaccus,
961 2983 1182 3033 interrex
1323 2985 1452 3046 liu5,
1504 2983 1591 3046 qui
1630 2985 1921 3044 quindecim
1964 2983 2111 3032 annis
2150 2987 2270 3046 post

229 3069 277 3106 a.
319 3067 369 3103 u.
405 3069 448 3101 c.
483 3051 625 3116 672„
665 3053 728 3100 de
760 3049 901 3101 Sulla
938 3053 1080 3115 tulit,
1117 3055 1182 3102 ut
1321 3068 1471 3118 reges
1492 3061 1697 3102 exactos
1720 3067 1767 3104 a.
1790 3069 1841 3102 u.
1871 3066 1916 3100 c.
1944 3049 2087 3114 260„
2111 3065 2268 3114 quum

231 3118 422 3171 omnia
473 3133 838 3187 quaecunque
875 3118 976 3171 ille
1011 3119 1181 3172 fecis-
1320 3122 1500 3187 plebes
1538 3135 1653 3170 eum
1696 3128 1950 3181 montem,
1986 3120 2075 3182 qui
2114 3119 2271 3169 Sacer

231 3194 336 3250 set,
373 3195 562 3240 essent
593 3196 736 3254 rata,
768 3191 831 3240 de
857 3191 972 3255 lege
999 3207 1104 3256 agr.
1129 3190 1180 3251 3,
1324 3191 1613 3256 appellatus
1644 3199 1740 3245 est,
1780 3190 2151 3254 occupavisset,
2192 3190 2270 3238 di-

232 3262 284 3322 2,
316 3260 366 3308 5.
415 3259 476 3308 cl.
501 3260 566 3308 ad
591 3263 690 3315 Att.
713 3259 765 3310 8.
801 3260 852 3320 3,
885 3259 936 3312 6.
1321 3269 1481 3310 ctator
1502 3260 1717 3309 dicendo
1738 3260 1938 3310 sedavit
1956 3258 2263 3318 discordias,

161 3323 224 3375 L.
269 3325 526 3377 Valerius
561 3327 798 3379 Flaccus
835 3339 1066 3394 praetor,
1120 3329 1176 3376 L.
1322 3329 1461 3379 Brut.
1488 3329 1571 3388 14,
1602 3329 1688 3389 54.
2163 3379 2169 3386 ,

232 3396 428 3445 Valerii
450 3397 614 3446 Flacci
640 3401 716 3448 bis
745 3399 967 3448 consulis
989 3406 1038 3447 et
1066 3413 1182 3446 cen-
1251 3398 1330 3449 M.
1366 3395 1623 3448 Valerius
1643 3395 1892 3448 Messala
1909 3397 1988 3447 Μ.
2008 3396 2070 3446 F.
2092 3395 2174 3446 Μ.
2197 3393 2265 3448 Ν.

231 3465 545 3586 εοιέῗοίιὶῑίἐὲε,
579 3465 819 3536 Cicerone
840 3466 1064 3530 consule,
1095 3467 1182 3530 qui
1319 3463 1515 3534 Niger.
1567 3467 1679 3516 Fori
1715 3467 1991 3586 iud2igiique
2025 3467 2272 3516 rationem
