2500 3850
361 193 437 254 14

355 357 588 410 Aledius
626 357 892 408 familiaris
923 357 1152 408 Caesaris
1189 365 1236 406 et
1275 359 1366 406 At-

424 429 532 492 tici,
555 427 621 475 ad
640 429 744 478 Aa.
768 428 850 486 12,
865 428 915 491 4,
936 427 985 476 2.
1013 427 1086 478 lb.
1109 426 1189 489 12,
1213 425 1297 487 23,
1317 427 1365 479 1.

425 497 508 556 12,
532 497 616 554 24,
644 497 690 546 1.
728 497 810 556 12,
833 497 920 556 27,
948 497 998 549 2.

353 562 480 616 Alei
504 564 690 630 campi,
713 566 920 616 Tuscul.
942 563 992 627 3,
1013 563 1098 623 26,
1119 562 1209 616 63.

259 668 264 674 -
353 633 414 684 L.
441 633 656 684 Alenus
686 635 1007 697 transcripsit
1037 632 1236 682 tabulas
1268 646 1363 695 pu-

341 737 348 749 .
422 693 610 766 blioas,
661 718 775 754 cum
825 701 1217 767 chirographum
1256 699 1360 749 Sex

422 774 703 836 primorum
723 772 948 822 imitatus
970 779 1121 831 esset,
1151 770 1216 820 de
1235 784 1287 822 n.
1305 769 1356 818 (1.

421 842 472 904 3,
493 840 577 898 30,
601 841 687 891 74.

351 909 506 974 Ales,
523 910 686 972 siduS,
719 911 861 960 Arat.
887 925 934 962 v,
957 909 1080 962 281.
1105 907 1228 960 326.

350 976 636 1028 Aleti-inas
663 979 1013 1042 municipium,
1051 993 1144 1042 pro
1178 976 1361 1027 Cluen-

419 1049 489 1096 tio
513 1047 594 1108 16,
615 1047 700 1097 46.
741 1049 814 1097 Ib.
837 1049 920 1106 17,
949 1049 1035 1100 49.

350 1113 754 1178 Aletrinensis,
807 1131 992 1166 nomen
1050 1124 1358 1178 corruptum,

419 1198 514 1250 pro
538 1184 694 1236 Balbo
715 1187 802 1248 22,
829 1184 910 1235 50.

348 1252 681 1317 Alexander,
712 1255 766 1304 id
785 1262 876 1313 est,
908 1253 1069 1309 Paris,
1099 1252 1289 1301 Priami
1313 1257 1362 1300 et

419 1323 658 1372 Hecubae
675 1323 840 1388 filine,
874 1323 1123 1373 occiditur.
1140 1336 1171 1370 a
1187 1319 1362 1371 Philo-

419 1399 550 1442 cteta
575 1393 781 1458 sagitta,
823 1395 890 1442 ad
919 1393 1037 1442 Her.
1075 1393 1128 1450 4,
1166 1387 1251 1454 30,
1272 1390 1358 1439 41.

423 1488 486 1497 -
505 1463 569 1511 de
589 1461 692 1511 fato
715 1429 797 1521 15⁹,
819 1461 904 1512 34.

347 1529 666 1582 Alexander
717 1531 951 1597 Magnus.

419 1600 721 1667 Olympiade
785 1603 962 1651 cadem
1021 1605 1197 1660 nocte,
1262 1613 1363 1660 qua

414 1671 664 1735 templum
695 1669 952 1733 Ephesiae
986 1669 1174 1717 Dianae
1205 1667 1361 1716 della·

417 1739 598 1804 gravit,
625 1738 688 1788 de
709 1739 869 1788 divin.
900 1739 948 1798 1,
969 1736 1057 1799 23,
1079 1737 1166 1788 47.
1209 1736 1273 1789 cl.
1298 1736 1361 1784 de

415 1823 467 1862 n.
490 1808 541 1858 d.
582 1809 634 1866 2,
663 1808 748 1868 27,
767 1805 854 1858 69.
894 1833 962 1842 -
997 1804 1359 1870 Reprehensus

417 1891 446 1927 a
467 1877 706 1942 Philippo
727 1882 890 1941 patre,
913 1876 977 1925 de
997 1873 1082 1925 off.
1100 1876 1152 1937 2,
1166 1874 1250 1936 15,
1268 1873 1352 1925 53.

415 1947 686 1996 Doctorem
705 1946 884 1995 habuit
905 1944 1251 2000 Aristotelem,
1292 1945 1356 1993 de

415 2032 490 2065 or.
519 2016 568 2075 3,
590 2014 677 2074 35,
700 2015 820 2066 141.
857 2033 926 2050 ··-
973 2014 1036 2063 cl.
1058 2013 1124 2061 ad
1145 2014 1247 2063 Att.
1272 2014 1354 2071 12,

415 2083 500 2144 40,
529 2086 578 2135 2.
615 2084 688 2133 lb.
715 2082 797 2146 13,
821 2083 907 2143 28,
928 2082 978 2133 3.
1014 2107 1086 2117 -
1119 2082 1242 2129 Eius
1273 2097 1356 2131 co-

414 2169 525 2203 mes
539 2151 894 2211 Callisthenes,
918 2152 981 2200 de
1002 2165 1073 2199 or.
1093 2154 1145 2209 2,
1169 2150 1253 2212 14,
1270 2150 1352 2201 58.

417 2221 748 2271 Callisthenes
790 2221 854 2270 ab
897 2234 956 2269 eo
997 2229 1224 2280 necatus,
1262 2234 1355 2283 pro

413 2292 540 2341 Rab.
593 2290 834 2341 Postumo
880 2289 945 2349 9,
985 2287 1069 2340 23.
1138 2288 1202 2337 cl.
1253 2289 1356 2337 Tu-

415 2360 542 2409 scul.
567 2358 617 2419 3,
641 2357 723 2420 10,
747 2359 832 2410 21.
863 2384 931 2393 -
974 2358 1232 2407 Interemit
1256 2356 1358 2406 Cli-

413 2436 520 2479 tum
566 2428 873 2478 familiarem
919 2424 1096 2485 suu'm,
1139 2425 1352 2476 Tuscul.

411 2500 464 2557 4,
484 2498 570 2557 37,
591 2496 674 2547 79.
720 2524 786 2533 -
831 2497 956 2547 Eius
981 2494 1138 2560 legati
1163 2495 1230 2545 ad
1252 2494 1355 2543 Xe-

413 2574 689 2629 nocratem,
709 2566 915 2616 Tuscnl.
939 2566 989 2623 5,
1008 2563 1094 2625 32,
1108 2562 1194 2613 91.
1230 2564 1355 2613 Eius

413 2636 722 2698 colloquium
765 2650 878 2685 cum
915 2634 1164 2698 Diogene,
1220 2632 1351 2682 lbid.

411 2708 460 2767 §-
500 2706 587 2759 92.
623 2730 693 2740 -·
726 2705 851 2754 Eius
888 2702 1197 2765 colloquium
1237 2716 1353 2751 cum

415 2771 599 2824 Calano
621 2774 776 2838 Indo,
815 2774 880 2823 de
901 2773 1058 2822 divin.
1085 2771 1132 2833 1,
1156 2770 1241 2830 23,
1267 2771 1353 2821 47.

415 2869 482 2879 -
503 2843 794 2893 Alexander
815 2844 879 2892 ab
901 2840 1273 2905 Apelle'pictus
1299 2840 1353 2889 in

411 2912 538 2963 aede
557 2913 749 2961 Dianae
767 2911 1018 2976 Ephesiae
1037 2948 1051 2973 ,
1089 2911 1238 2960 Verr.
1268 2925 1352 2958 ac-

377 3002 380 3005 *
413 2988 570 3032 cusat.
599 2984 652 3044 4,
681 2979 766 3040 60,
790 2980 908 3033 135.
949 2979 1012 3031 cl.
1045 2980 1112 3027 ad
1144 2978 1267 3027 fam.
1298 2980 1349 3041 5,

413 3050 498 3113 12,
537 3051 586 3103 7.
619 3074 690 3085 ·--
727 3050 850 3101 Eius
882 3051 1052 3113 imago
1073 3062 1103 3096 a
1123 3047 1349 3113 Lysippo

413 3119 564 3181 facta,
589 3120 747 3169 Acad.
766 3134 845 3183 pr.
869 3122 920 3183 2,
933 3118 1021 3177 26,
1035 3116 1122 3168 85.
1141 3142 1213 3152 -
1227 3116 1350 3165 Eius

411 3188 548 3238 bella
585 3204 699 3239 curn
736 3189 941 3251 PersiS,
979 3187 1102 3237 der.
1129 3200 1181 3251 p.
1221 3184 1272 3244 3,
1296 3186 1347 3244 9,

419 3258 498 3309 15.
543 3284 608 3296 --
648 3258 770 3307 Eius
808 3258 996 3306 dictum
1034 3254 1101 3304 ad
1138 3222 1351 3303 Achillis

412 3326 695 3377 tumulum
683 3342 735 3375 m
756 3326 936 3393 SigeO,
951 3340 1044 3390 pro
1058 3322 1246 3372 Archia
1266 3321 1350 3382 10,

414 3396 498 3445 24.
541 3396 606 3446 ad
631 3395 752 3446 fam.
785 3395 954 3455 5,12,
985 3396 1036 3446 7.
1073 3418 1143 3428 -
1185 3390 1351 3441 Collo-

415 3466 588 3527 quium
620 3468 730 3516 eius
762 3480 874 3515 cum
904 3462 1210 3527 archipirata
1230 3474 1353 3523 quo-

991 1557 1056 1566 —
1102 1528 1259 1578 Natus
1300 1543 1363 1578 ex

891 201 1192 249 ALEDIUS
1223 221 1311 233 —-
1337 201 1921 250 ALEXANDRINUM.

1506 357 1641 421 dam,
1683 359 1813 409 der.
1836 373 1889 424 p.
1914 359 1965 420 3,
1991 359 2076 423 12,
2096 359 2179 410 20.
2218 359 2277 409 cl.
2302 359 2416 410 ibid.
2487 361 2488 426 Ξ

1504 428 1555 488 S.
1578 429 1662 478 21.
1699 453 1769 463 -
1806 427 1989 478 Darius
2017 429 2152 492 apud
2181 430 2334 478 Issum
2362 431 2421 478 ab
2486 449 2488 476 ι

1501 495 1797 545 Alexandro
1826 505 2123 561 superatus,
2154 498 2219 546 ad
2237 497 2350 551 fam.
2374 501 2423 561 2,
2487 547 2488 554 ,

1505 563 1589 624 10,
1603 565 1655 618 3.
1679 567 1958 617 —adAtt.
1980 565 2033 625 5,
2052 566 2138 625 20,
2159 565 2209 616 3.
2227 566 2426 615 -Ale-
2487 563 2488 582 *

1499 634 1727 683 xander
1714 649 1763 682 m
1781 634 1960 686 Cilicia
1979 635 2278 700 deposuisse
2296 637 2428 700 apud
2487 649 2488 652 ’

1502 701 1651 754 Solos
1682 703 1733 752 in
1763 703 1975 754 delubro
2010 705 2275 768 pecuniam
2310 705 2425 752 dici·

1499 779 1607 832 tur,
1645 773 1709 821 de
1734 772 1869 838 legg.
1902 775 1952 835 2,
1979 771 2061 832 16,
2081 773 2169 823 41.
2206 799 2273 810 —-
2312 774 2427 821 Eius
2486 779 2489 834 ξ

1500 842 1781 900 somnium,
1820 843 1885 890 de
1920 841 2075 890 divin.
2116 842 2167 904 2,
2198 841 2279 902 66,
2313 841 2423 892 135.

1499 911 1576 960 Ib.
1594 909 1680 974 68,
1706 911 1823 960 141.
1845 938 1919 952 --
1955 912 2283 974 Comparatur
2318 925 2429 960 cum
2486 911 2488 976 ξ

1499 979 1738 1046 Philippo
1758 987 1927 1044 patre,
1969 980 2033 1030 de
2052 979 2137 1031 off.
2163 979 2211 1041 1,
2235 978 2317 1042 26,
2342 979 2426 1029 90.
2487 977 2488 1006 ἶ

1501 1075 1567 1084 -
1597 1048 1903 1108 Alexander,
1934 1049 2112 1100 Asiam
2142 1057 2330 1112 tenens,
2368 1049 2432 1096 de

1502 1125 1605 1182 opt.
1630 1133 1749 1183 gen.
1782 1133 1855 1170 or.
1878 1120 1927 1178 7,
1946 1119 2033 1169 22.
2056 1142 2120 1152 -
2150 1117 2433 1166 Alexander

1498 1185 1709 1236 Macedo
1748 1188 1899 1236 tertio
1936 1195 1985 1236 et
2022 1186 2276 1236 tricesimo
2302 1201 2430 1234 anno

1502 1263 1713 1323 mortem
1739 1256 1891 1317 obiit,
1926 1255 2149 1320 Philipp.
2170 1257 2219 1317 5,
2242 1256 2321 1313 17,
2343 1256 2431 1306 48.

1500 1349 1570 1359 ——
1591 1325 1709 1373 Eius
1726 1325 1939 1374 laudes
1926 1339 1979 1373 m
2002 1325 2290 1388 exemplum
2305 1325 2435 1388 figu-

1500 1407 1587 1441 rae
1642 1394 2065 1445 annominatiouis
2125 1394 2433 1458 propositae,

1502 1461 1620 1512 Her.
1644 1464 1695 1526 4,
1713 1464 1796 1521 22,
1816 1461 1903 1512 31.
1946 1462 2147 1512 'Ihebas
2171 1462 2336 1513 diruit.
2372 1463 2436 1510 de

1500 1533 1603 1584 inv.
1629 1531 1675 1592 1,
1698 1533 1781 1590 22,
1802 1530 1888 1584 30.
1920 1531 2226 1582 Memoratus
2255 1532 2325 1580 lb.
2347 1531 2431 1590 50,

1498 1599 1585 1651 93.
1608 1601 1688 1720 ge
1721 1599 1807 1650 fin.
1840 1601 1891 1661 2,
1914 1599 1999 1664 35,
2022 1599 2141 1652 116.
2184 1599 2246 1648 de
2266 1599 2347 1648 off.
2382 1603 2432 1659 2,

1500 1670 1552 1730 5,
1577 1669 1604 1720 1
1648 1707 1662 1720 .

1429 1737 1745 1789 Alexander
1782 1737 1909 1800 111.‚
1947 1752 2041 1786 rex
2082 1739 2332 1802 Aegypti,
2374 1738 2437 1786 de
2487 1775 2488 1804 ζ

1498 1809 1612 1872 lege
1638 1822 1747 1872 agr.
1787 1807 1846 1868 1,
1889 1807 1949 1867 l,
1992 1807 2069 1866 1.,
2112 1808 2198 1855 ubi
2230 1807 2441 1856 Alexae
2487 1817 2488 1868 }

1498 1876 1821 1928 scribendum
1839 1875 2054 1926 videtur.
2072 1876 2144 1927 Ib.
2160 1878 2210 1935 2,
2228 1874 2313 1936 16,
2328 1875 2441 1940 41.,
2487 1873 2488 1933 ἶ

1496 1948 1585 1995 ubi
1604 1960 1737 1995 nunc
1754 1948 1893 2011 regis·
1912 1946 2117 1995 Alexae
2136 1946 2343 2010 legitur.
2487 1954 2488 1997 f

1427 2014 1761 2078 Alexander,
1793 2022 2040 2079 tyrannus
2077 2014 2439 2074 Pheraeorum,
2487 2008 2488 2041 ³

1497 2084 1561 2135 de
1596 2086 1699 2133 inv.
1734 2082 1785 2139 3,
1818 2083 1905 2145 49,
1938 2084 2059 2134 144.
2103 2084 2165 2133 de
2188 2082 2277 2131 off.
2310 2085 2361 2143 2,
2388 2085 2447 2143 7,

1495 2154 1582 2204 25.
1604 2178 1675 2189 ·—·
1696 2154 1759 2201 de
1780 2153 1942 2201 divin.
1966 2152 2015 2211 l,
2038 2153 2124 2211 25,
2144 2150 2229 2202 53.
2454 2198 2467 2213 ,

1428 2220 2021 2286 AlexanderEphesiuS‚
2044 2223 2196 2286 poeta
2216 2220 2447 2286 ineptae,

1494 2292 1560 2339 ad
1582 2292 1688 2343 Att.
1712 2292 1763 2354 2,
1784 2288 1867 2352 20,
1890 2288 1941 2341 6.
1964 2290 2040 2341 lb.
2072 2290 2155 2348 22,
2179 2290 2230 2338 7.

1425 2356 1757 2421 Alexander,
1798 2358 2055 2409 Ciceronis
2091 2358 2337 2419 libertus,
2382 2359 2451 2407 ad

1494 2432 1599 2481 Att.
1628 2426 1710 2490 13,
1732 2431 1782 2487 2,
1804 2430 1856 2479 2.

1425 2509 1791 2575 Alexandria,
1830 2518 1981 2577 caput
2014 2512 2268 2579 Aegypti,
2325 2512 2453 2561 Phi-

1494 2583 1624 2648 lipp.
1644 2582 1697 2643 8,
1718 2582 1769 2646 8,
1791 2580 1876 2631 23.
1913 2606 1985 2618 -—
2021 2582 2083 2631 de
2108 2581 2224 2645 lege
2256 2596 2375 2645 agr.
2401 2583 2452 2640 1,

1493 2652 1541 2708 1,
1582 2650 1631 2701 1.
1670 2678 1733 2687 —-
1770 2650 1903 2699 Ibid.
1945 2652 1994 2713 2,
2036 2649 2119 2709 16,
2156 2648 2247 2699 41.
2273 2675 2345 2685 ——
2374 2652 2452 2699 Ib.

1492 2722 1544 2780 2,
1582 2721 1664 2785 17,
1698 2720 1785 2771 44.
1823 2744 1893 2756 -
1933 2721 1982 2768 in
2022 2718 2194 2770 Pisou.
2231 2720 2323 2777 22,
2362 2719 2455 2769 51.

1493 2814 1563 2825 -
1603 2790 1753 2837 Verr.
1778 2795 2002 2838 accusat.
2030 2788 2081 2847 5,
2102 2786 2189 2848 56,
2213 2787 2341 2839 145.
2390 2789 2458 2836 de

1496 2858 1580 2909 off.
1604 2858 1656 2918 3,
1679 2856 1763 2916 12,
1784 2858 1866 2908 50.

1422 2940 1784 2997 Alexandrini
1814 2950 1969 2993 testes
1999 2942 2049 2991 in
2078 2942 2139 2991 A.
2166 2940 2457 2991 Gabinium

1493 3021 1542 3063 et
1579 3011 1632 3062 G.
1671 3012 1934 3061 Rabirium
1978 3012 2314 3071 Postumum,
2358 3027 2457 3076 pro

1489 3082 1617 3135 Rab.
1640 3082 1876 3133 Postumo
1904 3082 1985 3145 12,
2006 3078 2092 3131 34.

1421 3164 1785 3220 Alexandrini
1810 3166 1966 3231 legati
1992 3166 2058 3215 ad
2085 3172 2325 3215 senatum
2367 3166 2467 3213 ad-

1496 3253 1673 3287 versus
1716 3236 2080 3294 Ptolemaeum,
2123 3236 2188 3285 de
2226 3233 2459 3298 Ιιειιιερ.

1493 3323 1630 3372 resp.
1653 3306 1736 3365 16,
1757 3306 1842 3357 34.
1936 3347 1941 3353 .

1426 3388 1865 3526 Αἰῗέιξιὲιᾶῐίηυω
1883 3390 2091 3455 bellum,
2114 3389 2181 3439 ad
2204 3387 2342 3438 fam.
2371 3387 2463 3449 15,
