2500 3850
768 183 1704 233 PALA‘rmAn--PANAETIUS.
1821 194 1832 245 ς
2077 164 2083 173 ’
2157 170 2278 229 275

198 334 496 388 Palatinae
518 334 743 384 balneae.
788 336 867 384 Ad
898 351 983 384 eas
1006 336 1205 385 occisus

271 405 388 455 Sex.
428 405 668 463 RosciuS,
718 418 810 467 pro
860 402 981 454 Sex.
1022 406 1203 455 Roscio

199 510 487 592 Palatium
508 576 523 603 ,
580 548 786 602 quartae
837 544 1077 609 regionis.
1149 543 1203 590 In

267 611 455 660 Palatio
508 624 596 658 ara
638 612 977 661 vetustissima
1013 611 1203 668 FebriS,

272 680 332 729 de
362 679 463 743 leg.
487 680 548 741 2,
576 678 637 728 11
656 716 667 736 ,
700 680 785 729 28.
827 707 892 716 -
930 680 1099 729 Febris
1128 680 1203 728 fa-

268 762 387 797 num
416 748 469 796 in
505 747 725 809 Palatio,
767 750 828 797 de
859 764 909 797 n.
942 750 991 798 (1.
1031 748 1092 808 3,
1116 748 1199 809 25,

270 816 355 868 63.
379 842 449 851 -
476 818 532 864 In
555 832 613 865 eo
646 825 752 865 erat
772 816 1023 867 Saliorum
1045 820 1201 879 curia,

274 887 335 935 de
357 886 513 935 divin.
541 884 589 944 1,
617 886 699 945 17,
720 885 803 936 30.
836 912 905 921 —-
928 885 1092 935 Lucus
1105 888 1202 935 Ve-

271 964 378 1004 stae
416 968 445 1001 a
488 952 665 1001 Palatii
704 954 878 1005 radice
919 956 971 1002 in
1008 954 1203 1003 Novam

268 1027 401 1072 viam
442 1022 669 1072 devexus
712 1032 815 1082 est,
863 1026 925 1072 de
958 1024 1113 1073 divin.
1154 1023 1202 1087 1,

268 1093 352 1152 45,
379 1090 495 1141 101.
535 1091 597 1140 de
619 1098 740 1141 orat.
758 1092 809 1153 2,
834 1092 918 1152 65,
943 1091 1060 1142 263.

203 1158 523 1210 Palicanus.
556 1162 619 1207 V.
639 1158 857 1210 Lollius
877 1130 1198 1211 Palicanus.

202 1229 393 1292 Palla,
432 1230 583 1277 homo
605 1229 835 1292 1⁰·n0tus
874 1230 955 1279 cui
985 1230 1050 1277 Μ.
1080 1230 1201 1279 Cae-

269 1298 366 1347 lius
392 1299 523 1346 bona
544 1298 792 1361 eripuisse
812 1298 1088 1357 dicebatur,
1111 1314 1201 1361 pto

271 1366 437 1417 Caelio
463 1366 543 1425 10,
571 1367 657 1417 23.

200 1433 523 1486 Pallacinae
545 1436 687 1484 vicus
705 1472 718 1495 ,

269 1505 351 1564 45,
377 1504 492 1555 132.

201 1571 539 1623 Palladium.
635 1571 845 1637 Signum
868 1609 881 1630 ,
944 1573 1079 1634 quod
1141 1573 1203 1619 de

272 1643 410 1693 caelo
443 1643 711 1708 delapsum
734 1642 923 1690 Vestae
960 1640 1204 1689 custodiis

272 1714 579 1774 continetur,
618 1710 841 1775 Philipp.
871 1709 961 1775 ll,
997 1709 1089 1771 10,
1115 1711 1201 1759 24.

270 1795 361 1844 pro
382 1779 569 1829 Scauro
589 1781 649 1841 2,
669 1779 758 1833 48.

204 1847 389 1899 Pallas
412 1885 426 1912 ,
480 1858 624 1913 pater
668 1848 923 1897 Minervae
980 1847 1203 1908 quintae,

274 1934 399 1982 quae
443 1927 637 1984 patrem
674 1918 857 1967 dicitur
890 1917 1205 1966 interemisse

268 1989 607 2053 virginitatem
667 2002 808 2036 suam
872 1987 1062 2034 violare
1122 2001 1207 2035 co-

268 2064 499 2117 nantem,
540 2057 669 2105 den.
693 2057 741 2104 (1.
766 2055 813 2117 3,
837 2054 923 2113 23,
944 2054 1030 2105 59.

205 2124 393 2176 Pallas
418 2161 431 2188 ‚
470 2126 646 2174 eadem
685 2139 814 2186 quae
850 2124 1097 2173 Minerva.
1136 2148 1204 2158 -—

269 2194 438 2244 Pallas
478 2194 802 2256 doctissima,
842 2193 983 2246 Ar.at
1005 2207 1057 2241 v.
1081 2191 1199 2243 548.

205 2261 430 2327 Pauus,
469 2253 721 2324 Πάλτος,
758 2260 1001 2323 oppidum
1026 2260 1205 2324 Syriae

266 2331 707 2450 propelixrlagluklm,
746 2328 900 2377 hodie
918 2329 1103 2388 Baldo,
1141 2328 1207 2377 ad

294 2417 391 2449 am.
482 2436 495 2458 ,
584 2434 597 2461 ,
651 2434 661 2445 .

206 2467 568 2530 Pammenes,
638 2465 809 2514 rhetor
862 2464 1205 2527 AtheniensiS,

271 2538 495 2600 aequalis
552 2534 834 2597 Ciceronis,
890 2533 1207 2582 studiosissi-

272 2621 385 2656 mus
402 2603 759 2656 Demosthenis
778 2639 793 2666 ,
834 2609 958 2650 orat.
983 2600 1066 2662 30,
1092 2601 1203 2652 105.

270 2703 335 2711 -—
391 2675 630 2724 Exercuit
664 2673 731 2721 M.
774 2672 983 2719 Brutum
1006 2707 1019 2730 ,
1057 2670 1197 2721 Brut.

270 2743 364 2802 97,
399 2743 521 2796 332.
582 2767 640 2778 -
700 2741 958 2791 Pammeni
1000 2740 1204 2788 domum

277 2812 449 2862 CIcero
485 2812 747 2862 tutandam
777 2811 1094 2859 commendat
1114 2809 1205 2856 At-

272 2883 371 2932 tico
391 2917 405 2942 ,
445 2882 512 2932 ad
534 2883 632 2929 Att.
662 2880 711 2941 5,
734 2878 821 2938 20,
858 2879 937 2930 10.
964 2906 1029 2915 -
1058 2878 1206 2926 Pam-

274 2951 441 2999 menia
504 2950 593 2998 illa
646 2949 878 2999 Ciceroni
944 2961 1043 2996 non
1094 2946 1206 3012 pla-

274 3027 414 3074 cent,
453 3018 525 3066 lb.
546 3020 596 3078 6,
621 3019 671 3074 2,
701 3014 781 3065 10.

212 3084 557 3152 Pamphilus,
586 3087 807 3134 Platonis
824 3086 1041 3135 auditor.
1080 3085 1208 3133 Eum

272 3157 523 3220 Epicurus
556 3170 585 3204 a
622 3170 675 3205 se
706 3156 775 3202 ait
800 3153 939 3204 Sami
963 3154 1208 3218 auditum,

275 3225 502 3274 eumdem
518 3231 683 3272 tamen
699 3222 909 3272 mirifice
921 3223 1208 3284 contemnit,

277 3294 337 3342 de
360 3310 405 3340 n.
430 3294 479 3342 d.
511 3293 563 3355 1,
584 3291 668 3351 26,
694 3291 777 3340 70.

211 3357 555 3426 Pamphilus,
578 3361 765 3420 rhetor,
808 3360 869 3408 de
894 3367 1017 3409 orat.
1040 3357 1091 3420 3,
1120 3358 1207 3418 21,

758 1450 850 1499 pro
873 1434 993 1487 Sex.
1018 1434 1203 1482 Roscio

1277 335 1608 401 Pamphilus
1633 336 2007 402 LilybaetanuS,
2031 336 2282 385 Ciceronis

1346 408 1539 454 amicus
1562 413 1609 455 et
1635 405 1843 470 hospes,
1879 406 2025 456 Verr.
2057 414 2278 454 accusat.

1343 476 1394 537 4,
1419 475 1497 530 14,
1519 474 1604 523 32.

1275 540 1608 608 Pamphilus
1632 558 1808 593 servus
1822 543 1993 607 Attici,
2017 545 2080 591 ad
2104 545 2206 592 Att.
2229 544 2279 603 7,

1345 613 1395 675 2,
1417 616 1466 659 2.

1275 678 1633 747 Pamphylia,
1658 682 1798 745 regio
1813 680 1966 729 Asiae
1985 681 2197 730 minoris
2217 680 2283 727 ad

1343 764 1483 797 mare
1495 749 1915 798 mediterraneum
1930 751 2060 799 inter
2073 750 2280 812 Lyciam

1345 824 1394 867 et
1413 816 1640 867 Ciliciam
1657 853 1670 876 ,
1714 819 1780 866 ad
1811 818 1931 867 fam.
1955 817 2004 880 8,
2029 817 2078 877 9,
2099 817 2148 867 3.
2207 818 2279 865 lb.

1346 886 1430 945 12,
1463 886 1544 944 15,
1589 888 1637 935 7.
1680 914 1745 921 -—
1783 886 2084 951 Pamphylia
2121 885 2180 943 (i.
2233 888 2278 935 e'.

1346 956 1456 1004 eius
1518 954 1742 1019 incolae)
1799 955 2051 1003 volatibus
2108 956 2280 1003 avium

1346 1025 1676 1087 cantibusque
1707 1024 1956 1073 declarari
1983 1040 2062 1073 res
2085 1022 2279 1071 futuras

1341 1100 1484 1157 putat
1502 1131 1516 1153 ,
1555 1094 1617 1141 de
1640 1094 1798 1145 divin.
1833 1093 1879 1153 l,
1905 1093 1952 1156 1,
1975 1093 2024 1141 2.
2045 1120 2112 1129 —-
2134 1094 2280 1140 Pam-

1341 1162 1548 1226 phyliae
1577 1171 1719 1210 vetus
1758 1161 2005 1226 oppidum
2028 1169 2075 1209 et
2108 1160 2277 1209 nobile
2315 1204 2322 1211 .

1345 1232 1615 1294 Aspendus
1633 1268 1646 1291 ,
1668 1232 1816 1278 Verr.
1839 1239 2057 1279 accusat.
2085 1230 2110 1279 1
2134 1264 2148 1289 ,
2191 1228 2274 1292 20,

1343 1299 1427 1350 53.
1465 1300 1529 1347 de
1549 1301 1671 1362 imp.
1697 1297 1785 1349 Cn.
1809 1300 1987 1361 Pomp.
2012 1298 2091 1361 12,
2119 1296 2206 1349 35.

1273 1364 1616 1432 Pamphylii.
1673 1366 2072 1430 APamphyliis,
2112 1365 2280 1414 Cilici-

1344 1437 1466 1497 bus,
1503 1434 1719 1496 Pisidis,
1750 1433 1920 1498 Lyciis
1951 1434 2179 1495 auspicia
2209 1441 2281 1480 te-

1344 1512 1541 1565 nentur,
1585 1504 1646 1551 de
1672 1503 1825 1551 divin.
1851 1502 1896 1565 1,
1924 1503 2004 1562 15,
2027 1502 2113 1550 25.

1275 1569 1678 1637 Pamphylium
1726 1571 1927 1634 forum,
1978 1570 2043 1617 ad
2081 1572 2181 1617 Att.
2223 1569 2275 1630 5,

1344 1640 1428 1703 21,
1462 1641 1510 1691 9.

1277 1709 1431 1772 Pan,
1474 1716 1620 1758 natus
1661 1724 1723 1757 ex
1761 1708 2011 1757 Mercurio
2043 1707 2187 1755 tertio
2234 1714 2282 1754 et

1347 1778 1620 1843 Penelopa,
1661 1778 1724 1826 de
1748 1792 1797 1829 n.
1822 1778 1873 1825 d.
1897 1776 1946 1841 3,
1972 1778 2056 1833 22,
2073 1774 2158 1827 56.

1276 1845 1582 1897 Panaetius
1604 1845 1852 1908 Rhodius,
1875 1843 2094 1905 StoicuS,
2133 1853 2279 1893 natus

1347 1915 1548 1981 Olymp.
1585 1914 1724 1965 CLlI.
1769 1915 1904 1964 circa
1929 1930 1976 1964 a.
2008 1931 2058 1963 u.
2083 1930 2128 1964 c.
2155 1912 2276 1965 582.

1348 1986 1516 2033 floruit
1555 1985 1692 2032 circa
1719 1999 1765 2031 a.
1807 1999 1858 2032 u.
1900 2000 1942 2031 c.
1984 1981 2105 2032 610.
2128 2017 2143 2041 ,
2180 1996 2278 2043 quo

1348 2068 1478 2103 anuo
1499 2060 1726 2100 mortuus
1747 2053 1827 2112 sit,
1856 2065 1956 2099 non
1979 2057 2189 2099 constat.
2211 2081 2280 2090 —-

1346 2122 1630 2172 Familiaris
1687 2119 1944 2185 Scipionis
2000 2127 2049 2168 et
2103 2119 2276 2178 Laelii,

1347 2207 1502 2255 quum
1523 2191 1589 2240 ad
1608 2189 1666 2247 Q.
1688 2189 2005 2239 Tuberonem
2024 2189 2088 2238 de
2110 2188 2281 2238 dolore

1345 2260 1582 2326 patiendo
1601 2259 1860 2319 scriberet,
1899 2259 2034 2320 quod
2063 2273 2174 2306 esse
2195 2273 2280 2305 ca-

1343 2338 1437 2394 put
1471 2329 1683 2378 debebat
1705 2365 1718 2390 ,
1766 2330 1812 2377 si
1846 2328 2052 2392 probari
2088 2333 2280 2390 posset,

1345 2413 1618 2459 numquam
1635 2397 1821 2460 posuit,
1843 2410 1940 2444 non
1961 2409 2074 2443 esse
2093 2394 2281 2442 malum

1349 2467 1600 2529 dolorem,
1639 2465 1730 2513 sed
1749 2464 1872 2526 quid
1898 2469 2030 2511 esset
2065 2470 2112 2510 et
2132 2461 2281 2524 quale

1347 2544 1691 2597 quantumque
1722 2534 1775 2580 in
1801 2547 1860 2581 eo
1883 2533 2073 2581 inesset
2107 2531 2276 2591 alieni,

1348 2604 1530 2653 deinde
1543 2617 1670 2664 quae
1689 2603 1817 2650 ratio
1837 2607 1970 2650 esset
1989 2599 2281 2666 perferendi

1346 2681 1472 2734 etc.‚
1512 2671 1574 2721 de
1608 2669 1693 2723 fin.
1725 2672 1774 2732 4,
1797 2671 1844 2727 9,
1866 2669 1952 2724 23.
1997 2695 2056 2706 -
2092 2668 2280 2733 Diony-

1348 2741 1454 2791 sius
1493 2739 1630 2805 apud
1663 2739 1948 2790 Ciceronem
1989 2737 2280 2788 honoratior

1346 2809 1442 2858 fuit
1473 2825 1624 2872 quam
1671 2809 1806 2874 apud
1843 2809 2135 2873 Scipionem
2186 2807 2279 2856 Pa—

1347 2881 1543 2928 naetius
1559 2913 1574 2941 ,
1613 2878 1678 2927 ad
1697 2881 1797 2928 Att.
1819 2877 1870 2940 9,
1894 2877 1977 2937 12,
2000 2881 2049 2928 2.
2073 2903 2130 2914 --
2159 2877 2279 2924 Per-

1351 2961 1505 3012 saepe
1568 2946 1739 3011 Scipio
1787 2947 2058 2995 Africanus
2114 2947 2278 2993 minor

1351 3031 1466 3065 cum
1517 3016 1755 3064 Panaetio
1801 3016 2049 3062 disserere
2100 3012 2278 3059 solitus

1353 3092 1458 3133 erat
1519 3099 1686 3132 coram
1733 3082 1969 3146 Polybio,
2024 3079 2279 3140 multaque

1352 3152 1589 3216 colligere
1643 3165 1702 3199 ac
1755 3149 1973 3211 docere,
2033 3149 2277 3211 optimum

1351 3221 1501 3284 longe
1533 3225 1718 3267 statum
1751 3218 1864 3264 citit
1873 3184 1973 3264 atis²
1998 3231 2108 3263 esse
2145 3228 2277 3269 eum,

1351 3302 1500 3348 quem
1542 3286 1759 3333 maiores
1797 3286 1954 3332 nostri
1991 3283 2139 3333 uobis
2163 3281 2278 3329 reli-

1350 3355 1606 3416 quissent,
1642 3353 1764 3401 det.
1797 3367 1848 3415 p.
1889 3353 1934 3410 1,
1979 3352 2063 3413 21,
2107 3349 2190 3400 34.
2214 3373 2278 3382 -·

1347 3421 1534 3471 Habuit
1549 3421 1934 3512 Panaetiumffir
1937 3387 2276 3470 uditissimum

2464 2 2479 133 ’ἲ

2476 134 2481 315 l
