2500 3850
563 184 636 227 M.
666 181 958 251 'runnius
986 182 1059 229 M.
1083 181 1144 227 F.
1175 182 1247 229 iu.
1276 184 1344 227 N.
1373 180 1645 228 menno,
1782 208 1786 211 -
2045 170 2177 231 -413

154 338 325 388 stitum
347 338 561 399 rediret,
586 340 660 387 lb.
697 338 791 398 14,
828 335 912 387 32.
935 337 986 386 in
1015 338 1099 387 Pi-

156 422 278 457 son.-
301 404 392 470 10,
427 406 514 459 23.
550 435 616 443 --
645 408 820 469 ltaque
861 404 1036 456 Cicero
1069 422 1099 455 a

157 476 445 528 consulibus
466 484 513 525 et
533 477 594 525 ab
616 479 729 540 ipso
751 474 1098 539 Gn.Pon1peio

152 546 383 595 desertus
419 553 469 595 et
500 545 733 611 proditus
764 544 941 593 maluit
974 545 1096 594 urbe

157 616 336 665 cedere
357 630 509 677 quam
528 616 774 666 bonorum
800 614 958 663 vitam
985 629 1096 663 ser-

155 685 234 733 vis
260 686 466 735 armatis
497 684 746 743 obiicere,
777 697 871 747 pro
895 682 1026 735 Sest.
1055 699 1098 731 c.

157 754 221 805 16
239 768 352 817 sqq.
383 754 434 801 in
455 754 627 803 Pison.
652 751 734 814 14,
755 750 841 804 32.
865 779 931 787 -
951 752 1102 800 Venit

153 824 305 889 igitur
335 824 586 873 Vibonem
607 822 932 882 Atticumque
961 829 1016 871 ut
1040 836 1098 870 eo

153 891 324 941 veniat
341 899 504 957 rogat,
526 891 592 940 ad
609 891 714 941 Att.
739 890 791 950 3,
814 888 864 940 3.
882 889 1100 939 —Thu-

151 962 285 1010 rium
319 962 484 1021 venit,
513 961 584 1013 lb.
611 959 674 1020 3,
703 958 754 1009 ὃ.
779 986 849 997 -
867 959 1099 1009 Tarenti-

157 1045 273 1078 num
292 1067 306 1090 ,
329 1030 403 1081 lb.
429 1028 462 1079 3
477 1066 491 1090 ,
512 1030 562 1082 6.
585 1056 650 1064 —
671 1026 928 1077 Brundisii
955 1028 1092 1079 XlII.

154 1100 266 1149 dies
298 1106 547 1163 moratur,
585 1098 649 1147 ad
681 1097 802 1148 fani.
829 1098 922 1158 14,
949 1098 1010 1158 4,
1042 1098 1091 1145 2.

152 1195 217 1203 ·-
250 1167 662 1219 Thessalonicam
694 1166 862 1229 venit,
891 1167 958 1216 ad
991 1169 1092 1214 Att.

146 1236 202 1295 3,
222 1236 272 1299 8,
300 1239 344 1289 1.
365 1234 738 1287 -Incredibili
759 1250 986 1285 maerore
1007 1236 1097 1283 ad-

154 1302 320 1355 flictus
341 1316 388 1357 et
411 1305 668 1358 confectus
693 1310 785 1363 est,
807 1306 880 1359 ib.
900 1302 950 1367 3,
970 1303 1022 1362 8,
1041 1304 1092 1352 2.

153 1403 218 1411 —
254 1374 330 1425 De
365 1384 529 1427 morte
571 1374 852 1423 voluntaria
890 1373 1095 1437 cogitat,

153 1442 310 1499 lb.3‚
341 1444 476 1505 9,1.
518 1442 584 1491 ad
613 1442 672 1500 Q.
697 1441 762 1494 l'r.
785 1440 847 1503 3,
879 1440 906 1492 1
933 1456 1009 1503 sq.
1034 1466 1098 1475 —

152 1514 331 1563 Metuit
348 1528 412 1561 ne
431 1513 535 1562 sibi
549 1518 728 1561 noceat
751 1510 915 1568 oratio
937 1510 986 1557 in
1001 1507 1097 1557 Cu-

151 1583 348 1631 rionem
367 1582 592 1646 prolata,
611 1581 686 1632 lb.
710 1578 775 1639 3,
804 1580 869 1629 12
887 1614 900 1637 ,
934 1580 984 1629 2.
1033 1576 1095 1626 cl.

153 1653 224 1705 ib.
243 1650 293 1711 3,
318 1650 400 1712 15,
425 1650 474 1703 3.
508 1674 560 1691 -··-
585 1650 751 1713 Rogat
773 1650 1024 1705 Atticum,
1041 1652 1099 1693 ut

153 1722 251 1770 sibi
273 1734 338 1770 ex
355 1735 478 1785 agro
512 1733 605 1769 suo
625 1722 818 1767 tantum
839 1717 1094 1781 adsignet,

147 1796 394 1853 quantum
441 1804 534 1839 suo
589 1802 801 1853 corpore
855 1785 1098 1849 occupari

149 1860 344 1926 possit,
374 1859 447 1909 lb.
471 1856 532 1919 3,
556 1856 620 1907 19
636 1894 649 1916 ,
670 1854 723 1907 3.
745 1854 1098 1905 ——Thessalo·

149 1931 298 1980 nicae
343 1928 578 1978 Plancius
619 1940 734 1976 eum
773 1941 866 1991 per
903 1931 1102 1991 septem

152 2009 352 2048 menses
402 1999 582 2048 retinet
620 1996 854 2046 omnibus
894 1993 1096 2057 officiis,

151 2069 227 2120 lb.
249 2068 302 2127 3,
322 2067 404 2131 22,
430 2069 474 2118 1.
497 2095 566 2102 -
586 2066 774 2115 Fratris
795 2079 824 2114 e
843 2062 1101 2129 provincia

149 2136 448 2188 decedentis
509 2135 715 2184 videndi
777 2135 1099 2186 occasionem

149 2209 308 2269 vitat,
329 2206 403 2252 lb.
428 2203 490 2268 3,
513 2203 574 2263 9,
610 2205 660 2256 1.
695 2203 762 2254 ad
789 2203 848 2262 Q.
870 2202 934 2252 fr.
959 2202 1016 2261 1,
1047 2201 1096 2263 3,

155 2277 204 2326 1.
245 2304 316 2313 ——
351 2273 411 2321 Ei
461 2271 654 2336 gratias
703 2271 810 2336 agit
853 2285 1099 2332 suamque

151 2359 364 2394 uxorem
388 2349 436 2392 et
455 2341 640 2391 liberos
663 2340 998 2398 commendat,
1022 2339 1096 2387 Π).

155 2412 203 2475 1,
225 2411 277 2474 3,
300 2411 382 2462 10.
401 2436 474 2449 —-
491 2409 676 2460 Scribit
695 2409 764 2459 ad
781 2409 1022 2468 Atticum,
1045 2421 1100 2455 se

149 2482 294 2544 quod
311 2480 462 2532 amici
481 2479 638 2530 velint
654 2479 785 2528 bene
816 2479 880 2526 de
898 2476 1100 2526 fortuna

150 2566 250 2601 ‚sua
269 2557 589 2614 speraturam
607 2587 621 2610 ,
647 2562 794 2598 suam
824 2555 991 2595 tamen
1017 2560 1100 2594 ca-

153 2619 431 2670 lamitatem
451 2619 522 2669 ita
539 2633 777 2684 magnam
801 2631 914 2665 esse
927 2650 944 2680 ,
963 2621 1019 2663 ut
1037 2615 1101 2663 ab

151 2690 326 2739 Attico
347 2689 518 2752 potius
537 2687 841 2738 relevandus
861 2698 1014 2748 quam
1037 2684 1100 2734 ob

153 2759 316 2808 animi
354 2757 694 2808 infirmitatem
749 2753 1102 2818 obiurgandus

149 2828 252 2890 sit,
285 2827 352 2876 ad
383 2827 486 2876 Att.
519 2826 572 2886 3,
603 2825 693 2884 10,
722 2823 806 2874 11.
841 2849 906 2860 --
939 2821 1103 2888 Negat

150 2912 210 2946 se
223 2933 238 2960 ,
266 2895 408 2957 quod
425 2895 622 2943 Atticus
641 2893 899 2955 audierat,
919 2892 1102 2942 mentis

151 2978 329 3016 errore
348 2978 412 3013 ex
434 2963 606 3014 dolore
626 2961 801 3025 adfici,
835 2962 909 3013 lb.
929 2960 992 3023 3,
1015 2959 1100 3024 ts,

148 3035 206 3085 2.
218 3059 289 3070 ·-·
301 3032 413 3086 Kal.
436 3033 543 3086 [un.
563 3038 770 3080 senatus
787 3030 851 3080 de
865 3029 1103 3082 Cicerone

151 3103 443 3153 revocando
486 3101 714 3152 decernit
748 3099 996 3150 referente
1040 3101 1098 3155 L.

152 3171 343 3222 Ninnio
377 3172 495 3220 trib.
516 3172 588 3236 pl.
620 3171 906 3220 intercessit
935 3178 1101 3220 autem

151 3239 336 3291 Aelius
354 3240 514 3306 Ligus
531 3240 766 3289 tribunus
783 3239 949 3304 plebis
961 3276 976 3300 ‚
1009 3255 1102 3306 prro

155 3307 292 3358 Sest.
329 3323 372 3358 c.
407 3309 491 3364 32.
529 3335 601 3347 -
637 3308 793 3374 Spem
829 3308 1010 3358 salutis
1040 3324 1104 3358 ex

151 3377 474 3429 tribunorum
511 3381 562 3427 in
597 3393 784 3428 annum
814 3379 1116 3442 proximum.

152 3447 540 3514 designatorum
563 3446 738 3519 favore
764 3447 1006 3512 conc-ipit,
1027 3446 1102 3496 lb.

1239 338 1291 396 3,
1317 336 1399 396 13,
1423 338 1469 390 l.
1493 337 1556 386 ad
1578 336 1633 395 Q.
1656 336 1717 385 fr.
1744 338 1791 398 1,
1814 340 1861 394 4,
1886 338 1934 385 2.
1960 364 2025 372 -—
2046 335 2181 385 Scri-

1241 408 1311 455 bit
1326 443 1340 469 ,
1362 408 1406 455 si
1428 406 1623 457 Atticus
1654 414 1739 455 aut
1760 406 1890 455 alius
1920 408 2035 468 quis
2054 406 2182 455 fuis-

1237 484 1333 536 set,
1357 476 1441 537 qui
1468 490 1523 524 se
1543 476 1774 539 Pompeii
1795 476 1960 523 minus
1980 475 2180 525 liberali

1239 545 1451 595 consilio
1480 546 1800 608 perterritum
1829 558 1859 593 a
1883 543 2179 608 turpissimo

1243 614 1453 663 consilio
1476 630 1539 663 ex
1568 614 1691 663 urbe
1719 614 2013 663 discedendi
2035 628 2181 662 revo-

1241 692 1411 745 caret,
1440 682 1667 733 futurum
1698 682 1885 744 fuisse,
1914 690 1969 730 ut
1994 690 2079 731 aut
2098 698 2179 731 oc-

1241 752 1499 803 cumberet
1517 752 1727 802 honeste
1750 760 1837 801 ant
1856 753 2015 801 victor
2032 752 2183 801 hodie

1241 823 1463 883 viveret,
1486 822 1550 871 ad
1574 820 1677 871 Au.
1700 820 1750 881 3,
1776 822 1856 881 15,
1879 822 1929 870 4.
1945 848 2011 857 —
2028 820 2181 871 Thes-

1241 890 1466 941 salonica
1497 890 1863 956 Dyrrhachium
1903 890 2181 954 proficisci-

1239 968 1351 1019 tur,
1382 960 1455 1009 ΙΙ).
1479 959 1537 1020 3,
1568 961 1661 1019 22,
1690 962 1743 1013 4.
1782 960 1847 1009 ad
1868 958 1988 1010 fam.
2018 961 2108 1022 14,
2135 960 2183 1021 1,

1242 1033 1291 1080 7.
1332 1058 1402 1068 —-
1435 1030 1489 1077 In
1522 1028 1636 1093 lege
1669 1029 1849 1079 salutis
1878 1043 2001 1079 suae
2032 1043 2184 1078 causa

1238 1098 1301 1147 ab
1353 1104 1463 1148 octo
1499 1098 1718 1147 tribunis
1756 1098 1917 1162 plebis
1957 1098 2185 1163 promul-

1237 1174 1356 1232 gata
1391 1166 1511 1229 quid
1541 1166 1792 1217 desideret
1825 1167 1989 1217 Attico
2030 1183 2185 1232 expo·
2240 1210 2247 1214 .

1239 1238 1341 1299 nit,
1364 1237 1430 1285 ad
1449 1236 1553 1285 Att.
1575 1233 1633 1298 3,
1656 1235 1752 1296 23,
1777 1236 1803 1286 1
1826 1252 1937 1298 sqq.
1963 1264 2031 1271 —
2052 1236 2185 1287 Scri-

1237 1306 1313 1355 bit
1364 1304 1465 1353 sibi
1512 1318 1611 1353 non
1656 1303 1859 1367 placere
1910 1306 2183 1356 amicorum

1239 1387 1491 1423 consensu
1558 1373 1850 1435 provincias
1922 1374 2183 1422 consulum

1242 1442 1623 1505 designatorum
1656 1448 1856 1490 ornatas
1876 1456 2015 1502 esse,
2048 1444 2184 1505 quod

1241 1519 1475 1576 vereatur
1498 1523 1565 1558 nc
1600 1523 1662 1558 ea
1696 1523 1781 1559 res
1814 1524 2062 1561 novorum
2092 1514 2185 1561 tri-

1239 1582 1489 1630 bunorum
1520 1577 1657 1643 pleb.
1690 1579 1885 1630 enlmos
1922 1595 1953 1629 a
1981 1596 2036 1631 se
2058 1582 2182 1630 alie-

1239 1657 1324 1699 net
1338 1685 1351 1708 ,
1372 1649 1444 1702 lb.
1467 1646 1499 1699 3
1514 1685 1529 1711 ,
1551 1647 1619 1697 24
1635 1684 1647 1705 ,
1671 1649 1721 1699 1.
1742 1674 1809 1685 -
1830 1648 2045 1699 Senatus
2065 1664 2184 1701 con·

1238 1718 1374 1768 sulto
1392 1718 1455 1766 de
1474 1717 1587 1782 lege
1601 1715 1856 1767 Ciceronis
1882 1721 2183 1770 restituendi

1239 1802 1393 1837 causa
1428 1785 1636 1835 ferenda
1666 1785 1799 1837 facto
1828 1789 2004 1837 scribit
2029 1804 2085 1837 se
2112 1789 2181 1838 le·-

1238 1858 1323 1921 gis
1375 1854 1613 1905 lationem
1650 1863 2085 1921 exspectaturum,
2136 1860 2183 1907 si

1239 1927 1356 1990 quis
1388 1933 1555 1975 autem
1592 1925 1825 1974 tribunus
1854 1927 1987 1993 pleb.
2026 1929 2180 1977 inter-

1239 1995 1476 2060 cesserit,
1506 1995 1805 2044 auctoritate
1834 2005 2040 2048 senatus
2062 2011 2183 2046 usu-

1237 2079 1353 2114 rum
1376 2071 1425 2114 et
1455 2063 1535 2113 vel
1566 2078 1681 2112 cum
1712 2064 1846 2113 vitae
1876 2066 2101 2130 periculo
2133 2068 2183 2116 in

1239 2135 1458 2200 patriam
1476 2132 1757 2182 rediturum
1776 2169 1789 2193 ‚
1812 2133 1887 2184 Ib.
1914 2135 1962 2196 3,
1986 2133 2071 2187 26.

1183 2237 1188 2242 ·
1256 2252 1263 2259 ,
1310 2205 1374 2254 Α.
1394 2219 1449 2252 u.
1474 2217 1519 2256 c.
1545 2201 1667 2254 697.
1696 2208 1795 2256 aet.
1828 2203 1887 2252 L.
1913 2204 1968 2256 P.
1998 2204 2185 2254 Gorne-

1239 2273 1309 2323 lio
1330 2271 1544 2322 Lentulo
1565 2269 1835 2336 Spinthere
1854 2281 1902 2322 et
1926 2271 1983 2332 Q.
2007 2273 2183 2324 Caeci-

1239 2341 1311 2392 lio
1338 2340 1539 2391 Metello
1574 2355 1707 2390 coss.
1748 2339 1923 2390 Cicero
1962 2342 2184 2406 primum

1236 2409 1471 2470 Metello,
1521 2410 1609 2471 qui
1654 2409 1889 2473 deposita
1930 2411 2185 2460 simultate

1239 2479 1509 2529 Lentulum
1537 2479 1591 2526 in
1624 2491 1683 2526 co
1706 2479 2017 2528 restituendo
2042 2479 2185 2528 adiu-

1238 2554 1409 2611 verat,
1452 2547 1643 2612 gratias
1691 2547 1831 2612 agit,
1880 2561 2095 2609 eumque
2131 2556 2186 2596 ut

1241 2631 1392 2682 opem
1415 2617 1513 2666 sibi
1543 2615 1677 2665 ferre
1708 2624 1888 2681 pergat
1914 2624 2088 2682 rogat,
2120 2619 2186 2666 ad

1241 2686 1365 2736 farn.
1398 2686 1458 2750 5,
1492 2687 1547 2738 4.
1576 2710 1645 2722 -
1672 2685 1916 2736 Kalendis
1936 2687 2185 2737 Ianuariis

1241 2770 1399 2818 quum
1428 2755 1493 2805 de
1528 2752 1768 2804 Cicerone
1796 2755 1973 2804 consul
2001 2756 2187 2806 Lentu·

1241 2823 1323 2876 lus
1356 2825 1422 2875 ad
1453 2831 1683 2874 senatum
1711 2825 2011 2890 rettulisset,
2045 2827 2185 2888 prin·

1243 2909 1367 2958 ceps
1389 2893 1693 2946 sententiam
1723 2902 1931 2960 rogatus
1963 2895 2021 2944 L.
2042 2893 2187 2944 Cotta

1243 2964 1375 3013 dixit
1391 2961 1521 3013 nihil
1542 2963 1604 3012 de
1626 2963 1865 3015 Cicer-one
1884 2970 2052 3030 actum
2072 2978 2186 3013 esse

1243 3033 1379 3093 iure,
1412 3031 1539 3081 nihil
1573 3047 1713 3081 more
1746 3033 2027 3089 maiorum,
2061 3031 2187 3080 nihil

1242 3101 1461 3166 legibus,
1478 3115 1579 3163 qua
1590 3115 1644 3148 re
1664 3115 1797 3164 eum,
1813 3101 1899 3162 qni
1919 3100 2054 3150 nulla
2072 3100 2187 3166 lege

1243 3172 1470 3231 abesset,
1492 3183 1593 3218 non
1615 3168 1810 3218 restitui
1832 3168 1945 3236 lege
1958 3207 1973 3231 ,
1992 3171 2085 3220 sed
2106 3185 2187 3219 re-

1245 3239 1415 3289 vocari
1462 3244 1666 3288 senatus
1707 3239 2001 3289 anctoritate
2039 3253 2189 3304 opor-

1241 3317 1368 3368 tere,
1388 3321 1481 3372 pro
1502 3305 1636 3357 Sest.
1655 3305 1741 3368 34,
1764 3307 1847 3360 73.
1860 3333 1931 3346 -
1948 3307 2050 3358 Sed
2072 3315 2189 3372 post

1245 3391 1361 3426 eum
1382 3376 1470 3426 Cn.
1498 3377 1771 3442 Pompeius
1798 3379 1931 3428 dixit
1956 3393 2069 3428 sese
2099 3378 2190 3426 otii

1245 3443 1503 3496 Ciceronis
1523 3460 1676 3496 causa
1688 3481 1705 3508 ,
1722 3452 1778 3495 ut
1797 3441 1930 3498 omni
1948 3445 2190 3514 populari
