2500 3850
249 203 370 265 430

247 369 440 429 Tutia,
464 370 530 419 ad
550 371 654 424 Att.
683 370 766 429 16,
789 372 836 429 2,
863 371 912 420 5.

246 438 444 499 Tutor,
466 440 650 488 mimus
662 447 826 497 vetus,
848 434 1038 503 oppido
1063 440 1257 488 ridicu-

271 518 276 525 ·
315 508 408 566 lus»,
433 508 497 557 de
519 518 644 570 orat.
669 512 720 571 2,
747 507 830 571 64,
857 506 976 559 259.

247 575 431 643 Tyba,
472 578 626 627 Asiae
653 577 926 641 oppidum,
967 591 1128 640 prope
1158 578 1254 625 Eu-

313 645 544 709 phratem
565 646 720 695 hodie
737 645 912 705 Taibe,
936 646 1002 693 ad
1022 645 1142 694 fam.
1167 645 1249 703 15,

243 752 445 849 Tycha
465 784 575 833 sive
599 780 817 850 Tyche,
843 784 986 832 tertia
1015 783 1136 831 urbs
1159 780 1252 847 Sy-

312 854 526 916 racusis,
553 853 625 907 ita
659 853 930 917 nominata,
962 852 1100 913 quod
1119 852 1169 899 in
1193 866 1254 899 ea

309 930 455 984 parte
492 922 738 971 Fortunae
779 920 952 971 fanum
987 922 1251 983 antiquum

312 989 423 1048 fuit,
458 992 606 1044 Verr.
629 1000 849 1039 accusat.
874 994 926 1048 4,
946 988 1031 1049 53,
1060 987 1176 1037 119.

242 1054 615 1127 Tympanidis
659 1074 814 1123 rogus
831 1096 844 1117 ,
893 1058 1034 1106 loeus
1080 1072 1250 1106 corru-

309 1134 443 1191 ptus,
471 1126 534 1175 de
555 1142 606 1178 n.
632 1128 682 1175 d.
706 1127 756 1187 3,
781 1126 864 1185 35,
887 1126 972 1176 84.

243 1193 596 1262 Tyndareus,
637 1195 1060 1259 Clytaemnestrae
1088 1202 1250 1260 pater,

312 1266 376 1313 de
400 1262 503 1313 fato
525 1264 609 1327 15,
632 1264 718 1315 34.
733 1291 802 1301 —
819 1264 1044 1328 Tyndari
1064 1278 1248 1329 proge-

305 1336 438 1393 nieS,
469 1330 647 1381 Castor
676 1340 724 1383 et
749 1332 947 1395 Pollux,
981 1331 1164 1397 fragm.
1197 1348 1245 1396 p.

242 1468 621 1537 Tyndaridae,
664 1470 843 1519 Castor
871 1478 918 1519 et
945 1470 1144 1530 Pollux,
1187 1470 1250 1519 de

311 1547 436 1590 orat.
469 1542 521 1601 2,
559 1538 645 1599 86,
680 1537 800 1589 352.
833 1566 904 1575 —-
929 1539 1249 1603 Tyndaridae

306 1608 489 1658 fratres
546 1621 646 1655 non
701 1607 850 1657 modo
893 1608 1150 1658 adiutores
1196 1609 1249 1656 in

309 1676 520 1741 proeliis
568 1676 812 1725 victoriae
856 1676 1035 1742 populi
1078 1676 1247 1736 Rom.‚

309 1747 399 1795 sed
427 1745 578 1793 etiam
605 1746 778 1793 nuncii
799 1744 958 1795 fuisse
983 1745 1250 1809 perhiben-

307 1824 408 1874 tur,
440 1812 648 1866 Tuscul.
674 1814 723 1873 1,
749 1814 831 1875 12,
855 1814 938 1864 28.
962 1842 1030 1851 -
1049 1814 1250 1878 Tynda-

307 1884 450 1934 ridae
477 1883 665 1934 Persen
702 1883 891 1932 vietum
929 1884 1248 1949 nunciarunt,

310 1955 372 2003 de
393 1969 443 2002 n.
467 1953 519 2005 d.
549 1955 600 2012 2,
633 1953 684 2017 2,
717 1951 768 2002 6.
790 1980 860 1989 -
891 1953 1140 2004 Homerus
1161 1968 1248 2002 eos

309 2022 534 2087 sepultos
567 2037 678 2070 esse
712 2022 832 2072 dicit
850 2023 1248 2083 Lacedaemone,

307 2092 382 2142 lb.
417 2089 465 2155 3,
501 2093 549 2149 5,
593 2090 677 2141 11.
716 2118 786 2127 -·
818 2090 1060 2141 Coluntur
1096 2100 1148 2140 ut
1179 2092 1248 2149 di,

311 2160 445 2208 den.
471 2159 520 2207 d.
548 2158 596 2214 3,
634 2157 708 2218 15,
737 2158 820 2210 39.

241 2223 630 2294 Tyndaritana
661 2227 834 2275 Sicilia
864 2229 1062 2289 civitae„
1102 2229 1244 2276 Verr.

309 2302 530 2344 accusat.
565 2294 618 2357 3,
653 2294 738 2356 43,
777 2295 886 2347 103.
909 2297 1248 2362 —Tyndari-

307 2366 412 2414 tani
441 2363 653 2414 libenter
675 2366 972 2429 praedicant
1001 2381 1057 2416 se
1088 2369 1139 2414 in
1165 2381 1246 2415 se·

305 2434 610 2500 ptemdeeim
655 2435 860 2499 populis
903 2434 1110 2484 Siciliae
1155 2450 1248 2484 nu-

310 2504 512 2562 merari,
532 2503 602 2551 Ib.
627 2503 678 2566 5,
696 2504 782 2562 47,
809 2505 923 2557 124.
940 2532 1004 2540 —-
1025 2506 1092 2554 Iis
1112 2504 1249 2555 Afri-

312 2587 474 2635 canus.
495 2571 661 2620 minor
680 2573 900 2621 reddidit
921 2573 1248 2622 simulacrum

313 2640 560 2697 Mercurii,
600 2639 934 2702 pulcherrime
973 2641 1178 2700 factum,
1219 2656 1248 2690 a

305 2707 812 2770 Karthaginiensibus
849 2710 968 2757 olim
1001 2711 1244 2770 oblatum,

307 2777 382 2824 lb.
415 2779 466 2834 4,
497 2773 584 2834 39,
619 2774 706 2825 84.
726 2802 796 2811 —
825 2779 1002 2827 Verris
1029 2785 1247 2828 statuam

308 2850 592 2907 equestrem
631 2845 921 2894 deiecerunt
961 2846 1011 2894 in
1049 2846 1158 2896 foro
1199 2855 1248 2896 et

308 2929 492 2978 equum
513 2914 714 2962 inanem
735 2913 1064 2980 reliquerunt,
1093 2917 1166 2965 Ib.
1193 2919 1246 2978 2,

307 2985 394 3045 66,
433 2983 546 3036 160.

241 3049 552 3120 Tyndaris,
605 3052 784 3101 civitas
832 3049 1056 3112 Siciliae,
1095 3055 1242 3105 Verr.

309 3131 529 3172 accusat.
551 3123 602 3178 5,
631 3121 717 3186 49,
751 3120 868 3174 128.

239 3188 463 3258 Typho.
516 3192 637 3239 Eius
677 3191 901 3240 anhelitu
930 3193 1138 3241 Aetnam
1167 3207 1244 3241 ar-

309 3261 428 3310 dere
448 3261 637 3320 dicunt,
663 3275 752 3324 pro
771 3259 962 3310 Scauro
985 3262 1036 3323 2,
1067 3261 1152 3314 29.

237 3323 556 3397 Tyr-acinus
585 3329 879 3391 Helorinus»,
918 3331 1063 3383 Verr.
1096 3345 1239 3378 aceu-

307 3405 397 3446 sat.
429 3397 480 3452 3,
511 3397 595 3450 56,
629 3398 743 3450 129.

238 3461 551 3532 Tyrannio,
585 3467 945 3529 grammaticus
963 3474 1010 3514 et
1028 3479 1243 3530 geogra-

974 215 1186 262 TUTIA
1219 236 1299 248 —-
1334 214 1607 262 ULIXES.

1374 370 1532 435 -phus
1580 370 1668 431 qni
1715 368 1972 419 Ciceronis
2020 370 2330 433 temporibus

1396 440 1541 499 vixit,
1564 438 1629 489 ad
1649 438 1707 497 Q.
1732 438 1795 491 fr.
1814 438 1865 500 2,
1887 440 1940 495 4,
1960 440 2013 490 2.
2032 464 2100 473 ·--
2122 436 2328 488 Ordina-

1397 510 1469 556 vit
1482 507 1842 557 bibliothecam
1858 506 2136 566 CiceroniS,
2150 507 2217 555 ad
2230 508 2330 555 Att.

1392 580 1444 636 4,
1475 580 1509 627 4
1526 577 1577 635 b,
1611 576 1657 625 1.
1702 576 1776 625 Ib.
1798 580 1848 636 4,
1872 576 1906 625 8
1925 592 1973 635 a,
1996 579 2046 627 2.
2070 600 2138 611 -
2160 576 2333 624 Erato-

1392 646 1597 695 sthenes
1636 644 1787 693 valde
1821 661 1853 694 a
1880 644 2160 709 Serapione
2198 652 2246 693 et
2273 645 2337 691 ab

1390 714 1677 779 Hipparcho
1717 714 2136 779 reprehenditur,
2184 715 2333 762 etiam

1394 801 1423 833 a
1441 784 1777 849 Tyrannione,
1818 784 1885 832 ad
1905 785 2004 831 Att.
2026 784 2077 844 2,
2108 781 2161 843 6,
2198 782 2247 831 1.
2270 808 2333 819 -—

1392 854 1465 903 De
1486 852 1655 915 aliquo
1676 853 1785 902 eius
1799 852 1944 911 libro,
1968 852 2035 900 ad
2055 853 2159 900 Att.
2183 852 2262 912 12,
2282 851 2330 909 6,

1396 924 1445 972 1.
1487 922 1555 971 ad
1576 922 1635 981 Q.
1658 920 1719 970 fr.
1740 918 1791 980 3,
1822 922 1873 981 4,
1904 922 1954 971 5.
1978 946 2049 955 -—-
2080 920 2334 979 Cessator,

1393 992 1469 1041 Ib.
1494 990 1543 1051 3,
1576 992 1625 1051 5,
1656 988 1708 1039 6.
1749 988 1933 1039 Confer
1964 990 2117 1037 etiam
2138 990 2207 1039 ad
2230 991 2329 1040 Att.

1394 1061 1479 1121 12,
1510 1062 1561 1118 2,
1590 1060 1643 1111 2.
1682 1060 1757 1107 lb.
1783 1060 1866 1123 12,
1898 1060 1949 1117 7,
1978 1060 2028 1107 2.

1325 1126 1502 1196 Tyria
1522 1142 1769 1191 purpura,
1795 1142 1886 1191 pro
1906 1128 2082 1176 Flacco
2102 1126 2190 1188 29,
2214 1128 2295 1179 70.

1300 1193 1509 1265 Tyrii.
1558 1195 1776 1245 Senatus
1814 1198 1890 1245 eis
1927 1196 2074 1245 datus
2112 1211 2160 1248 a.
2195 1212 2248 1249 u.
2284 1213 2328 1245 e.

1391 1266 1531 1323 700.,
1574 1266 1639 1314 ad
1671 1265 1731 1324 Q.
1764 1264 1823 1314 fr.
1846 1268 1897 1325 2,
1934 1264 1993 1315 11
2016 1265 2157 1327 (13),
2191 1266 2243 1315 2.
2264 1290 2331 1302 -

1389 1335 1529 1399 Tyrii
1547 1335 1722 1399 magni
1739 1333 1997 1383 faciebant
2008 1333 2061 1385 G.
2077 1333 2327 1391 Cassium,

1390 1403 1614 1468 Philipp.
1636 1403 1722 1462 11,
1747 1402 1828 1461 13,
1858 1403 1943 1455 35.

1324 1470 1627 1541 Tyrrheni.
1664 1472 1879 1537 ‘Lydius
1891 1470 2187 1535 Tyrrhenae
2210 1486 2331 1536 geu-

1388 1544 1453 1591 tis
1472 1542 1729 1606 haruspex
1744 1546 1779 1603 ',
1802 1540 1866 1590 de
1886 1540 2045 1590 divin.
2070 1539 2117 1599 1,
2142 1541 2223 1600 12,
2251 1539 2330 1589 19.

1320 1607 1658 1677 Tyrrhenia,
1681 1608 1865 1675 fragm.
1888 1624 1943 1674 p.
1966 1608 2089 1661 290.
2279 1656 2283 1660 .

1320 1678 1681 1747 Tyrrhenum
1705 1693 1859 1737 mare,
1891 1678 2073 1743 fragm.
2096 1692 2148 1743 p.
2174 1676 2295 1729 343.

1322 1747 1653 1816 Tyrrhenus
1705 1762 1733 1795 e
1794 1747 2025 1797 Maeonia
2072 1746 2333 1811 profectus

1390 1826 1587 1883 partem
1625 1815 1802 1865 Italiae
1839 1816 2000 1865 tenuit
2035 1824 2084 1865 et
2116 1815 2335 1881 Tyrrhe-

1389 1889 1528 1938 niam
1548 1886 1845 1950 nominavit,
1865 1884 2051 1950 fragm.
2077 1900 2129 1950 p.
2154 1884 2278 1936 290.

1323 1955 1531 2024 Tyrus.
1586 1956 1758 2006 Venus
1785 1962 1981 2018 quarta,
2010 1953 2153 2020 Syria
2172 1954 2335 2020 Tyro-

1391 2041 1489 2087 que
1526 2032 1796 2090 concepta,
1839 2036 1971 2084 quae
2004 2023 2208 2072 Astarte
2241 2037 2336 2072 vo-

1390 2101 1555 2155 catur,
1616 2108 1769 2156 qnam
1815 2092 2039 2144 Adonidi
2091 2092 2337 2156 nupsisse

1388 2164 1646 2227 proditum
1666 2169 1761 2220 est,
1786 2161 1849 2210 de
1868 2176 1917 2211 n.
1943 2161 1994 2210 d.
2016 2159 2067 2220 3,
2094 2160 2181 2225 23,
2208 2159 2296 2213 59.

1323 2232 1532 2300 Tyrus,
1553 2234 1674 2282 urbs
1693 2229 1971 2280 Phoenices
1990 2229 2173 2294 prima.
2212 2229 2337 2294 Tyri

1388 2301 1610 2350 maxime
1639 2299 1820 2350 colitur
1839 2298 2081 2349 Hercules
2102 2305 2335 2360 quartus,

1388 2371 1521 2420 Iovis
1542 2378 1591 2419 et
1610 2370 1842 2419 Asteriae
1863 2367 2014 2428 filius,
2036 2369 2103 2420 de
2123 2384 2173 2421 n.
2202 2368 2257 2420 d.
2283 2366 2333 2426 3,

1391 2438 1471 2499 16,
1495 2440 1578 2488 42.
1617 2439 1683 2488 ad
1702 2439 1805 2486 Att.
1826 2435 1878 2499 9,
1899 2437 1952 2500 9,
1972 2439 2022 2488 2.

1320 2623 1580 2690 Ufentina
1619 2641 1811 2700 tribuS,
1858 2652 1951 2703 pro
1990 2639 2197 2688 Plancio
2244 2637 2330 2696 16,

1316 2769 1529 2832 Ulixes.
1577 2780 1633 2826 In
1664 2777 2008 2842 suspicionem
2035 2776 2178 2826 venit
2209 2776 2333 2824 Aia-

1388 2863 1495 2896 cem
1517 2848 1578 2896 ab
1600 2863 1658 2896 eo
1674 2847 2017 2896 interfectum:
2038 2845 2331 2894 rhetori-bus

1388 2916 1678 2981 exemplum
1690 2915 2058 2966 constitutionis
2074 2914 2332 2964 coniectu-

1388 2985 1540 3044 ralis,
1588 2986 1651 3034 ad
1694 2986 1803 3032 Her.
1840 2985 1887 3039 1.
1928 2984 2011 3046 11,
2045 2982 2125 3032 18.
2170 2983 2243 3034 lb.
2275 2982 2329 3040 2,

1389 3052 1472 3113 19,
1512 3053 1580 3104 28
1611 3062 1658 3103 et
1693 3052 1781 3104 30.
1830 3053 1893 3102 de
1922 3053 2025 3101 inv.
2062 3051 2106 3110 l,
2142 3050 2195 3110 8,
2242 3051 2325 3100 11.

1384 3121 1459 3171 Ib.
1513 3122 1569 3180 1,
1630 3121 1731 3182 40,
1777 3121 1863 3172 92.
1910 3147 1971 3155 -
2030 3119 2111 3169 Ad
2154 3119 2331 3169 hostes

1385 3192 1601 3240 transire
1632 3201 1776 3255 turpe²
1810 3191 2026 3243 videtur,
2062 3196 2113 3237 at
2140 3202 2242 3236 non
2267 3201 2330 3236 eo

1384 3261 1571 3319 animo,
1608 3275 1708 3322 quo
1732 3257 1909 3310 Ulixes
1942 3259 2154 3309 transiit.
2178 3257 2252 3309 lh.
2272 3257 2329 3315 2,

1386 3329 1472 3389 58,
1509 3329 1621 3381 176.
1654 3357 1719 3366 -
1756 3328 1993 3377 Maestior
2024 3327 2252 3390 pingitur
2274 3325 2331 3373 in
2396 3357 2405 3366 -

1383 3397 1554 3447 tabula
1584 3398 1865 3446 Timanthis
1899 3395 2197 3462 Iphigeniae
2228 3396 2331 3444 im—

1383 3467 1706 3517 molationem
1744 3467 2030 3531 exhibente,
2068 3477 2194 3516 orat.
2235 3466 2331 3524 22,
