2500 3850
846 227 1206 287 QmULLms
1233 226 1508 279 clolano.
1842 239 1847 245 ·
2110 214 2239 274 425

227 392 441 449 peteret,
467 383 532 432 ad
553 382 656 435 Att.
682 382 729 442 1,
755 384 808 439 4,
836 384 879 431 l.
907 410 972 417 -—-
993 381 1166 433 Offen-

229 455 333 502 sior
353 454 401 501 in
422 453 772 514 Pomponiam,
793 451 862 500 lb.
889 452 934 510 l,
959 452 1008 511 5,
1032 454 1166 504 2.*-

230 520 354 571 Cum
377 536 436 571 ea
455 522 504 569 in
525 520 739 585 gratiam
763 520 910 583 redit,
947 521 1020 568 Ib.
1047 522 1092 583 1,
1113 521 1163 579 6,

229 593 278 640 2.
316 592 390 639 Ib.
418 590 464 646 1,
488 588 566 651 10,
599 588 650 639 5.
675 616 744 624 —-
773 589 832 648 Q.
855 589 943 651 qui
965 590 1165 655 Argile-

229 660 331 709 tani
349 658 568 707 aedilicii
599 656 848 719 reliquum
869 660 1166 708 dodrantem

231 729 351 777 emit
395 728 454 779 H.
493 726 546 775 S.
585 724 889 786 Dccxxv„
922 728 1164 776 Tuscula-

228 812 344 845 num
365 794 610 852 venditat,
649 802 718 857 ut,
751 796 794 843 si
813 797 1003 860 possit,
1034 806 1165 847 emat

227 866 535 915 Pacilianam
555 866 776 926 domum,
800 866 863 915 ad
883 865 984 913 Att.
1010 865 1057 926 1,
1081 866 1164 927 14,

229 936 276 987 7.
297 964 368 975 —-
386 934 507 983 Eius
528 933 682 982 aedes
697 936 932 993 urbanae,
948 934 1014 983 ad
1029 934 1162 993 Q.r1·.

231 1002 282 1066 3,
309 1004 355 1061 1,
384 1004 435 1051 4.
461 1004 512 1065 S.
538 1003 621 1052 14.
647 1002 921 1068 ——Magna
935 1002 1165 1053 Ciceroni

229 1073 446 1120 varietas
487 1070 762 1121 voluntatis
805 1082 854 1120 et
897 1072 1163 1121 dissimili-

229 1140 350 1189 tudo
378 1140 632 1204 opinionis
666 1156 726 1189 ac
755 1140 934 1190 iudicii
966 1141 1024 1201 Q.
1063 1141 1163 1191 fra-

230 1211 319 1258 tris
339 1212 421 1259 sui
441 1210 782 1259 demonstrata
801 1219 877 1259 est
897 1225 962 1259 ex
985 1210 1164 1259 litteris

229 1280 337 1327 eius
375 1286 500 1339 eto„
544 1278 611 1327 ad
643 1280 746 1329 Att.
797 1279 854 1341 1,
885 1280 965 1340 17,
1015 1280 1062 1331 1.
1099 1304 1166 1315 --

227 1348 302 1395 De
321 1346 380 1404 Q.
402 1346 570 1395 fratris
592 1348 851 1404 comitate,
885 1348 1168 1397 iucundita-

229 1426 296 1474 te,
317 1415 460 1463 molli
482 1416 648 1466 animo
669 1424 718 1463 et
737 1416 803 1463 ad
822 1416 1166 1479 accipiendam

231 1492 280 1533 et
317 1483 387 1534 ad
425 1485 775 1547 deponendam
819 1484 1166 1539 offensionem

227 1553 301 1603 Ib.
327 1554 376 1617 1,
401 1552 481 1611 17,
501 1555 552 1603 2.
585 1578 646 1588 -
679 1552 852 1601 Frater
870 1544 1168 1616 ἀφελέστα-

227 1635 324 1679 τος
342 1627 392 1671 et
409 1621 804 1679 amantissimus,
829 1621 904 1673 Ib.
928 1621 976 1685 1,
1005 1620 1087 1685 18,
1120 1621 1166 1672 1.

229 1716 298 1727 -
319 1691 382 1740 Α.
403 1706 455 1739 ιι.
480 1706 523 1739 o.
548 1688 668 1739 689.
703 1691 910 1755 scripsit
938 1658 1169 1739 libell’um

233 1760 294 1809 de
312 1760 554 1824 petitione
579 1759 887 1809 consulatus.
911 1786 978 1796 —-
1002 1760 1062 1818 Q.
1087 1757 1168 1809 Ci-

231 1830 425 1877 ceronis
485 1827 684 1893 collega
733 1828 784 1877 in
833 1836 1070 1892 praetura
1113 1826 1166 1877 C.

231 1897 493 1963 Vergilius
514 1912 561 1946 a.
584 1913 636 1948 u.
661 1912 706 1950 c.
727 1896 868 1955 692..
908 1912 1000 1964 pro
1021 1896 1170 1946 Plan-

231 1969 310 2016 cio
326 1965 411 2026 40,
437 1965 520 2016 95.
561 1993 626 2004 —-
669 1967 730 2016 Ei
760 1967 958 2032 legatus
991 1967 1164 2017 fuitL.

229 2036 425 2086 Tubero
448 2072 462 2095 ,
499 2037 574 2084 lb.
609 2037 697 2092 41.
724 2035 840 2089 100.
882 2037 950 2087 ad
972 2039 1078 2086 Att.
1119 2037 1166 2098 1,

237 2106 316 2166 14,
340 2107 392 2158 7.
427 2131 493 2140 -
525 2105 584 2152 Ei
607 2106 734 2154 Asia
755 2107 935 2172 obtigit
966 2121 1013 2155 a.
1039 2122 1090 2156 u.
1118 2120 1163 2154 c.

227 2172 380 2232 693„
419 2173 494 2221 Ib.
521 2173 569 2232 1,
611 2174 692 2238 15,
731 2174 776 2223 1.
815 2200 884 2211 -
915 2175 1038 2224 Eius
1058 2174 1169 2238 epi-

231 2241 362 2290 stola
382 2241 614 2304 sibiipsa
633 2256 942 2306 repugnanS,
963 2245 1030 2294 ad
1063 2247 1163 2294 Att.

231 2312 281 2372 2,
323 2309 405 2372 16,
439 2310 492 2359 4.
528 2333 596 2346 --
628 2310 736 2359 Hoc
753 2313 946 2375 primus
965 2313 1016 2360 in
1042 2313 1169 2361 Asia

231 2379 370 2436 fecit,
382 2386 438 2427 ut
456 2385 658 2442 sumptu
672 2381 921 2446 remigum
941 2381 1168 2429 civitates

234 2448 452 2508 levaret,
492 2461 585 2510 pro
625 2447 804 2497 Flacco
854 2449 934 2512 14,
974 2447 1060 2502 33.
1103 2475 1168 2484 --

233 2516 491 2566 Successit
509 2516 567 2567 L.
593 2515 803 2576 Flacco,
841 2517 918 2566 Ib.
956 2518 1042 2577 21,
1080 2515 1166 2566 49.

233 2613 299 2622 --
370 2586 490 2634 Eius
568 2584 764 2636 litterae
843 2587 1168 2650 plenissimae

230 2654 556 2704 humanitatis
609 2661 660 2703 et
713 2655 980 2718 aequitatis
1001 2689 1017 2718 ,
1091 2656 1164 2704 lb.

233 2721 331 2784 32,
385 2723 472 2775 78.
525 2749 593 2760 --
633 2723 788 2772 Asiae
822 2737 917 2788 pro
961 2722 1170 2774 consule

231 2792 488 2857 praefuit,
550 2791 876 2844 memorabile
927 2793 1036 2842 eius
1087 2807 1169 2842 so-

231 2861 424 2909 mnium
445 2860 506 2909 de
524 2858 700 2918 fratre,
740 2861 804 2910 de
824 2861 982 2914 divin.
1011 2862 1060 2920 1,
1081 2861 1169 2922 28,

231 2928 316 2978 58.
357 2955 424 2964 —
460 2928 531 2976 De
549 2930 812 2994 provincia
843 2940 977 2984 recte
1009 2931 1170 2980 admi-

231 2997 494 3047 nistranda
517 2999 707 3062 optima
727 2998 940 3049 consilia
959 3000 1006 3050 ei
1026 3014 1171 3064 prae-

231 3067 317 3118 bet
337 3066 534 3116 Marcus
557 3067 738 3126 frater,
778 3069 830 3117 iu
854 3068 1025 3118 multis
1055 3083 1171 3118 eum

233 3136 432 3199 laudat,
472 3136 780 3202 reprehensa
806 3145 974 3193 tamen
1011 3138 1170 3188 nimia

234 3206 342 3252 eins
363 3205 654 3269 iracundia,
695 3207 932 3267 adQ.fr.
957 3207 1076 3267 1,1.
1102 3233 1168 3242 -—

233 3271 574 3335 Reprehendit
613 3290 727 3324 eum
759 3276 824 3326 Μ.
864 3276 1020 3326 frater
1052 3291 1168 3340 pro-

233 3347 347 3404 pter
365 3342 568 3392 nimiam
588 3343 996 3410 indulgentiam
983 3359 1034 3394 tu
1055 3343 1170 3392 Sta-

233 3409 360 3459 tium
381 3410 631 3464 libertum.
705 3411 849 3463 Multi
876 3417 925 3464 in
945 3415 1071 3463 Asia
1091 3413 1171 3462 vel

233 3476 414 3528 Graeci
439 3477 520 3529 vel
568 3479 782 3530 Romani
827 3483 875 3531 ei
913 3482 1104 3532 infensi
1140 3497 1172 3530 a

1306 382 1459 431 fratre
1481 380 1773 447 placantur,
1812 382 1879 431 ad.
1898 382 1957 440 Q.
1996 379 2057 430 fr.
2101 380 2149 443 l,
2184 384 2242 443 2,

1312 452 1337 501 1
1359 466 1471 513 sqq.
1494 451 1557 499 cl.
1590 452 1657 499 ib.
1683 451 1730 514 1,
1754 451 1805 509 2,
1826 449 1959 502 9.—
1976 450 2097 498 Eius
2122 450 2237 498 red-

1307 522 1404 569 itus
1426 536 1453 567 e
1479 520 1739 583 provincia
1772 534 1818 567 a.
1840 534 1893 571 u.
1926 534 1968 568 c.
1992 517 2111 570 696.
2131 556 2143 577 ,
2170 518 2237 567 ad

1306 590 1411 637 Att.
1435 588 1485 645 3,
1505 590 1555 648 7,
1572 587 1620 638 3.
1663 588 1734 637 lb.
1769 586 1819 649 3,
1842 586 1965 651 8,1.
1989 612 2061 624 ——-
2090 588 2238 635 Putat

1304 657 1374 707 M.
1423 656 1577 706 frater
1614 657 1887 708 fovendum
1934 654 2076 704 fratri
2127 670 2246 705 esse

1306 728 1475 791 ipsum
1496 726 1831 788 Hortensium,
1853 740 1916 775 ne
1937 724 2022 773 ille
2047 739 2241 785 versus,

1305 797 1391 858 qui
1429 797 1483 844 in
1518 811 1631 844 eum
1654 804 1761 845 erat
1798 794 2045 856 collatus,
2086 808 2239 856 quum

1304 865 1611 915 aedilitatem
1633 866 1863 930 petebat,
1897 864 1964 913 de
2002 863 2115 929 lege
2136 864 2240 911 Au-

1304 933 1453 999 relia,
1490 933 1622 983 falso
1659 936 1949 983 testimonio
1980 932 2244 981 confirme-

1306 1011 1386 1051 tur
1403 1017 1451 1052 a.
1473 1019 1524 1052 ιι.
1549 1019 1595 1052 c.
1616 1002 1758 1066 696„
1790 1002 1864 1051 'ad
1883 1004 1941 1061 Q.
1966 1001 2028 1051 fr.
2054 1001 2104 1060 1,
2123 1001 2171 1063 3,
2187 1001 2237 1050 8.

1303 1072 1516 1121 -Eum
1551 1072 1747 1121 Marcus
1778 1073 1921 1121 exsul
1947 1070 2117 1120 videre
2150 1084 2241 1135 no—

1308 1141 1443 1189 lebat
1465 1178 1477 1200 ,
1512 1142 1579 1191 ad
1597 1142 1701 1189 Att.
1731 1139 1789 1203 3,
1826 1139 1885 1203 9,
1932 1141 1975 1189 l.
2016 1166 2083 1176 ——
2110 1140 2239 1187 Eum

1308 1211 1369 1259 ab
1393 1210 1528 1275 App.
1564 1208 1801 1270 Claudio,
1825 1208 1879 1259 C.
1915 1207 2079 1258 Clodii
2115 1207 2243 1270 filio,

1307 1287 1595 1329 accusatum
1628 1278 1693 1326 iri
1717 1293 1882 1327 sermo
1915 1285 2021 1326 erat
2052 1293 2099 1327 a.
2119 1293 2169 1326 u.
2194 1294 2240 1327 c.

1306 1346 1427 1399 696.
1448 1383 1463 1407 ,
1494 1348 1567 1396 [b.
1599 1344 1649 1409 3,
1674 1346 1735 1396 17
1756 1380 1770 1407 ,
1800 1347 1847 1398 l.
1893 1348 1966 1395 lb.
1996 1345 2047 1408 3,
2080 1344 2162 1405 18,
2192 1348 2243 1395 2.

1308 1444 1379 1453 —
1414 1416 1472 1473 Q.
1498 1414 1671 1463 Cicero
1698 1415 2021 1465 mitissimam
2057 1416 2246 1463 oratio-

1308 1499 1422 1533 nem
1443 1519 1457 1543 ,
1503 1498 1655 1546 quam
1706 1482 1765 1542 Q.
1809 1482 2039 1532 Metellus
2076 1481 2249 1547 Nepos-

1311 1568 1414 1603 cos.
1439 1568 1486 1605 a.
1510 1568 1561 1601 u.
1590 1568 1635 1601 c.
1659 1550 1781 1603 697.
1811 1554 1865 1601 in
1882 1560 2061 1601 senatu
2082 1552 2145 1601 de
2166 1550 2245 1599 Ci-

1312 1636 1490 1671 cerone
1525 1621 1796 1684 habuerat,
1843 1621 1985 1670 fratri
2026 1622 2244 1685 perscri-

1308 1691 1440 1757 psit,
1476 1691 1541 1739 ad
1560 1690 1680 1741 fam.
1702 1690 1753 1750 5,
1781 1691 1833 1754 4,
1862 1692 1912 1743 2.
1948 1716 2015 1725 —-—
2039 1691 2099 1739 Α.
2120 1706 2173 1744 ιι.
2195 1707 2241 1739 c.

1308 1758 1427 1813 696.
1453 1759 1740 1810 decesserat
1761 1774 1827 1808 ex
1846 1759 1968 1808 Asia
1988 1758 2144 1808 frater
2164 1757 2246 1809 Ci-

1312 1829 1507 1878 ceronis
1574 1842 1759 1892 magno
1819 1827 2056 1891 squalore
2078 1864 2095 1887 ,
2152 1828 2246 1877 sed

1312 1896 1467 1948 multo
1491 1898 1642 1947 etiam
1664 1898 1853 1946 maiore
1874 1912 2119 1960 maerore,
2154 1911 2243 1961 pro

1312 1967 1478 2016 Sestio
1500 1967 1585 2026 31,
1606 1966 1689 2017 68.
1712 1967 1829 2015 ——E
1850 1967 2047 2016 Rostris
2068 1965 2245 2030 pulsus

1312 2037 1373 2085 ab
1394 2037 1562 2100 operis
1576 2035 1849 2099 Clodianis,
1869 2037 1943 2088 Ib.
1970 2035 2056 2095 35,
2078 2035 2160 2084 76.
2181 2061 2248 2071 -

1311 2106 1485 2154 Frater
1508 2107 1560 2154 in
1574 2104 1866 2156 Ciceronem
1884 2105 2073 2170 pietate
2095 2103 2245 2156 tilius,

1311 2174 1540 2224 consiliis
1576 2189 1787 2238 parens,
1838 2189 2007 2223 amore
2042 2182 2097 2225 ut
2138 2183 2246 2222 erat

1310 2243 1466 2293 frater
1507 2244 1740 2294 inventus
1774 2251 1865 2302 est,
1896 2252 2011 2308 post
2041 2243 2148 2293 red.
2192 2245 2247 2291 in

1308 2328 1417 2366 sen.
1443 2311 1523 2370 15,
1548 2311 1631 2363 372
1670 2321 1787 2377 post
1804 2313 1913 2362 red.
1934 2313 1999 2360 ad
2024 2313 2165 2371 Quir.
2192 2311 2242 2371 3,

1306 2382 1357 2434 8.
1398 2382 1459 2431 de
1482 2381 1631 2432 domo
1652 2396 1743 2429 sua
1768 2379 1852 2443 23,
1877 2381 1961 2432 59.
1977 2411 2045 2419 —-
2066 2381 2126 2440 Q.
2148 2380 2251 2429 fra·

1310 2459 1385 2500 ter
1416 2466 1461 2498 a.
1485 2465 1536 2498 u.
1560 2465 1606 2498 c.
1642 2449 1763 2500 698.
1807 2463 1837 2497 a
1868 2447 2043 2498 Sardis
2072 2451 2249 2498 deces-

1309 2521 1391 2581 sit,
1408 2533 1562 2582 quum
1575 2518 1647 2566 rei
1660 2517 2016 2567 frumentariae
2028 2515 2081 2566 C.
2100 2517 2247 2566 Pom·

1310 2588 1411 2653 peii
1431 2587 1598 2650 missu
1614 2585 1933 2652 praefuisset,
1956 2588 2041 2650 qui
2069 2588 2250 2650 etipse

1310 2657 1410 2704 illis
1450 2671 1543 2721 pro
1580 2671 1673 2704 sua
1714 2655 1814 2704 fide
1852 2664 1901 2704 et
1935 2655 2249 2705 humanitate

1312 2725 1563 2776 consuluit
1580 2732 1629 2773 et
1648 2726 1721 2775 eis
1750 2725 1977 2775 vicissim
2004 2738 2249 2790 percarus

1311 2803 1359 2844 et
1376 2794 1623 2844 iucundus
1643 2795 1865 2858 fuit,pro
1882 2793 2070 2844 Scauro
2090 2795 2141 2852 2,
2156 2792 2241 2844 38.

1312 2862 1687 2924 adQ.f1-.2‚2‚
1720 2865 1768 2916 1.
1813 2889 1878 2898 -
1913 2865 2043 2913 Hinc
2080 2862 2248 2925 expli-

1314 2934 1476 2983 canda
1514 2931 1769 2982 Olbiensis
1812 2931 2057 2996 epistola,
2098 2931 2170 2980 Ib.
2194 2931 2247 2988 2,

1311 3003 1359 3066 3,
1399 3002 1448 3051 7.
1489 3029 1554 3037 —
1598 3001 1721 3050 Cum
1750 3016 1809 3050 eo
1840 3001 2110 3065 Pompeius
2146 2999 2249 3062 egit

1322 3087 1365 3121 a.
1394 3086 1447 3119 ιι.
1484 3085 1527 3118 ο.
1549 3069 1699 3130 698.,
1737 3076 1793 3119 ut
1817 3069 2012 3117 Marcus
2043 3081 2157 3116 cum
2188 3065 2245 3116 C.

1312 3139 1528 3189 Caesare
1566 3139 1617 3186 in
1660 3139 1877 3202 gratiam
1916 3137 2130 3200 rediret,
2180 3136 2249 3185 ad

1310 3207 1432 3258 fam.
1457 3208 1504 3267 1,
1526 3204 1577 3265 9,
1598 3206 1648 3258 9.
1688 3233 1750 3242 --
1783 3207 1974 3256 Domus
1993 3205 2068 3256 illi
2084 3206 2153 3256 ad
2172 3206 2247 3254 lu-

1312 3292 1425 3326 cum
1458 3275 1660 3326 Pisonis
1698 3277 1964 3326 Liciniana
2000 3275 2249 3326 conducta

1312 3353 1406 3396 est.
1478 3346 1645 3410 Ipsius
1702 3346 1751 3394 in
1798 3343 1994 3395 Carinis
2042 3344 2249 3392 Lamiae

1312 3415 1655 3464 conduxerunt
1685 3429 1731 3464 a.
1758 3431 1809 3464 u.
1836 3431 1878 3464 c.
1910 3413 2025 3466 698.
2043 3451 2056 3473 ,
2098 3413 2164 3462 ad
2184 3411 2243 3471 Q.

1312 3485 1373 3536 fr.
1402 3485 1451 3545 2,
1475 3482 1525 3544 3,
1547 3485 1593 3534 7.
1634 3509 1701 3520 --
1738 3485 1798 3532 Ei
1824 3485 2001 3534 domus
2040 3483 2251 3547 egregia
