2500 3850
252 167 427 212 ΚΒΑ
459 185 530 194 --
567 163 626 211 0.
662 163 891 210 mmns
929 163 1199 210 CAESAR
1228 163 1376 210 L.F.
1411 163 1678 210 srsAso
1711 163 2065 223 vomscus.
2147 150 2270 211 185

226 319 455 385 Philipp.
481 321 545 383 2,
578 319 637 378 8,
675 318 757 368 19.
782 346 855 356 --
879 319 955 367 Ib.
996 320 1060 378 2,
1095 318 1183 378 44,

232 390 356 442 112.
390 391 461 439 lb.
494 388 576 448 13,
597 389 648 446 8,
676 387 757 437 18.

156 457 338 521 Iuba,
378 455 687 522 Hiempsalis
738 457 877 521 regis
916 457 1187 504 Numidiae

229 527 396 587 filius,
437 541 504 574 ex
542 527 701 590 stirpe
745 525 1075 588 Masinissae,
1122 525 1186 574 de

233 596 351 660 lege
376 611 486 659 agr.
511 597 543 644 2
560 630 574 655 ‚
597 595 691 652 22,
713 593 799 649 59.
823 621 889 630 -
915 595 1069 653 Iuba,
1093 608 1186 643 rex

229 664 505 714 Numidiae
542 663 962 729 potentissimus,
1018 663 1188 712 inimi-

232 749 326 784 cus
362 747 549 782 causae
580 733 846 792 Caesaris,
880 747 972 798 pro
1007 731 1183 797 Ligar.

234 803 285 862 8,
311 803 398 852 24.
431 829 499 838 --
528 802 610 851 Ad
649 815 763 850 eum
786 801 1187 866 confugiendum

234 879 347 922 erat
366 871 689 934 Pompeianis
711 870 924 920 devictis
938 908 952 931 ,
974 871 1039 919 ad
1060 870 1181 923 fam.

236 943 290 1000 7,
319 939 368 1000 3,
392 940 442 988 3.

152 1007 445 1060 Iubellius
479 1007 664 1058 nobilis
687 1007 973 1073 Campanus
990 1043 1003 1067 ,
1032 1007 1182 1058 homo

232 1078 383 1128 ferox
399 1115 413 1139 ‚
436 1078 498 1127 de
519 1076 631 1142 lege
651 1092 761 1141 agr.
785 1079 819 1127 2
836 1115 849 1137 ,
884 1077 979 1142 34,
1002 1076 1086 1127 93.
1112 1105 1185 1116 -

231 1149 375 1198 Idem
398 1153 607 1196 vocatur
640 1142 881 1195 Iubellius
904 1148 1104 1196 Taurea
1129 1148 1184 1196 in

226 1217 405 1267 Pison.
438 1215 497 1265 ll
517 1250 531 1274 ,
550 1215 638 1265 24.-

150 1283 388 1335 Iudaei.
460 1283 531 1333 De
572 1298 695 1333 auro
748 1284 1045 1334 Iudaeorum
1092 1300 1183 1334 no-

232 1355 377 1403 mine
405 1353 671 1414 quotannis
694 1359 743 1401 et
766 1368 831 1401 ex
862 1353 1005 1402 Italia
1034 1360 1083 1401 et
1120 1369 1184 1401 ex

234 1423 475 1474 omnibus
517 1421 795 1487 provinciis
830 1421 1185 1487 Hierosolyma

234 1492 499 1556 exportari
543 1490 691 1540 solito
716 1527 731 1553 ,
769 1505 863 1555 pro
882 1490 1062 1540 Flacco
1094 1489 1180 1550 28,

232 1561 303 1611 67
326 1575 439 1623 sqq.
478 1562 552 1609 Ib.
576 1559 661 1624 28,
682 1559 769 1610 67.
808 1587 878 1597 -
918 1560 1094 1608 Iudaei
1132 1568 1181 1608 et

235 1629 369 1695 Syri,
406 1630 633 1678 nationes
660 1636 807 1677 natae
832 1629 1081 1687 servituti,
1118 1629 1183 1677 de

230 1714 382 1763 prov.
406 1711 548 1747 cons·
573 1698 633 1756 5,
667 1696 752 1748 10.

157 1764 480 1834 Iugurtha,
517 1765 657 1815 filius
688 1766 1050 1817 Mastanabalis
1086 1765 1181 1815 filii

232 1832 568 1894 Masinissae,
611 1843 751 1884 ortus
781 1851 843 1884 ex
882 1835 1177 1888 concubina.

234 1906 369 1955 Eum
388 1903 658 1955 Masinissa
685 1904 942 1969 privatum
964 1905 1182 1967 relique-

235 1984 336 2024 rat.
373 2001 441 2011 —
479 1976 619 2023 Iusta
646 1989 804 2026 causa
821 1974 942 2026 belli
963 1989 1078 2023 cnm
1099 1975 1183 2023 Iu-

234 2042 423 2109 gurtha
442 2078 456 2102 ,
496 2044 559 2093 de
590 2058 713 2109 rege
734 2044 883 2094 Alex.
906 2042 1093 2109 fragm.
1116 2044 1181 2095 11.

166 2194 511 2265 Iugurthina
543 2190 857 2257 coniuratio,
898 2198 933 2244 i.
959 2213 1004 2246 e.
1024 2197 1182 2247 factio

236 2266 522 2326 nobilium,
574 2268 662 2328 qui
721 2266 896 2331 precio
960 2269 1185 2330 corrupti

234 2334 514 2401 Iugurthae
557 2334 797 2384 favebant
852 2341 1029 2385 contra
1076 2350 1184 2383 rem

237 2404 516 2469 publicam.
590 2403 855 2453 Adversus
908 2418 1019 2453 eam
1066 2419 1185 2454 con-

236 2474 541 2523 iurationem
561 2471 665 2520 lata
694 2478 770 2521 est
804 2474 1001 2537 rogatio
1022 2472 1185 2522 Mani-

235 2542 337 2601 lia,
378 2542 517 2591 Brut.
552 2538 649 2601 33,
695 2541 809 2589 127.
838 2541 905 2594 cl.
942 2541 1087 2597 de.n.
1129 2543 1181 2591 d.

238 2611 291 2673 3,
325 2609 409 2671 30,
432 2611 518 2660 74.

165 2692 338 2747 Iulia.
418 2694 495 2744 De
526 2709 585 2743 ea
618 2696 669 2743 in
691 2694 1067 2745 matrimonium
1088 2694 1182 2746 du-

238 2765 401 2814 cenda
448 2764 703 2828 cogitasse
750 2763 952 2814 videtur
996 2763 1058 2822 Q.
1099 2762 1182 2813 Ci-

238 2848 357 2882 cero
376 2832 539 2895 filius,
569 2831 637 2881 ad
656 2832 761 2886 Att.
791 2832 883 2894 15,
906 2832 975 2883 29
991 2869 1008 2897 ,
1033 2835 1085 2887 2.
1114 2832 1180 2885 cl.

238 2903 308 2951 ib.
337 2901 418 2960 16,
448 2902 498 2965 2,
521 2901 573 2950 5.

122 3032 129 3039 .
166 2983 317 3038 Iulia
344 2987 433 3037 lex
454 3004 484 3037 a
502 2990 563 3043 L.
589 2988 713 3039 Iulio
741 2988 955 3039 Caesare
974 3002 1115 3044 cons.
1136 3004 1183 3038 a.

239 3072 290 3105 u.
322 3071 369 3106 c.
404 3054 525 3111 663.
580 3059 712 3119 lata,
750 3072 852 3121 qua
888 3058 1066 3107 civitas
1102 3072 1187 3107 so·

240 3126 337 3175 ciis
357 3134 407 3173 et
427 3125 630 3176 Latinis
651 3135 728 3175 est
750 3126 888 3188 data,
911 3141 1003 3191 pro
1025 3126 1185 3176 Balbo

240 3194 293 3253 8,
314 3194 402 3246 21.

168 3274 355 3330 Iuliae
382 3279 525 3345 leges
548 3296 579 3330 a
597 3280 653 3331 C.
678 3280 809 3330 Iulio
837 3279 1054 3345 Caesare
1074 3294 1179 3329 cos.

241 3362 288 3399 a.
313 3362 367 3399 u.
388 3362 435 3395 c.
457 3347 581 3400 694.
632 3355 719 3398 aut
741 3356 917 3413 postea
937 3349 1183 3399 dictatore

238 3415 405 3476 latae,
444 3416 507 3467 de
538 3418 771 3484 provinc.
804 3432 948 3469 cons.
972 3416 1055 3478 19,
1090 3416 1177 3470 45.

1331 319 1395 368 de
1425 317 1536 368 har.
1568 335 1701 384 resp.
1729 319 1825 382 23,
1858 320 1943 372 48.
2015 321 2174 370 Iuliae
2198 320 2270 370 le·

1329 402 1421 452 ges
1459 390 1724 452 agrariae,
1757 390 1824 438 ad
1855 393 1955 442 ΑΜ.
1987 391 2047 451 2,
2086 390 2180 449 18,
2216 391 2265 439 2.

1328 455 1557 521 Philipp.
1584 457 1635 517 5,
1660 456 1741 516 19,
1772 458 1856 506 52.

1259 539 1408 592 Iulia
1444 542 1556 602 leX,
1597 543 1659 592 de
1686 543 1964 608 provinciis
1993 543 2059 592 ad
2079 545 2181 592 Aa.
2213 543 2268 604 5,

1330 610 1414 672 10,
1437 612 1488 660 2.
1541 613 1613 664 lb.
1638 611 1689 675 5,
1712 612 1794 671 16,
1817 609 1870 666 3.
1941 611 2018 663 lb·.
2039 614 2091 674 5,
2113 613 2196 670 21,
2215 614 2270 664 5.

1327 680 1400 728 lb.
1445 679 1493 739 6,
1535 681 1584 740 7,
1616 682 1668 730 2.
1745 681 1809 730 ad
1839 679 1961 730 fam.
1995 683 2054 738 2,
2091 678 2172 741 17,
2209 683 2263 732 2.

1325 748 1548 814 Philipp.
1579 747 1627 810 3,
1660 749 1743 812 15,
1765 747 1850 800 38.
1923 750 1996 803 lb.
2016 749 2069 810 5,
2098 750 2186 809 20,
2211 751 2262 803 2.

1326 819 1379 882 in
1407 817 1644 868 Pisonem
1681 818 1762 878 16,
1791 817 1877 871 37.
1927 845 1993 854 -
2035 818 2166 867 Iulia
2187 818 2267 869 lex

1328 885 1598 936 definiebat
1641 887 1915 938 liberarum
1952 887 2268 953 legationum

1324 964 1552 1020 tempus,
1591 957 1658 1005 ad
1693 957 1796 1006 Att.
1842 956 1939 1016 15,
1991 957 2074 1018 11,
2109 959 2159 1007 4.
2197 981 2267 994 -

1324 1025 1454 1075 Iulia
1488 1025 1571 1074 lex
1599 1027 1661 1075 de
1683 1025 1915 1091 pecuniis
1949 1026 2268 1091 repetundis,

1323 1109 1416 1158 pro
1429 1095 1636 1144 Rabirio
1653 1094 1789 1148 Post.
1807 1097 1858 1156 4,
1873 1093 2019 1156 8<ε<1.,
2034 1095 2162 1154 11).5,
2180 1094 2262 1144 12.

1325 1163 1375 1210 in
1397 1163 1566 1213 Pison.
1587 1165 1682 1226 20,
1723 1162 1807 1215 50.
1844 1190 1915 1203 -—
1948 1164 2080 1212 Iulia
2101 1164 2184 1214 lex
2201 1165 2268 1213 de

1325 1233 1650 1296 sacerdotiis,
1702 1248 1782 1296 ep.
1822 1233 1889 1282 ad
1921 1233 2058 1282 Brut.
2107 1234 2166 1292 1,
2206 1233 2262 1284 5.

1325 1299 1486 1350 Iuliae
1517 1302 1657 1365 leges
1688 1302 2011 1365 iudiciariae,
2039 1301 2262 1366 Philipp.

1327 1369 1374 1432 l,
1394 1370 1445 1429 8,
1475 1370 1536 1422 19
1556 1384 1632 1431 sq.

1261 1453 1322 1509 C.
1348 1462 1396 1503 et
1427 1453 1489 1504 Β.
1513 1450 1647 1504 Iulii
1669 1452 1941 1504 Caesares
1967 1454 2164 1512 fratres,
2203 1469 2268 1502 ex

1327 1524 1510 1585 quibus
1539 1522 1728 1572 Lucius
1770 1531 1818 1572 et
1849 1522 2026 1572 consul
2055 1537 2104 1571 a.
2135 1537 2187 1570 u.
2219 1538 2262 1571 c.

1325 1592 1448 1645 664.
1493 1598 1542 1641 et
1589 1605 1770 1642 censor
1819 1589 1944 1651 suit,
1986 1589 2137 1640 Caius
2181 1605 2264 1640 ae-

1327 1660 1466 1710 dilis.
1511 1688 1576 1696 -—
1627 1656 1836 1710 Eorum*
1860 1661 2119 1723 interitus,
2169 1675 2267 1724 pro

1325 1729 1518 1779 Scauro
1548 1727 1609 1790 3,
1631 1730 1686 1782 2.
1713 1729 1776 1779 cl.
1817 1728 1970 1782 Tusc.
1992 1729 2044 1791 5,
2071 1729 2152 1789 19,
2182 1745 2258 1792 sq.

1260 1831 1320 1882 C.
1362 1829 1542 1882 Iulius
1583 1831 1796 1882 Caesar
1842 1830 1907 1882 L.
1948 1829 2014 1880 F.
2056 1829 2268 1882 Strabo

1326 1898 1598 1967 Vopiscus
1613 1939 1628 1965 ,
1663 1901 1822 1952 frater
1839 1901 2066 1951 uterinus
2089 1901 2149 1961 Q.
2171 1900 2264 1951 Ca-

1323 1970 1422 2019 tuli
1467 1971 1630 2034 patris
1651 2006 1665 2032 ,
1719 1986 1784 2021 ex
1829 1969 2029 2034 Popilia
2081 1980 2262 2020 matre.

1325 2038 1443 2087 Sale
1479 2047 1529 2088 et
1567 2040 1764 2089 facetiis
1803 2040 1926 2091 vicit
1961 2054 2160 2102 omnes,
2199 2042 2269 2088 de

1328 2107 1414 2157 off.
1441 2108 1488 2169 1,
1511 2107 1596 2166 37,
1619 2108 1736 2159 133.
1765 2138 1833 2147 -
1868 2107 1942 2158 De
1962 2110 2072 2159 eius
2091 2109 2264 2174 lepore

1328 2179 1393 2228 de
1425 2176 1513 2228 off.
1553 2178 1601 2243 1,
1639 2176 1723 2239 30,
1767 2178 1885 2231 108.
1959 2179 2022 2228 de
2057 2187 2186 2231 orat.
2209 2179 2267 2237 2,

1325 2244 1412 2305 23,
1443 2244 1529 2296 98.
1596 2246 1739 2297 Brut.
1759 2248 1847 2307 48,
1888 2246 2007 2298 177.
2082 2249 2152 2297 lb.
2173 2247 2264 2305 49,

1328 2314 1446 2365 182.
1485 2315 1559 2362 Ib.
1584 2314 1668 2380 57,
1692 2314 1810 2366 207.
1853 2341 1919 2350 -
1960 2316 2180 2365 Persona
2203 2315 2263 2362 li-

1325 2384 1534 2431 brorum
1569 2384 1632 2433 de
1657 2392 1872 2446 oratore,
1905 2384 1968 2432 de
1988 2392 2114 2432 orat.
2137 2385 2186 2444 2,
2210 2383 2266 2441 3,

1328 2452 1410 2502 12.
1462 2450 1527 2505 cl.
1577 2452 1642 2501 ad
1679 2456 1782 2501 Att.
1826 2450 1916 2512 13,
1961 2451 2053 2514 19,
2096 2452 2145 2500 4.
2196 2476 2263 2487 -

1323 2521 1447 2569 Eius
1465 2519 1608 2568 iocus
1631 2521 1684 2568 in
1703 2521 1757 2571 G.
1788 2518 2083 2578 Curionem,
2118 2520 2259 2569 Brut.

1327 2588 1426 2649 60,
1448 2588 1566 2639 216.
1606 2589 1678 2638 lb.
1699 2590 1768 2640 88
1787 2626 1800 2648 ,
1826 2587 1948 2640 301.
1972 2616 2040 2625 -
2062 2587 2269 2639 Aedilis

1324 2656 1516 2707 curulis
1535 2673 1580 2708 a.
1607 2674 1655 2707 u.
1685 2674 1728 2707 c.
1755 2657 1876 2711 664.
1944 2658 2127 2708 cotidie
2157 2656 2264 2708 fere

1325 2734 1590 2777 accuratas
1609 2728 1868 2780 contiones
1893 2728 2139 2791 habebat,
2184 2729 2262 2783 lb.

1325 2796 1411 2858 89,
1438 2795 1557 2847 305.
1584 2822 1652 2833 —
1675 2796 1866 2849 Novam
1893 2799 2161 2862 quamdam
2185 2813 2264 2847 ra-

1325 2867 1518 2915 tionem
1545 2866 1713 2916 attulit
1743 2870 2009 2932 orationiS,
2047 2882 2132 2917 res
2160 2876 2264 2915 tra-

1325 2936 1470 3001 gicas
1489 2950 1652 3000 paene
1675 2940 1868 2986 comice
1886 2938 2121 2986 tractavit
2141 2943 2261 2999 etc„

1327 3005 1392 3055 de
1411 3011 1538 3057 orat.
1562 3004 1614 3065 3,
1635 3004 1687 3063 8,
1714 3005 1800 3059 30.
1817 3032 1888 3043 —
1923 3004 2124 3054 Salsum
2151 3005 2266 3053 eius

1328 3074 1519 3123 dictum
1555 3075 1608 3121 in
1635 3074 1890 3123 Metellum
1920 3072 2260 3135 Numidicum,

1327 3143 1391 3192 de
1411 3149 1536 3194 orat.
1557 3143 1608 3204 2,
1637 3140 1722 3198 68,
1754 3142 1874 3196 275.
1899 3169 1965 3177 --
1995 3139 2264 3191 Contendit

1323 3226 1442 3261 cum
1479 3208 1570 3262 Cn.
1599 3209 1843 3275 Pompeio
1876 3210 1940 3259 de
1976 3210 2261 3259 accusando

1325 3281 1388 3330 Τ.
1405 3278 1704 3339 Albucio‚a.
1726 3294 1779 3329 u.
1803 3294 1848 3328 c.
1871 3278 2012 3343 651„
2036 3278 2260 3331 Divinat.

1325 3349 1378 3397 in
1399 3346 1457 3406 Q.
1485 3346 1672 3396 Caecil.
1697 3345 1762 3396 19
1781 3385 1795 3410 ,
1819 3346 1904 3399 63.
1929 3372 2000 3384 —-
2028 3347 2126 3395 Pro
2145 3344 2264 3395 Sar-

1327 3417 1408 3466 dis
1429 3416 1696 3481 patrocinii
1723 3430 1876 3465 causa
1905 3415 2182 3478 postulavit
2199 3414 2262 3463 T.
