<?xml version="1.0" encoding="UTF-8"?>
<!DOCTYPE html PUBLIC "-//W3C//DTD XHTML 1.0 Transitional//EN"
    "http://www.w3.org/TR/xhtml1/DTD/xhtml1-transitional.dtd">
<html xmlns="http://www.w3.org/1999/xhtml" xml:lang="en" lang="en">
 <head>
  <title>
</title>
<meta http-equiv="Content-Type" content="text/html;charset=utf-8" />
  <meta name='ocr-system' content='tesseract 3.04.00' />
  <meta name='ocr-capabilities' content='ocr_page ocr_carea ocr_par ocr_line ocrx_word'/>
</head>
<body>
  <div class='ocr_page' id='page_1' title='image "./scriptaquaemans04mlgoog_0259.png"; bbox 0 0 2500 3850; ppageno 0'>
   <div class='ocr_carea' id='block_1_1' title="bbox 438 175 2214 238">
    <p class='ocr_par' dir='ltr' id='par_1_1' title="bbox 438 175 2214 238">
     <span class='ocr_line' id='line_1_1' title="bbox 438 175 2214 238; baseline 0.001 -2"><span class='ocrx_word' id='word_1_1' title='bbox 438 189 504 236; x_wconf 78' lang='lat' dir='ltr'>A.</span> <span class='ocrx_word' id='word_1_2' title='bbox 536 187 867 236; x_wconf 67' lang='lat' dir='ltr'>mnucms</span> <span class='ocrx_word' id='word_1_3' title='bbox 901 188 1226 236; x_wconf 66' lang='lat' dir='ltr'>&#39;mannus</span> <span class='ocrx_word' id='word_1_4' title='bbox 1249 205 1335 216; x_wconf 84' lang='lat'>-—</span> <span class='ocrx_word' id='word_1_5' title='bbox 1357 189 1860 236; x_wconf 71' lang='lat' dir='ltr'>MrrnfflDA&#39;rns.</span> <span class='ocrx_word' id='word_1_6' title='bbox 2090 175 2214 238; x_wconf 77' lang='lat'>253</span> 
     </span>
    </p>
   </div>
   <div class='ocr_carea' id='block_1_2' title="bbox 124 343 1139 893">
    <p class='ocr_par' dir='ltr' id='par_1_2' title="bbox 192 343 1139 680">
     <span class='ocr_line' id='line_1_2' title="bbox 194 343 1137 408; baseline -0.002 -12"><span class='ocrx_word' id='word_1_7' title='bbox 194 355 363 396; x_wconf 81' lang='lat' dir='ltr'>cusat.</span> <span class='ocrx_word' id='word_1_8' title='bbox 380 346 433 405; x_wconf 86' lang='lat'><strong>2,</strong></span> <span class='ocrx_word' id='word_1_9' title='bbox 454 345 538 402; x_wconf 89' lang='grc'>28,</span> <span class='ocrx_word' id='word_1_10' title='bbox 559 343 643 396; x_wconf 86' lang='grc'>69.</span> <span class='ocrx_word' id='word_1_11' title='bbox 674 370 743 380; x_wconf 92' lang='lat'>--</span> <span class='ocrx_word' id='word_1_12' title='bbox 771 344 1137 408; x_wconf 64' lang='lat' dir='ltr'>Negoti-abatur</span> 
     </span>
     <span class='ocr_line' id='line_1_3' title="bbox 192 413 1135 480; baseline -0.004 -14"><span class='ocrx_word' id='word_1_13' title='bbox 192 415 466 480; x_wconf 68' lang='lat' dir='ltr'>Syracusis</span> <span class='ocrx_word' id='word_1_14' title='bbox 488 452 501 472; x_wconf 89' lang='lat'>‚</span> <span class='ocrx_word' id='word_1_15' title='bbox 546 415 616 466; x_wconf 86' lang='lat' dir='ltr'>lb.</span> <span class='ocrx_word' id='word_1_16' title='bbox 640 415 689 473; x_wconf 83' lang='lat'><strong>2,</strong></span> <span class='ocrx_word' id='word_1_17' title='bbox 724 413 806 470; x_wconf 88' lang='grc'>30,</span> <span class='ocrx_word' id='word_1_18' title='bbox 836 413 920 464; x_wconf 83' lang='grc'>73.</span> <span class='ocrx_word' id='word_1_19' title='bbox 981 413 1055 465; x_wconf 90' lang='lat' dir='ltr'>lb.</span> <span class='ocrx_word' id='word_1_20' title='bbox 1083 414 1135 474; x_wconf 84' lang='lat'><strong>2,</strong></span> 
     </span>
     <span class='ocr_line' id='line_1_4' title="bbox 192 481 1139 544; baseline -0.005 -9"><span class='ocrx_word' id='word_1_21' title='bbox 192 485 292 544; x_wconf 82' lang='lat'><strong>33,</strong></span> <span class='ocrx_word' id='word_1_22' title='bbox 318 483 403 534; x_wconf 86' lang='lat'>80.</span> <span class='ocrx_word' id='word_1_23' title='bbox 458 484 519 531; x_wconf 84' lang='lat' dir='ltr'>cl.</span> <span class='ocrx_word' id='word_1_24' title='bbox 540 484 607 532; x_wconf 84' lang='lat' dir='ltr'>ib.</span> <span class='ocrx_word' id='word_1_25' title='bbox 630 481 680 542; x_wconf 89' lang='grc'>3,</span> <span class='ocrx_word' id='word_1_26' title='bbox 704 483 789 542; x_wconf 87' lang='grc'>64,</span> <span class='ocrx_word' id='word_1_27' title='bbox 816 481 930 532; x_wconf 86' lang='grc'><strong>148.</strong></span> <span class='ocrx_word' id='word_1_28' title='bbox 952 509 1024 520; x_wconf 90' lang='lat'>—-</span> <span class='ocrx_word' id='word_1_29' title='bbox 1041 481 1139 531; x_wconf 88' lang='lat' dir='ltr'>Te-</span> 
     </span>
     <span class='ocr_line' id='line_1_5' title="bbox 194 551 1134 614; baseline -0.004 -12"><span class='ocrx_word' id='word_1_30' title='bbox 194 556 289 609; x_wconf 81' lang='lat' dir='ltr'>stis</span> <span class='ocrx_word' id='word_1_31' title='bbox 318 554 369 601; x_wconf 88' lang='lat' dir='ltr'>in</span> <span class='ocrx_word' id='word_1_32' title='bbox 391 552 446 600; x_wconf 88' lang='lat' dir='ltr'>C.</span> <span class='ocrx_word' id='word_1_33' title='bbox 473 551 713 614; x_wconf 78' lang='lat' dir='ltr'><strong>Verrem,</strong></span> <span class='ocrx_word' id='word_1_34' title='bbox 747 553 891 600; x_wconf 64' lang='lat' dir='ltr'>Yerr.</span> <span class='ocrx_word' id='word_1_35' title='bbox 916 559 1134 600; x_wconf 81' lang='lat' dir='ltr'>accusat.</span> 
     </span>
     <span class='ocr_line' id='line_1_6' title="bbox 196 619 945 680; baseline -0.001 -8"><span class='ocrx_word' id='word_1_36' title='bbox 196 627 248 680; x_wconf 86' lang='grc'>4,</span> <span class='ocrx_word' id='word_1_37' title='bbox 271 622 359 680; x_wconf 86' lang='grc'>27,</span> <span class='ocrx_word' id='word_1_38' title='bbox 379 620 465 672; x_wconf 85' lang='grc'>63.</span> <span class='ocrx_word' id='word_1_39' title='bbox 507 620 581 670; x_wconf 86' lang='lat' dir='ltr'>lb.</span> <span class='ocrx_word' id='word_1_40' title='bbox 604 623 653 678; x_wconf 85' lang='lat'><strong>4,</strong></span> <span class='ocrx_word' id='word_1_41' title='bbox 674 619 758 680; x_wconf 83' lang='lat'><strong>31,</strong></span> <span class='ocrx_word' id='word_1_42' title='bbox 774 620 859 671; x_wconf 88' lang='grc'>70.</span> <span class='ocrx_word' id='word_1_43' title='bbox 933 641 945 651; x_wconf 89' lang='grc'><em>·</em></span> 
     </span>
    </p>

    <p class='ocr_par' dir='ltr' id='par_1_3' title="bbox 124 687 1136 893">
     <span class='ocr_line' id='line_1_7' title="bbox 124 687 1136 751; baseline -0.005 -10"><span class='ocrx_word' id='word_1_44' title='bbox 124 692 193 741; x_wconf 86' lang='grc' dir='ltr'>Α.</span> <span class='ocrx_word' id='word_1_45' title='bbox 217 687 503 740; x_wconf 75' lang='lat' dir='ltr'>Minucius</span> <span class='ocrx_word' id='word_1_46' title='bbox 525 687 829 751; x_wconf 80' lang='lat' dir='ltr'>Thermus,</span> <span class='ocrx_word' id='word_1_47' title='bbox 844 703 874 738; x_wconf 89' lang='lat' dir='ltr'>a</span> <span class='ocrx_word' id='word_1_48' title='bbox 896 688 1136 737; x_wconf 83' lang='lat' dir='ltr'>Cicerone</span> 
     </span>
     <span class='ocr_line' id='line_1_8' title="bbox 196 757 1135 812; baseline -0.004 -2"><span class='ocrx_word' id='word_1_49' title='bbox 196 760 441 810; x_wconf 79' lang='lat' dir='ltr'>defensus</span> <span class='ocrx_word' id='word_1_50' title='bbox 473 773 521 807; x_wconf 89' lang='lat' dir='ltr'>a.</span> <span class='ocrx_word' id='word_1_51' title='bbox 543 774 594 812; x_wconf 89' lang='grc' dir='ltr'>ιι.</span> <span class='ocrx_word' id='word_1_52' title='bbox 618 774 659 810; x_wconf 83' lang='lat'>0.</span> <span class='ocrx_word' id='word_1_53' title='bbox 692 757 811 811; x_wconf 84' lang='lat'><strong>695.</strong></span> <span class='ocrx_word' id='word_1_54' title='bbox 853 766 901 806; x_wconf 85' lang='lat' dir='ltr'>et</span> <span class='ocrx_word' id='word_1_55' title='bbox 933 757 1135 808; x_wconf 89' lang='lat' dir='ltr'>absolu-</span> 
     </span>
     <span class='ocr_line' id='line_1_9' title="bbox 194 825 827 893; baseline 0.002 -15"><span class='ocrx_word' id='word_1_56' title='bbox 194 838 297 888; x_wconf 78' lang='lat' dir='ltr'>tus,</span> <span class='ocrx_word' id='word_1_57' title='bbox 330 843 423 893; x_wconf 88' lang='lat' dir='ltr'>pro</span> <span class='ocrx_word' id='word_1_58' title='bbox 445 827 623 876; x_wconf 84' lang='lat' dir='ltr'>Flacco</span> <span class='ocrx_word' id='word_1_59' title='bbox 636 825 721 889; x_wconf 82' lang='lat'><strong>39,</strong></span> <span class='ocrx_word' id='word_1_60' title='bbox 742 825 827 879; x_wconf 86' lang='lat'>98.</span> 
     </span>
    </p>
   </div>
   <div class='ocr_carea' id='block_1_3' title="bbox 126 911 1143 2983">
    <p class='ocr_par' dir='ltr' id='par_1_4' title="bbox 126 911 1136 1254">
     <span class='ocr_line' id='line_1_10' title="bbox 126 911 1135 980; baseline -0.004 -16"><span class='ocrx_word' id='word_1_61' title='bbox 126 916 198 980; x_wconf 80' lang='lat' dir='ltr'>Q.</span> <span class='ocrx_word' id='word_1_62' title='bbox 228 911 513 964; x_wconf 80' lang='lat' dir='ltr'>Minucius</span> <span class='ocrx_word' id='word_1_63' title='bbox 540 911 852 976; x_wconf 82' lang='lat' dir='ltr'>Thermus,</span> <span class='ocrx_word' id='word_1_64' title='bbox 892 914 1041 976; x_wconf 87' lang='lat' dir='ltr'>inops</span> <span class='ocrx_word' id='word_1_65' title='bbox 1072 912 1135 961; x_wconf 87' lang='lat' dir='ltr'>ab</span> 
     </span>
     <span class='ocr_line' id='line_1_11' title="bbox 195 982 1136 1044; baseline -0.007 -10"><span class='ocrx_word' id='word_1_66' title='bbox 195 985 375 1034; x_wconf 89' lang='lat' dir='ltr'>amicis</span> <span class='ocrx_word' id='word_1_67' title='bbox 412 991 461 1032; x_wconf 92' lang='lat' dir='ltr'>et</span> <span class='ocrx_word' id='word_1_68' title='bbox 498 983 871 1032; x_wconf 76' lang='lat' dir='ltr'>existimatione</span> <span class='ocrx_word' id='word_1_69' title='bbox 912 982 964 1028; x_wconf 92' lang='lat' dir='ltr'>in</span> <span class='ocrx_word' id='word_1_70' title='bbox 1006 982 1136 1044; x_wconf 87' lang='lat' dir='ltr'>peti-</span> 
     </span>
     <span class='ocr_line' id='line_1_12' title="bbox 196 1048 1135 1110; baseline -0.005 -8"><span class='ocrx_word' id='word_1_71' title='bbox 196 1054 333 1102; x_wconf 87' lang='lat' dir='ltr'>tione</span> <span class='ocrx_word' id='word_1_72' title='bbox 366 1051 659 1101; x_wconf 87' lang='lat' dir='ltr'>consulatus</span> <span class='ocrx_word' id='word_1_73' title='bbox 676 1066 723 1100; x_wconf 88' lang='lat' dir='ltr'>a.</span> <span class='ocrx_word' id='word_1_74' title='bbox 743 1066 795 1098; x_wconf 92' lang='lat' dir='ltr'>u.</span> <span class='ocrx_word' id='word_1_75' title='bbox 820 1065 865 1102; x_wconf 92' lang='lat' dir='ltr'>c.</span> <span class='ocrx_word' id='word_1_76' title='bbox 888 1048 1009 1101; x_wconf 84' lang='lat'>689.</span> <span class='ocrx_word' id='word_1_77' title='bbox 1029 1085 1042 1110; x_wconf 91' lang='lat'><em>‚</em></span> <span class='ocrx_word' id='word_1_78' title='bbox 1069 1049 1135 1098; x_wconf 89' lang='lat' dir='ltr'>ad</span> 
     </span>
     <span class='ocr_line' id='line_1_13' title="bbox 195 1118 1135 1183; baseline -0.005 -11"><span class='ocrx_word' id='word_1_79' title='bbox 195 1124 301 1174; x_wconf 86' lang='lat' dir='ltr'>Att.</span> <span class='ocrx_word' id='word_1_80' title='bbox 330 1123 373 1180; x_wconf 84' lang='lat'><strong>1,</strong></span> <span class='ocrx_word' id='word_1_81' title='bbox 400 1120 447 1183; x_wconf 93' lang='lat'><strong>1,</strong></span> <span class='ocrx_word' id='word_1_82' title='bbox 469 1121 518 1169; x_wconf 85' lang='lat'>2.</span> <span class='ocrx_word' id='word_1_83' title='bbox 552 1147 618 1156; x_wconf 91' lang='lat'>—-</span> <span class='ocrx_word' id='word_1_84' title='bbox 648 1118 858 1169; x_wconf 85' lang='lat' dir='ltr'>Curator</span> <span class='ocrx_word' id='word_1_85' title='bbox 887 1118 999 1167; x_wconf 83' lang='lat' dir='ltr'>viae</span> <span class='ocrx_word' id='word_1_86' title='bbox 1025 1119 1135 1167; x_wconf 78' lang='lat' dir='ltr'>Fla·</span> 
     </span>
     <span class='ocr_line' id='line_1_14' title="bbox 194 1190 507 1254; baseline -0.006 -14"><span class='ocrx_word' id='word_1_87' title='bbox 194 1192 401 1254; x_wconf 86' lang='lat' dir='ltr'>miniae,</span> <span class='ocrx_word' id='word_1_88' title='bbox 432 1190 507 1238; x_wconf 90' lang='lat' dir='ltr'>Ib.</span> 
     </span>
    </p>

    <p class='ocr_par' dir='ltr' id='par_1_5' title="bbox 128 1255 1138 2290">
     <span class='ocr_line' id='line_1_15' title="bbox 128 1255 1128 1325; baseline -0.001 -16"><span class='ocrx_word' id='word_1_89' title='bbox 128 1260 197 1325; x_wconf 79' lang='lat' dir='ltr'>Q.</span> <span class='ocrx_word' id='word_1_90' title='bbox 240 1255 521 1324; x_wconf 83' lang='lat' dir='ltr'>Minucius</span> <span class='ocrx_word' id='word_1_91' title='bbox 556 1255 871 1320; x_wconf 83' lang='lat' dir='ltr'>Thermus,</span> <span class='ocrx_word' id='word_1_92' title='bbox 920 1271 967 1305; x_wconf 85' lang='lat' dir='ltr'>a.</span> <span class='ocrx_word' id='word_1_93' title='bbox 998 1272 1049 1308; x_wconf 90' lang='grc' dir='ltr'>ιι.</span> <span class='ocrx_word' id='word_1_94' title='bbox 1087 1271 1128 1308; x_wconf 77' lang='lat' dir='ltr'>c.</span> 
     </span>
     <span class='ocr_line' id='line_1_16' title="bbox 195 1326 1135 1390; baseline -0.006 -12"><span class='ocrx_word' id='word_1_95' title='bbox 195 1327 493 1378; x_wconf 82' lang='lat'>702-704.</span> <span class='ocrx_word' id='word_1_96' title='bbox 560 1341 650 1388; x_wconf 85' lang='lat' dir='ltr'>pro</span> <span class='ocrx_word' id='word_1_97' title='bbox 686 1336 919 1390; x_wconf 84' lang='lat' dir='ltr'>praetore</span> <span class='ocrx_word' id='word_1_98' title='bbox 958 1326 1135 1376; x_wconf 82' lang='lat' dir='ltr'>Asiam</span> 
     </span>
     <span class='ocr_line' id='line_1_17' title="bbox 193 1393 1132 1448; baseline -0.002 -2"><span class='ocrx_word' id='word_1_99' title='bbox 193 1397 457 1446; x_wconf 80' lang='lat' dir='ltr'><strong>obtinebat</strong></span> <span class='ocrx_word' id='word_1_100' title='bbox 513 1411 561 1447; x_wconf 88' lang='lat' dir='ltr'>a.</span> <span class='ocrx_word' id='word_1_101' title='bbox 616 1412 665 1443; x_wconf 92' lang='grc' dir='ltr'>ιι.</span> <span class='ocrx_word' id='word_1_102' title='bbox 713 1411 756 1448; x_wconf 83' lang='lat' dir='ltr'>c.</span> <span class='ocrx_word' id='word_1_103' title='bbox 803 1395 903 1446; x_wconf 81' lang='lat'>702</span> <span class='ocrx_word' id='word_1_104' title='bbox 924 1421 989 1430; x_wconf 89' lang='lat'>—</span> <span class='ocrx_word' id='word_1_105' title='bbox 1011 1393 1132 1445; x_wconf 88' lang='grc'><strong>704.</strong></span> 
     </span>
     <span class='ocr_line' id='line_1_18' title="bbox 207 1462 1135 1528; baseline -0.004 -12"><span class='ocrx_word' id='word_1_106' title='bbox 207 1468 290 1516; x_wconf 84' lang='lat' dir='ltr'>Ad</span> <span class='ocrx_word' id='word_1_107' title='bbox 308 1481 422 1514; x_wconf 85' lang='lat' dir='ltr'>eum</span> <span class='ocrx_word' id='word_1_108' title='bbox 446 1465 663 1528; x_wconf 88' lang='lat' dir='ltr'>scriptae</span> <span class='ocrx_word' id='word_1_109' title='bbox 684 1471 801 1511; x_wconf 86' lang='lat' dir='ltr'>sunt</span> <span class='ocrx_word' id='word_1_110' title='bbox 819 1465 883 1514; x_wconf 84' lang='lat' dir='ltr'>ad</span> <span class='ocrx_word' id='word_1_111' title='bbox 906 1463 1025 1512; x_wconf 85' lang='lat' dir='ltr'>fam.</span> <span class='ocrx_word' id='word_1_112' title='bbox 1053 1462 1135 1521; x_wconf 84' lang='lat'><strong>13,</strong></span> 
     </span>
     <span class='ocr_line' id='line_1_19' title="bbox 196 1531 1131 1601; baseline -0.004 -16"><span class='ocrx_word' id='word_1_113' title='bbox 196 1551 279 1601; x_wconf 88' lang='lat' dir='ltr'>ep.</span> <span class='ocrx_word' id='word_1_114' title='bbox 304 1533 525 1585; x_wconf 74' lang='lat'><strong>33—57.</strong></span> <span class='ocrx_word' id='word_1_115' title='bbox 567 1533 632 1582; x_wconf 91' lang='lat' dir='ltr'>ad</span> <span class='ocrx_word' id='word_1_116' title='bbox 650 1534 755 1582; x_wconf 87' lang='lat' dir='ltr'>Att.</span> <span class='ocrx_word' id='word_1_117' title='bbox 786 1534 838 1593; x_wconf 85' lang='lat'><strong>5,</strong></span> <span class='ocrx_word' id='word_1_118' title='bbox 863 1532 945 1594; x_wconf 86' lang='lat'><strong>13,</strong></span> <span class='ocrx_word' id='word_1_119' title='bbox 967 1533 1018 1582; x_wconf 82' lang='lat'>2.</span> <span class='ocrx_word' id='word_1_120' title='bbox 1060 1531 1131 1581; x_wconf 75' lang='lat' dir='ltr'>lb.</span> 
     </span>
     <span class='ocr_line' id='line_1_20' title="bbox 196 1599 1137 1665; baseline -0.007 -10"><span class='ocrx_word' id='word_1_121' title='bbox 196 1606 248 1665; x_wconf 89' lang='grc'><strong>5,</strong></span> <span class='ocrx_word' id='word_1_122' title='bbox 272 1604 357 1663; x_wconf 93' lang='grc'>20,</span> <span class='ocrx_word' id='word_1_123' title='bbox 380 1604 463 1654; x_wconf 88' lang='grc'>10.</span> <span class='ocrx_word' id='word_1_124' title='bbox 506 1604 575 1652; x_wconf 89' lang='lat' dir='ltr'>lb.</span> <span class='ocrx_word' id='word_1_125' title='bbox 598 1601 650 1664; x_wconf 89' lang='grc'>5,</span> <span class='ocrx_word' id='word_1_126' title='bbox 671 1601 755 1662; x_wconf 90' lang='grc'>21,</span> <span class='ocrx_word' id='word_1_127' title='bbox 783 1602 863 1652; x_wconf 90' lang='grc'>14.</span> <span class='ocrx_word' id='word_1_128' title='bbox 886 1627 955 1637; x_wconf 92' lang='grc'>-</span> <span class='ocrx_word' id='word_1_129' title='bbox 976 1599 1137 1650; x_wconf 90' lang='lat' dir='ltr'>Valde</span> 
     </span>
     <span class='ocr_line' id='line_1_21' title="bbox 194 1669 1138 1737; baseline -0.006 -13"><span class='ocrx_word' id='word_1_130' title='bbox 194 1691 251 1724; x_wconf 87' lang='lat' dir='ltr'>se</span> <span class='ocrx_word' id='word_1_131' title='bbox 271 1673 485 1722; x_wconf 83' lang='lat' dir='ltr'><strong>honeste</strong></span> <span class='ocrx_word' id='word_1_132' title='bbox 508 1674 665 1737; x_wconf 85' lang='lat' dir='ltr'>gerit,</span> <span class='ocrx_word' id='word_1_133' title='bbox 706 1670 780 1720; x_wconf 89' lang='lat' dir='ltr'>lb.</span> <span class='ocrx_word' id='word_1_134' title='bbox 802 1670 853 1732; x_wconf 88' lang='grc'><strong>6,</strong></span> <span class='ocrx_word' id='word_1_135' title='bbox 877 1671 924 1729; x_wconf 86' lang='grc'>1,</span> <span class='ocrx_word' id='word_1_136' title='bbox 951 1671 1031 1722; x_wconf 85' lang='grc'>13.</span> <span class='ocrx_word' id='word_1_137' title='bbox 1070 1669 1138 1718; x_wconf 86' lang='lat' dir='ltr'>ad</span> 
     </span>
     <span class='ocr_line' id='line_1_22' title="bbox 195 1739 1138 1807; baseline -0.005 -16"><span class='ocrx_word' id='word_1_138' title='bbox 195 1743 316 1793; x_wconf 81' lang='lat' dir='ltr'>fam.</span> <span class='ocrx_word' id='word_1_139' title='bbox 346 1743 397 1807; x_wconf 92' lang='grc'>2,</span> <span class='ocrx_word' id='word_1_140' title='bbox 420 1742 502 1806; x_wconf 88' lang='grc'><strong>17,</strong></span> <span class='ocrx_word' id='word_1_141' title='bbox 522 1740 574 1791; x_wconf 90' lang='grc'>6.</span> <span class='ocrx_word' id='word_1_142' title='bbox 598 1766 667 1776; x_wconf 93' lang='lat'>—-</span> <span class='ocrx_word' id='word_1_143' title='bbox 688 1740 769 1788; x_wconf 90' lang='lat' dir='ltr'>Ad</span> <span class='ocrx_word' id='word_1_144' title='bbox 798 1754 911 1788; x_wconf 91' lang='lat' dir='ltr'>eum</span> <span class='ocrx_word' id='word_1_145' title='bbox 946 1739 1138 1802; x_wconf 82' lang='lat' dir='ltr'>scripta</span> 
     </span>
     <span class='ocr_line' id='line_1_23' title="bbox 196 1807 1135 1874; baseline -0.006 -14"><span class='ocrx_word' id='word_1_146' title='bbox 196 1820 274 1860; x_wconf 91' lang='lat' dir='ltr'>est</span> <span class='ocrx_word' id='word_1_147' title='bbox 306 1813 378 1860; x_wconf 87' lang='lat' dir='ltr'>lb.</span> <span class='ocrx_word' id='word_1_148' title='bbox 412 1811 464 1858; x_wconf 90' lang='grc'>2.</span> <span class='ocrx_word' id='word_1_149' title='bbox 524 1825 605 1874; x_wconf 85' lang='lat' dir='ltr'>ep.</span> <span class='ocrx_word' id='word_1_150' title='bbox 639 1807 721 1858; x_wconf 90' lang='lat'>18.</span> <span class='ocrx_word' id='word_1_151' title='bbox 755 1833 823 1844; x_wconf 89' lang='lat'>-·</span> <span class='ocrx_word' id='word_1_152' title='bbox 868 1807 1135 1867; x_wconf 65' lang='lat' dir='ltr'>Thermus»,</span> 
     </span>
     <span class='ocr_line' id='line_1_24' title="bbox 198 1877 1137 1946; baseline -0.004 -16"><span class='ocrx_word' id='word_1_153' title='bbox 198 1879 553 1946; x_wconf 70' lang='lat' dir='ltr'><strong>Pompeianae,</strong></span> <span class='ocrx_word' id='word_1_154' title='bbox 572 1877 741 1943; x_wconf 84' lang='lat' dir='ltr'>Iguvii</span> <span class='ocrx_word' id='word_1_155' title='bbox 760 1877 945 1943; x_wconf 80' lang='lat' dir='ltr'>agebat</span> <span class='ocrx_word' id='word_1_156' title='bbox 963 1891 1137 1927; x_wconf 90' lang='lat' dir='ltr'>mense</span> 
     </span>
     <span class='ocr_line' id='line_1_25' title="bbox 194 1945 1135 2010; baseline -0.005 -11"><span class='ocrx_word' id='word_1_157' title='bbox 194 1952 429 1999; x_wconf 86' lang='lat' dir='ltr'>Ianuario</span> <span class='ocrx_word' id='word_1_158' title='bbox 452 1964 498 1997; x_wconf 86' lang='lat' dir='ltr'>a.</span> <span class='ocrx_word' id='word_1_159' title='bbox 520 1963 571 1997; x_wconf 92' lang='grc' dir='ltr'>ιι.</span> <span class='ocrx_word' id='word_1_160' title='bbox 596 1964 639 1997; x_wconf 90' lang='lat' dir='ltr'>c.</span> <span class='ocrx_word' id='word_1_161' title='bbox 670 1945 818 2010; x_wconf 56' lang='lat'>705„</span> <span class='ocrx_word' id='word_1_162' title='bbox 859 1948 923 1995; x_wconf 85' lang='lat' dir='ltr'>ad</span> <span class='ocrx_word' id='word_1_163' title='bbox 946 1950 1048 1995; x_wconf 82' lang='lat' dir='ltr'>Att.</span> <span class='ocrx_word' id='word_1_164' title='bbox 1083 1946 1135 2008; x_wconf 88' lang='lat'><strong>7,</strong></span> 
     </span>
     <span class='ocr_line' id='line_1_26' title="bbox 196 2014 1138 2079; baseline -0.005 -11"><span class='ocrx_word' id='word_1_165' title='bbox 196 2019 261 2070; x_wconf 87' lang='lat'>13</span> <span class='ocrx_word' id='word_1_166' title='bbox 282 2020 333 2073; x_wconf 81' lang='lat' dir='ltr'>b.</span> <span class='ocrx_word' id='word_1_167' title='bbox 357 2020 407 2067; x_wconf 91' lang='grc'><strong>7.</strong></span> <span class='ocrx_word' id='word_1_168' title='bbox 466 2018 538 2070; x_wconf 87' lang='lat' dir='ltr'>Ib.</span> <span class='ocrx_word' id='word_1_169' title='bbox 562 2018 612 2079; x_wconf 81' lang='lat'><strong>7,</strong></span> <span class='ocrx_word' id='word_1_170' title='bbox 633 2016 719 2077; x_wconf 82' lang='lat'><strong>23,</strong></span> <span class='ocrx_word' id='word_1_171' title='bbox 745 2016 793 2069; x_wconf 91' lang='lat' dir='ltr'>l.</span> <span class='ocrx_word' id='word_1_172' title='bbox 814 2044 885 2053; x_wconf 92' lang='lat'>—</span> <span class='ocrx_word' id='word_1_173' title='bbox 910 2014 1138 2075; x_wconf 86' lang='lat' dir='ltr'>Q.Ther-·</span> 
     </span>
     <span class='ocr_line' id='line_1_27' title="bbox 194 2083 1131 2153; baseline -0.004 -16"><span class='ocrx_word' id='word_1_174' title='bbox 194 2103 329 2149; x_wconf 87' lang='lat' dir='ltr'>mus,</span> <span class='ocrx_word' id='word_1_175' title='bbox 368 2083 673 2153; x_wconf 79' lang='lat' dir='ltr'>praetorius,</span> <span class='ocrx_word' id='word_1_176' title='bbox 714 2101 745 2134; x_wconf 90' lang='lat' dir='ltr'>a</span> <span class='ocrx_word' id='word_1_177' title='bbox 765 2084 832 2136; x_wconf 91' lang='lat' dir='ltr'>M.</span> <span class='ocrx_word' id='word_1_178' title='bbox 855 2085 1051 2149; x_wconf 77' lang='lat' dir='ltr'>Lepido</span> <span class='ocrx_word' id='word_1_179' title='bbox 1084 2100 1131 2133; x_wconf 85' lang='lat' dir='ltr'>a.</span> 
     </span>
     <span class='ocr_line' id='line_1_28' title="bbox 196 2153 1132 2220; baseline -0.001 -17"><span class='ocrx_word' id='word_1_180' title='bbox 196 2175 247 2206; x_wconf 82' lang='lat' dir='ltr'>u.</span> <span class='ocrx_word' id='word_1_181' title='bbox 272 2172 316 2210; x_wconf 80' lang='lat' dir='ltr'>c,</span> <span class='ocrx_word' id='word_1_182' title='bbox 340 2156 461 2208; x_wconf 87' lang='lat'><strong>711.</strong></span> <span class='ocrx_word' id='word_1_183' title='bbox 501 2155 695 2220; x_wconf 79' lang='lat' dir='ltr'>legatus</span> <span class='ocrx_word' id='word_1_184' title='bbox 716 2156 902 2204; x_wconf 82' lang='lat' dir='ltr'>missus</span> <span class='ocrx_word' id='word_1_185' title='bbox 927 2155 991 2203; x_wconf 88' lang='lat' dir='ltr'>ad</span> <span class='ocrx_word' id='word_1_186' title='bbox 1013 2153 1132 2203; x_wconf 85' lang='lat' dir='ltr'>Sex.</span> 
     </span>
     <span class='ocr_line' id='line_1_29' title="bbox 196 2221 1064 2290; baseline -0.005 -15"><span class='ocrx_word' id='word_1_187' title='bbox 196 2226 512 2290; x_wconf 87' lang='lat' dir='ltr'>Pompeium,</span> <span class='ocrx_word' id='word_1_188' title='bbox 549 2224 774 2288; x_wconf 87' lang='lat' dir='ltr'><strong>Philipp.</strong></span> <span class='ocrx_word' id='word_1_189' title='bbox 800 2221 880 2287; x_wconf 88' lang='lat'><strong>13,</strong></span> <span class='ocrx_word' id='word_1_190' title='bbox 904 2223 957 2287; x_wconf 91' lang='grc'>6,</span> <span class='ocrx_word' id='word_1_191' title='bbox 984 2221 1064 2274; x_wconf 87' lang='grc'>13.</span> 
     </span>
    </p>

    <p class='ocr_par' dir='ltr' id='par_1_6' title="bbox 130 2310 1143 2983">
     <span class='ocr_line' id='line_1_30' title="bbox 130 2310 1137 2376; baseline -0.004 -15"><span class='ocrx_word' id='word_1_192' title='bbox 130 2310 409 2362; x_wconf 80' lang='lat' dir='ltr'><strong>Misenum</strong></span> <span class='ocrx_word' id='word_1_193' title='bbox 427 2311 827 2376; x_wconf 84' lang='lat' dir='ltr'>promontorium</span> <span class='ocrx_word' id='word_1_194' title='bbox 844 2346 858 2370; x_wconf 95' lang='lat'><strong>,</strong></span> <span class='ocrx_word' id='word_1_195' title='bbox 894 2316 1068 2375; x_wconf 89' lang='lat' dir='ltr'>portus</span> <span class='ocrx_word' id='word_1_196' title='bbox 1090 2317 1137 2358; x_wconf 85' lang='lat' dir='ltr'>et</span> 
     </span>
     <span class='ocr_line' id='line_1_31' title="bbox 199 2378 1137 2447; baseline -0.005 -15"><span class='ocrx_word' id='word_1_197' title='bbox 199 2382 442 2446; x_wconf 86' lang='lat' dir='ltr'>oppidum</span> <span class='ocrx_word' id='word_1_198' title='bbox 469 2380 792 2447; x_wconf 79' lang='lat' dir='ltr'><strong>Campaniae,</strong></span> <span class='ocrx_word' id='word_1_199' title='bbox 831 2379 921 2427; x_wconf 89' lang='lat' dir='ltr'>ubi</span> <span class='ocrx_word' id='word_1_200' title='bbox 941 2378 1008 2428; x_wconf 88' lang='lat' dir='ltr'>M.</span> <span class='ocrx_word' id='word_1_201' title='bbox 1037 2380 1137 2427; x_wconf 82' lang='lat' dir='ltr'>An-</span> 
     </span>
     <span class='ocr_line' id='line_1_32' title="bbox 196 2448 1136 2507; baseline -0.003 -9"><span class='ocrx_word' id='word_1_202' title='bbox 196 2452 323 2501; x_wconf 84' lang='lat' dir='ltr'>tonii</span> <span class='ocrx_word' id='word_1_203' title='bbox 355 2450 568 2501; x_wconf 85' lang='lat' dir='ltr'>oratoris</span> <span class='ocrx_word' id='word_1_204' title='bbox 593 2448 721 2498; x_wconf 87' lang='lat' dir='ltr'>villa</span> <span class='ocrx_word' id='word_1_205' title='bbox 756 2454 887 2507; x_wconf 82' lang='lat' dir='ltr'>erat,</span> <span class='ocrx_word' id='word_1_206' title='bbox 926 2448 988 2497; x_wconf 91' lang='lat' dir='ltr'>de</span> <span class='ocrx_word' id='word_1_207' title='bbox 1011 2455 1136 2498; x_wconf 86' lang='lat' dir='ltr'>orat.</span> 
     </span>
     <span class='ocr_line' id='line_1_33' title="bbox 193 2517 1140 2583; baseline -0.006 -14"><span class='ocrx_word' id='word_1_208' title='bbox 193 2521 247 2582; x_wconf 88' lang='grc'><strong>2,</strong></span> <span class='ocrx_word' id='word_1_209' title='bbox 272 2519 353 2577; x_wconf 87' lang='grc'>14,</span> <span class='ocrx_word' id='word_1_210' title='bbox 373 2518 461 2573; x_wconf 90' lang='grc'>60.</span> <span class='ocrx_word' id='word_1_211' title='bbox 474 2544 541 2553; x_wconf 89' lang='grc'>·-</span> <span class='ocrx_word' id='word_1_212' title='bbox 556 2518 678 2569; x_wconf 88' lang='lat' dir='ltr'>Item</span> <span class='ocrx_word' id='word_1_213' title='bbox 694 2517 759 2567; x_wconf 90' lang='lat' dir='ltr'>M.</span> <span class='ocrx_word' id='word_1_214' title='bbox 777 2517 981 2567; x_wconf 79' lang='lat' dir='ltr'>Antonii</span> <span class='ocrx_word' id='word_1_215' title='bbox 1000 2524 1140 2583; x_wconf 86' lang='lat' dir='ltr'>post-</span> 
     </span>
     <span class='ocr_line' id='line_1_34' title="bbox 200 2584 1135 2653; baseline -0.002 -17"><span class='ocrx_word' id='word_1_216' title='bbox 200 2604 259 2637; x_wconf 87' lang='lat' dir='ltr'>ea</span> <span class='ocrx_word' id='word_1_217' title='bbox 292 2588 563 2648; x_wconf 80' lang='lat' dir='ltr'>triumviri,</span> <span class='ocrx_word' id='word_1_218' title='bbox 602 2587 830 2653; x_wconf 77' lang='lat' dir='ltr'>Philipp.</span> <span class='ocrx_word' id='word_1_219' title='bbox 852 2588 904 2646; x_wconf 87' lang='grc'>2,</span> <span class='ocrx_word' id='word_1_220' title='bbox 930 2584 1012 2644; x_wconf 92' lang='grc'>19,</span> <span class='ocrx_word' id='word_1_221' title='bbox 1051 2584 1135 2634; x_wconf 87' lang='grc'><strong>48.</strong></span> 
     </span>
     <span class='ocr_line' id='line_1_35' title="bbox 196 2651 1137 2719; baseline 0 -14"><span class='ocrx_word' id='word_1_222' title='bbox 196 2658 263 2706; x_wconf 83' lang='lat' dir='ltr'>ad</span> <span class='ocrx_word' id='word_1_223' title='bbox 285 2657 389 2709; x_wconf 81' lang='lat' dir='ltr'>Att.</span> <span class='ocrx_word' id='word_1_224' title='bbox 424 2656 515 2716; x_wconf 86' lang='lat'><strong>10,</strong></span> <span class='ocrx_word' id='word_1_225' title='bbox 538 2656 591 2719; x_wconf 89' lang='grc'><strong>8,</strong></span> <span class='ocrx_word' id='word_1_226' title='bbox 616 2656 701 2706; x_wconf 90' lang='grc'><strong>10.</strong></span> <span class='ocrx_word' id='word_1_227' title='bbox 751 2656 825 2705; x_wconf 91' lang='lat' dir='ltr'>lb.</span> <span class='ocrx_word' id='word_1_228' title='bbox 855 2655 918 2704; x_wconf 84' lang='lat'>14</span> <span class='ocrx_word' id='word_1_229' title='bbox 936 2691 949 2712; x_wconf 91' lang='lat'><strong>,</strong></span> <span class='ocrx_word' id='word_1_230' title='bbox 971 2651 1067 2713; x_wconf 88' lang='grc'>20,</span> <span class='ocrx_word' id='word_1_231' title='bbox 1085 2654 1137 2706; x_wconf 91' lang='grc'>2.</span> 
     </span>
     <span class='ocr_line' id='line_1_36' title="bbox 196 2724 1141 2791; baseline -0.004 -16"><span class='ocrx_word' id='word_1_232' title='bbox 196 2726 272 2775; x_wconf 86' lang='lat' dir='ltr'>lb.</span> <span class='ocrx_word' id='word_1_233' title='bbox 290 2726 376 2791; x_wconf 87' lang='lat'><strong>15,</strong></span> <span class='ocrx_word' id='word_1_234' title='bbox 395 2726 441 2785; x_wconf 93' lang='lat'><strong>1,</strong></span> <span class='ocrx_word' id='word_1_235' title='bbox 457 2725 506 2774; x_wconf 93' lang='grc'><strong>2.</strong></span> <span class='ocrx_word' id='word_1_236' title='bbox 523 2725 854 2774; x_wconf 81' lang='lat' dir='ltr'>—Misenum</span> <span class='ocrx_word' id='word_1_237' title='bbox 875 2740 903 2772; x_wconf 89' lang='lat' dir='ltr'>a</span> <span class='ocrx_word' id='word_1_238' title='bbox 925 2724 1141 2788; x_wconf 88' lang='lat' dir='ltr'>praedo-</span> 
     </span>
     <span class='ocr_line' id='line_1_37' title="bbox 198 2793 1141 2855; baseline -0.003 -11"><span class='ocrx_word' id='word_1_239' title='bbox 198 2796 349 2844; x_wconf 88' lang='lat' dir='ltr'>nibus</span> <span class='ocrx_word' id='word_1_240' title='bbox 383 2794 738 2845; x_wconf 85' lang='lat' dir='ltr'>Ciliciensibus</span> <span class='ocrx_word' id='word_1_241' title='bbox 761 2802 997 2843; x_wconf 81' lang='lat' dir='ltr'>vexatum</span> <span class='ocrx_word' id='word_1_242' title='bbox 1019 2829 1033 2855; x_wconf 93' lang='lat'><strong>,</strong></span> <span class='ocrx_word' id='word_1_243' title='bbox 1077 2793 1141 2841; x_wconf 92' lang='lat' dir='ltr'>de</span> 
     </span>
     <span class='ocr_line' id='line_1_38' title="bbox 198 2860 1141 2928; baseline -0.002 -17"><span class='ocrx_word' id='word_1_244' title='bbox 198 2866 319 2928; x_wconf 87' lang='lat' dir='ltr'>imp.</span> <span class='ocrx_word' id='word_1_245' title='bbox 338 2863 427 2913; x_wconf 91' lang='lat' dir='ltr'>Cn.</span> <span class='ocrx_word' id='word_1_246' title='bbox 449 2865 626 2928; x_wconf 89' lang='lat' dir='ltr'>Pomp.</span> <span class='ocrx_word' id='word_1_247' title='bbox 651 2863 734 2926; x_wconf 87' lang='grc'>12,</span> <span class='ocrx_word' id='word_1_248' title='bbox 758 2860 843 2914; x_wconf 87' lang='grc'>33.</span> <span class='ocrx_word' id='word_1_249' title='bbox 862 2894 930 2902; x_wconf 91' lang='grc'><strong>-</strong></span> <span class='ocrx_word' id='word_1_250' title='bbox 954 2861 1141 2911; x_wconf 83' lang='grc' dir='ltr'><em>Τοπο-</em></span> 
     </span>
     <span class='ocr_line' id='line_1_39' title="bbox 196 2930 1143 2983; baseline 0 -2"><span class='ocrx_word' id='word_1_251' title='bbox 196 2930 367 2981; x_wconf 62' lang='lat' dir='ltr'>&amp;sola</span> <span class='ocrx_word' id='word_1_252' title='bbox 407 2931 588 2981; x_wconf 83' lang='lat' dir='ltr'>Miseni</span> <span class='ocrx_word' id='word_1_253' title='bbox 634 2938 683 2983; x_wconf 86' lang='lat' dir='ltr'>et</span> <span class='ocrx_word' id='word_1_254' title='bbox 730 2932 1050 2981; x_wconf 78' lang='lat' dir='ltr'>Puteolorum</span> <span class='ocrx_word' id='word_1_255' title='bbox 1110 2946 1143 2981; x_wconf 86' lang='lat' dir='ltr'>a</span> 
     </span>
    </p>
   </div>
   <div class='ocr_carea' id='block_1_4' title="bbox 200 3000 1136 3121">
    <p class='ocr_par' dir='ltr' id='par_1_7' title="bbox 200 3000 1136 3121">
     <span class='ocr_line' id='line_1_40' title="bbox 200 3000 1136 3121; baseline -0.001 -71"><span class='ocrx_word' id='word_1_256' title='bbox 200 3000 435 3121; x_wconf 39' lang='lat' dir='ltr'>{lsscegonc</span> <span class='ocrx_word' id='word_1_257' title='bbox 474 3000 764 3062; x_wconf 78' lang='lat' dir='ltr'>elaborata,</span> <span class='ocrx_word' id='word_1_258' title='bbox 824 3001 891 3051; x_wconf 84' lang='lat' dir='ltr'>ad</span> <span class='ocrx_word' id='word_1_259' title='bbox 930 3002 1031 3049; x_wconf 87' lang='lat' dir='ltr'>Att.</span> <span class='ocrx_word' id='word_1_260' title='bbox 1089 3001 1136 3063; x_wconf 92' lang='lat'><strong>1,</strong></span> 
     </span>
    </p>
   </div>
   <div class='ocr_carea' id='block_1_5' title="bbox 134 3154 1136 3307">
    <p class='ocr_par' dir='ltr' id='par_1_8' title="bbox 134 3154 1136 3307">
     <span class='ocr_line' id='line_1_41' title="bbox 134 3154 1041 3223; baseline 0.002 -18"><span class='ocrx_word' id='word_1_261' title='bbox 134 3154 364 3207; x_wconf 83' lang='lat' dir='ltr'>Miseria</span> <span class='ocrx_word' id='word_1_262' title='bbox 393 3157 506 3218; x_wconf 88' lang='lat' dir='ltr'>dea,</span> <span class='ocrx_word' id='word_1_263' title='bbox 546 3157 609 3207; x_wconf 90' lang='lat' dir='ltr'>de</span> <span class='ocrx_word' id='word_1_264' title='bbox 628 3173 680 3207; x_wconf 89' lang='lat' dir='ltr'>n.</span> <span class='ocrx_word' id='word_1_265' title='bbox 708 3158 757 3207; x_wconf 89' lang='lat' dir='ltr'>d.</span> <span class='ocrx_word' id='word_1_266' title='bbox 779 3158 827 3220; x_wconf 86' lang='lat'><strong>3,</strong></span> <span class='ocrx_word' id='word_1_267' title='bbox 853 3156 936 3223; x_wconf 90' lang='grc'>17,</span> <span class='ocrx_word' id='word_1_268' title='bbox 958 3159 1041 3208; x_wconf 90' lang='grc'>44.</span> 
     </span>
     <span class='ocr_line' id='line_1_42' title="bbox 134 3236 1136 3307; baseline 0.002 -20"><span class='ocrx_word' id='word_1_269' title='bbox 134 3236 493 3291; x_wconf 81' lang='lat' dir='ltr'>Mithridates</span> <span class='ocrx_word' id='word_1_270' title='bbox 513 3240 605 3291; x_wconf 87' lang='lat' dir='ltr'>VI.</span> <span class='ocrx_word' id='word_1_271' title='bbox 626 3240 877 3307; x_wconf 84' lang='lat' dir='ltr'>Eupater</span> <span class='ocrx_word' id='word_1_272' title='bbox 896 3242 1005 3291; x_wconf 87' lang='lat' dir='ltr'>sive</span> <span class='ocrx_word' id='word_1_273' title='bbox 1014 3240 1136 3290; x_wconf 89' lang='lat' dir='ltr'>Ma-</span> 
     </span>
    </p>
   </div>
   <div class='ocr_carea' id='block_1_6' title="bbox 1273 343 2241 3237">
    <p class='ocr_par' dir='ltr' id='par_1_9' title="bbox 1274 343 2216 1372">
     <span class='ocr_line' id='line_1_43' title="bbox 1280 343 2216 410; baseline 0.002 -16"><span class='ocrx_word' id='word_1_274' title='bbox 1280 344 1420 395; x_wconf 79' lang='lat' dir='ltr'>fecit.</span> <span class='ocrx_word' id='word_1_275' title='bbox 1465 374 1528 382; x_wconf 85' lang='lat'>—</span> <span class='ocrx_word' id='word_1_276' title='bbox 1577 343 1897 394; x_wconf 80' lang='lat' dir='ltr'>Mithridates</span> <span class='ocrx_word' id='word_1_277' title='bbox 1957 360 2044 393; x_wconf 83' lang='lat' dir='ltr'>rex</span> <span class='ocrx_word' id='word_1_278' title='bbox 2099 356 2216 410; x_wconf 84' lang='lat' dir='ltr'>post</span> 
     </span>
     <span class='ocr_line' id='line_1_44' title="bbox 1277 413 2215 474; baseline 0 -11"><span class='ocrx_word' id='word_1_279' title='bbox 1277 414 1622 464; x_wconf 78' lang='lat' dir='ltr'>Alexandrum</span> <span class='ocrx_word' id='word_1_280' title='bbox 1645 415 1924 474; x_wconf 83' lang='lat' dir='ltr'>maximus,</span> <span class='ocrx_word' id='word_1_281' title='bbox 1945 413 2004 462; x_wconf 89' lang='lat' dir='ltr'>L.</span> <span class='ocrx_word' id='word_1_282' title='bbox 2029 413 2215 465; x_wconf 85' lang='lat' dir='ltr'>Lucul-</span> 
     </span>
     <span class='ocr_line' id='line_1_45' title="bbox 1279 482 2216 549; baseline 0 -18"><span class='ocrx_word' id='word_1_283' title='bbox 1279 483 1382 533; x_wconf 89' lang='lat' dir='ltr'>lum</span> <span class='ocrx_word' id='word_1_284' title='bbox 1414 499 1446 533; x_wconf 90' lang='lat' dir='ltr'>a</span> <span class='ocrx_word' id='word_1_285' title='bbox 1474 498 1529 532; x_wconf 87' lang='lat' dir='ltr'>se</span> <span class='ocrx_word' id='word_1_286' title='bbox 1561 483 1802 533; x_wconf 87' lang='lat' dir='ltr'>maiorem</span> <span class='ocrx_word' id='word_1_287' title='bbox 1825 482 2006 532; x_wconf 87' lang='lat' dir='ltr'>ducem</span> <span class='ocrx_word' id='word_1_288' title='bbox 2038 485 2216 549; x_wconf 84' lang='lat' dir='ltr'>cogni-</span> 
     </span>
     <span class='ocr_line' id='line_1_46' title="bbox 1277 561 2214 616; baseline 0.004 -16"><span class='ocrx_word' id='word_1_289' title='bbox 1277 561 1383 602; x_wconf 87' lang='lat' dir='ltr'>tum</span> <span class='ocrx_word' id='word_1_290' title='bbox 1405 567 1554 616; x_wconf 82' lang='lat' dir='ltr'>quam</span> <span class='ocrx_word' id='word_1_291' title='bbox 1571 565 1874 616; x_wconf 86' lang='lat' dir='ltr'>quemquam</span> <span class='ocrx_word' id='word_1_292' title='bbox 1895 566 2066 602; x_wconf 87' lang='lat' dir='ltr'>eorum</span> <span class='ocrx_word' id='word_1_293' title='bbox 2088 568 2214 614; x_wconf 87' lang='lat' dir='ltr'>quos</span> 
     </span>
     <span class='ocr_line' id='line_1_47' title="bbox 1279 620 2214 688; baseline 0.001 -18"><span class='ocrx_word' id='word_1_294' title='bbox 1279 621 1490 688; x_wconf 79' lang='lat' dir='ltr'>legisset</span> <span class='ocrx_word' id='word_1_295' title='bbox 1513 621 1781 682; x_wconf 81' lang='lat' dir='ltr'>fatebatur,</span> <span class='ocrx_word' id='word_1_296' title='bbox 1811 620 1972 672; x_wconf 87' lang='lat' dir='ltr'>Acad.</span> <span class='ocrx_word' id='word_1_297' title='bbox 1995 635 2072 684; x_wconf 89' lang='lat' dir='ltr'>pr.</span> <span class='ocrx_word' id='word_1_298' title='bbox 2093 623 2143 675; x_wconf 85' lang='grc'>2,</span> <span class='ocrx_word' id='word_1_299' title='bbox 2167 623 2214 678; x_wconf 86' lang='grc'>1,</span> 
     </span>
     <span class='ocr_line' id='line_1_48' title="bbox 1277 688 2216 756; baseline -0.003 -15"><span class='ocrx_word' id='word_1_300' title='bbox 1277 688 1327 741; x_wconf 83' lang='lat'>3.</span> <span class='ocrx_word' id='word_1_301' title='bbox 1359 717 1427 727; x_wconf 93' lang='lat'>——</span> <span class='ocrx_word' id='word_1_302' title='bbox 1460 689 1798 739; x_wconf 85' lang='lat' dir='ltr'>Mithridatem</span> <span class='ocrx_word' id='word_1_303' title='bbox 1831 704 2001 738; x_wconf 84' lang='lat' dir='ltr'>rerum</span> <span class='ocrx_word' id='word_1_304' title='bbox 2044 698 2216 756; x_wconf 81' lang='lat' dir='ltr'>gesta-</span> 
     </span>
     <span class='ocr_line' id='line_1_49' title="bbox 1277 759 2216 825; baseline -0.003 -15"><span class='ocrx_word' id='word_1_305' title='bbox 1277 774 1388 810; x_wconf 84' lang='lat' dir='ltr'>rum</span> <span class='ocrx_word' id='word_1_306' title='bbox 1413 759 1787 824; x_wconf 81' lang='lat' dir='ltr'>magnitudine,</span> <span class='ocrx_word' id='word_1_307' title='bbox 1827 759 2058 818; x_wconf 76' lang='lat' dir='ltr'>omnibus</span> <span class='ocrx_word' id='word_1_308' title='bbox 2081 761 2216 825; x_wconf 79' lang='lat' dir='ltr'>reg-i-</span> 
     </span>
     <span class='ocr_line' id='line_1_50' title="bbox 1277 827 2216 893; baseline 0 -17"><span class='ocrx_word' id='word_1_309' title='bbox 1277 829 1372 876; x_wconf 90' lang='lat' dir='ltr'>bus</span> <span class='ocrx_word' id='word_1_310' title='bbox 1394 865 1406 887; x_wconf 97' lang='lat'><strong>,</strong></span> <span class='ocrx_word' id='word_1_311' title='bbox 1447 829 1749 891; x_wconf 85' lang='lat' dir='ltr'>quibuscum</span> <span class='ocrx_word' id='word_1_312' title='bbox 1787 827 2006 893; x_wconf 88' lang='lat' dir='ltr'>populus</span> <span class='ocrx_word' id='word_1_313' title='bbox 2032 829 2216 877; x_wconf 82' lang='lat' dir='ltr'>Roma-</span> 
     </span>
     <span class='ocr_line' id='line_1_51' title="bbox 1277 896 2215 962; baseline 0.001 -17"><span class='ocrx_word' id='word_1_314' title='bbox 1277 911 1372 948; x_wconf 88' lang='lat' dir='ltr'>nus</span> <span class='ocrx_word' id='word_1_315' title='bbox 1421 896 1604 947; x_wconf 89' lang='lat' dir='ltr'>bellum</span> <span class='ocrx_word' id='word_1_316' title='bbox 1663 897 1821 961; x_wconf 85' lang='lat' dir='ltr'>gessit</span> <span class='ocrx_word' id='word_1_317' title='bbox 1842 931 1856 958; x_wconf 95' lang='lat'><strong>,</strong></span> <span class='ocrx_word' id='word_1_318' title='bbox 1899 907 2215 962; x_wconf 83' lang='lat' dir='ltr'>anteponen-</span> 
     </span>
     <span class='ocr_line' id='line_1_52' title="bbox 1277 965 2212 1030; baseline 0.001 -15"><span class='ocrx_word' id='word_1_319' title='bbox 1277 967 1394 1015; x_wconf 88' lang='lat' dir='ltr'>dum</span> <span class='ocrx_word' id='word_1_320' title='bbox 1418 981 1548 1023; x_wconf 86' lang='lat' dir='ltr'>esse,</span> <span class='ocrx_word' id='word_1_321' title='bbox 1568 979 1659 1030; x_wconf 88' lang='lat' dir='ltr'>pro</span> <span class='ocrx_word' id='word_1_322' title='bbox 1677 966 1882 1014; x_wconf 84' lang='lat' dir='ltr'>Murena</span> <span class='ocrx_word' id='word_1_323' title='bbox 1904 965 1986 1024; x_wconf 86' lang='lat'><strong>15,</strong></span> <span class='ocrx_word' id='word_1_324' title='bbox 2010 967 2076 1018; x_wconf 84' lang='lat'>32</span> <span class='ocrx_word' id='word_1_325' title='bbox 2100 982 2212 1028; x_wconf 87' lang='lat' dir='ltr'>sqq.</span> 
     </span>
     <span class='ocr_line' id='line_1_53' title="bbox 1275 1033 2214 1098; baseline 0 -14"><span class='ocrx_word' id='word_1_326' title='bbox 1275 1062 1342 1070; x_wconf 92' lang='lat'><strong>—</strong></span> <span class='ocrx_word' id='word_1_327' title='bbox 1368 1033 1674 1084; x_wconf 87' lang='lat' dir='ltr'>Mithridatis</span> <span class='ocrx_word' id='word_1_328' title='bbox 1703 1034 1920 1098; x_wconf 87' lang='lat' dir='ltr'>epistola</span> <span class='ocrx_word' id='word_1_329' title='bbox 1937 1034 2128 1086; x_wconf 88' lang='lat' dir='ltr'>Tralles</span> <span class='ocrx_word' id='word_1_330' title='bbox 2165 1046 2214 1084; x_wconf 86' lang='lat' dir='ltr'>et</span> 
     </span>
     <span class='ocr_line' id='line_1_54' title="bbox 1274 1103 2213 1170; baseline 0 -18"><span class='ocrx_word' id='word_1_331' title='bbox 1274 1104 1574 1170; x_wconf 84' lang='lat' dir='ltr'>Pergamum</span> <span class='ocrx_word' id='word_1_332' title='bbox 1615 1103 1801 1162; x_wconf 85' lang='lat' dir='ltr'>missa,</span> <span class='ocrx_word' id='word_1_333' title='bbox 1845 1119 1975 1166; x_wconf 87' lang='lat' dir='ltr'>quae</span> <span class='ocrx_word' id='word_1_334' title='bbox 2008 1105 2213 1153; x_wconf 81' lang='lat' dir='ltr'>caedem</span> 
     </span>
     <span class='ocr_line' id='line_1_55' title="bbox 1275 1172 2212 1237; baseline 0 -15"><span class='ocrx_word' id='word_1_335' title='bbox 1275 1173 1458 1222; x_wconf 86' lang='lat' dir='ltr'>civium</span> <span class='ocrx_word' id='word_1_336' title='bbox 1484 1173 1824 1222; x_wconf 89' lang='lat' dir='ltr'>Romanorum</span> <span class='ocrx_word' id='word_1_337' title='bbox 1848 1172 2083 1236; x_wconf 84' lang='lat' dir='ltr'>iubebat,</span> <span class='ocrx_word' id='word_1_338' title='bbox 2121 1189 2212 1237; x_wconf 88' lang='lat' dir='ltr'>pro</span> 
     </span>
     <span class='ocr_line' id='line_1_56' title="bbox 1274 1242 2214 1302; baseline -0.001 -11"><span class='ocrx_word' id='word_1_339' title='bbox 1274 1242 1452 1292; x_wconf 87' lang='lat' dir='ltr'>Flacco</span> <span class='ocrx_word' id='word_1_340' title='bbox 1477 1243 1562 1302; x_wconf 89' lang='grc'>24,</span> <span class='ocrx_word' id='word_1_341' title='bbox 1585 1242 1671 1292; x_wconf 88' lang='grc'>57.</span> <span class='ocrx_word' id='word_1_342' title='bbox 1691 1268 1754 1278; x_wconf 92' lang='grc'>--</span> <span class='ocrx_word' id='word_1_343' title='bbox 1769 1243 1824 1290; x_wconf 92' lang='lat' dir='ltr'>ln</span> <span class='ocrx_word' id='word_1_344' title='bbox 1846 1242 2083 1291; x_wconf 87' lang='lat' dir='ltr'>ornandis</span> <span class='ocrx_word' id='word_1_345' title='bbox 2109 1252 2214 1290; x_wconf 87' lang='lat' dir='ltr'>stn-</span> 
     </span>
     <span class='ocr_line' id='line_1_57' title="bbox 1276 1309 2190 1372; baseline -0.003 -11"><span class='ocrx_word' id='word_1_346' title='bbox 1276 1311 1467 1361; x_wconf 86' lang='lat' dir='ltr'>diosior</span> <span class='ocrx_word' id='word_1_347' title='bbox 1495 1324 1646 1372; x_wconf 89' lang='lat' dir='ltr'>quam</span> <span class='ocrx_word' id='word_1_348' title='bbox 1673 1311 1728 1358; x_wconf 89' lang='lat' dir='ltr'>in</span> <span class='ocrx_word' id='word_1_349' title='bbox 1761 1309 2046 1372; x_wconf 87' lang='lat' dir='ltr'>spoliandis</span> <span class='ocrx_word' id='word_1_350' title='bbox 2071 1310 2190 1358; x_wconf 90' lang='lat' dir='ltr'>Tral</span> 
     </span>
    </p>

    <p class='ocr_par' dir='ltr' id='par_1_10' title="bbox 1273 1376 2241 3237">
     <span class='ocr_line' id='line_1_58' title="bbox 1276 1376 2215 1437; baseline -0.001 -9"><span class='ocrx_word' id='word_1_351' title='bbox 1276 1380 1426 1429; x_wconf 88' lang='lat' dir='ltr'>lianis</span> <span class='ocrx_word' id='word_1_352' title='bbox 1443 1379 1557 1437; x_wconf 77' lang='lat' dir='ltr'>fuit,</span> <span class='ocrx_word' id='word_1_353' title='bbox 1571 1377 1644 1428; x_wconf 88' lang='lat' dir='ltr'>lb.</span> <span class='ocrx_word' id='word_1_354' title='bbox 1661 1377 1747 1436; x_wconf 92' lang='grc'>25,</span> <span class='ocrx_word' id='word_1_355' title='bbox 1767 1376 1851 1426; x_wconf 87' lang='grc'>59.</span> <span class='ocrx_word' id='word_1_356' title='bbox 1869 1405 1934 1413; x_wconf 85' lang='grc'><strong>-</strong></span> <span class='ocrx_word' id='word_1_357' title='bbox 1951 1377 2215 1427; x_wconf 83' lang='lat' dir='ltr'>Mithrida-</span> 
     </span>
     <span class='ocr_line' id='line_1_59' title="bbox 1274 1444 2213 1510; baseline -0.002 -14"><span class='ocrx_word' id='word_1_358' title='bbox 1274 1456 1376 1497; x_wconf 89' lang='lat' dir='ltr'>tem</span> <span class='ocrx_word' id='word_1_359' title='bbox 1397 1446 1611 1498; x_wconf 79' lang='lat' dir='ltr'>Asiatici</span> <span class='ocrx_word' id='word_1_360' title='bbox 1637 1447 1804 1505; x_wconf 86' lang='lat' dir='ltr'>deum,</span> <span class='ocrx_word' id='word_1_361' title='bbox 1831 1444 1972 1495; x_wconf 89' lang='lat' dir='ltr'>illum</span> <span class='ocrx_word' id='word_1_362' title='bbox 1998 1452 2213 1510; x_wconf 89' lang='lat' dir='ltr'>patrem,</span> 
     </span>
     <span class='ocr_line' id='line_1_60' title="bbox 1281 1513 2217 1575; baseline -0.003 -10"><span class='ocrx_word' id='word_1_363' title='bbox 1281 1517 1426 1566; x_wconf 88' lang='lat' dir='ltr'>illum</span> <span class='ocrx_word' id='word_1_364' title='bbox 1449 1521 1854 1565; x_wconf 80' lang='lat' dir='ltr'>conservatorem</span> <span class='ocrx_word' id='word_1_365' title='bbox 1879 1515 2052 1575; x_wconf 83' lang='lat' dir='ltr'>Asiae,</span> <span class='ocrx_word' id='word_1_366' title='bbox 2073 1513 2217 1563; x_wconf 84' lang='lat' dir='ltr'>illum</span> 
     </span>
     <span class='ocr_line' id='line_1_61' title="bbox 1278 1581 2218 1648; baseline -0.002 -14"><span class='ocrx_word' id='word_1_367' title='bbox 1278 1585 1480 1648; x_wconf 82' lang='lat' dir='ltr'>Euium,</span> <span class='ocrx_word' id='word_1_368' title='bbox 1515 1583 1746 1647; x_wconf 76' lang='lat' dir='ltr'>Nysiam,</span> <span class='ocrx_word' id='word_1_369' title='bbox 1765 1581 2036 1645; x_wconf 88' lang='lat' dir='ltr'>Bacchum,</span> <span class='ocrx_word' id='word_1_370' title='bbox 2068 1582 2218 1632; x_wconf 86' lang='lat' dir='ltr'>Libe·</span> 
     </span>
     <span class='ocr_line' id='line_1_62' title="bbox 1279 1651 2216 1714; baseline -0.002 -12"><span class='ocrx_word' id='word_1_371' title='bbox 1279 1669 1390 1702; x_wconf 87' lang='lat' dir='ltr'>rum</span> <span class='ocrx_word' id='word_1_372' title='bbox 1412 1653 1753 1702; x_wconf 85' lang='lat' dir='ltr'>nominabant.</span> <span class='ocrx_word' id='word_1_373' title='bbox 1788 1653 1862 1700; x_wconf 92' lang='lat' dir='ltr'>lb.</span> <span class='ocrx_word' id='word_1_374' title='bbox 1893 1653 1960 1704; x_wconf 91' lang='grc'>25</span> <span class='ocrx_word' id='word_1_375' title='bbox 1979 1688 1994 1714; x_wconf 91' lang='grc'>,</span> <span class='ocrx_word' id='word_1_376' title='bbox 2026 1651 2113 1704; x_wconf 93' lang='grc'><strong>60.</strong></span> <span class='ocrx_word' id='word_1_377' title='bbox 2146 1679 2216 1690; x_wconf 88' lang='lat'>--·</span> 
     </span>
     <span class='ocr_line' id='line_1_63' title="bbox 1278 1721 2216 1788; baseline -0.002 -16"><span class='ocrx_word' id='word_1_378' title='bbox 1278 1722 1558 1788; x_wconf 82' lang='lat' dir='ltr'>Cappadox</span> <span class='ocrx_word' id='word_1_379' title='bbox 1573 1721 1897 1786; x_wconf 81' lang='lat' dir='ltr'>contemptim</span> <span class='ocrx_word' id='word_1_380' title='bbox 1912 1723 2216 1778; x_wconf 87' lang='lat' dir='ltr'>nominatur,</span> 
     </span>
     <span class='ocr_line' id='line_1_64' title="bbox 1279 1790 2215 1855; baseline 0 -16"><span class='ocrx_word' id='word_1_381' title='bbox 1279 1792 1350 1840; x_wconf 89' lang='lat' dir='ltr'>lb.</span> <span class='ocrx_word' id='word_1_382' title='bbox 1377 1793 1463 1851; x_wconf 84' lang='lat'><strong>25,</strong></span> <span class='ocrx_word' id='word_1_383' title='bbox 1487 1791 1570 1840; x_wconf 90' lang='grc'><strong>61.</strong></span> <span class='ocrx_word' id='word_1_384' title='bbox 1612 1817 1676 1827; x_wconf 89' lang='grc'><strong>-</strong></span> <span class='ocrx_word' id='word_1_385' title='bbox 1709 1790 1896 1839; x_wconf 88' lang='lat' dir='ltr'>Rhodii</span> <span class='ocrx_word' id='word_1_386' title='bbox 1928 1805 2088 1855; x_wconf 89' lang='lat' dir='ltr'>prope</span> <span class='ocrx_word' id='word_1_387' title='bbox 2119 1790 2215 1841; x_wconf 86' lang='lat' dir='ltr'>soli</span> 
     </span>
     <span class='ocr_line' id='line_1_65' title="bbox 1283 1859 2216 1925; baseline -0.002 -15"><span class='ocrx_word' id='word_1_388' title='bbox 1283 1859 1468 1910; x_wconf 86' lang='lat' dir='ltr'>bellum</span> <span class='ocrx_word' id='word_1_389' title='bbox 1491 1875 1606 1910; x_wconf 85' lang='lat' dir='ltr'>cum</span> <span class='ocrx_word' id='word_1_390' title='bbox 1626 1859 1914 1910; x_wconf 85' lang='lat' dir='ltr'>Mithridate</span> <span class='ocrx_word' id='word_1_391' title='bbox 1940 1875 2063 1925; x_wconf 81' lang='lat' dir='ltr'>rege</span> <span class='ocrx_word' id='word_1_392' title='bbox 2097 1875 2216 1925; x_wconf 85' lang='lat' dir='ltr'>ges-</span> 
     </span>
     <span class='ocr_line' id='line_1_66' title="bbox 1280 1929 2212 1994; baseline 0 -13"><span class='ocrx_word' id='word_1_393' title='bbox 1280 1938 1480 1988; x_wconf 89' lang='lat' dir='ltr'>serunt,</span> <span class='ocrx_word' id='word_1_394' title='bbox 1505 1932 1650 1981; x_wconf 89' lang='lat' dir='ltr'>Verr.</span> <span class='ocrx_word' id='word_1_395' title='bbox 1676 1938 1896 1981; x_wconf 85' lang='lat' dir='ltr'>accusat.</span> <span class='ocrx_word' id='word_1_396' title='bbox 1918 1931 1968 1994; x_wconf 91' lang='grc'>2,</span> <span class='ocrx_word' id='word_1_397' title='bbox 1991 1929 2076 1988; x_wconf 88' lang='grc'>65,</span> <span class='ocrx_word' id='word_1_398' title='bbox 2097 1930 2212 1981; x_wconf 83' lang='grc'><strong>159.</strong></span> 
     </span>
     <span class='ocr_line' id='line_1_67' title="bbox 1275 1998 2216 2063; baseline -0.001 -16"><span class='ocrx_word' id='word_1_399' title='bbox 1275 2026 1349 2037; x_wconf 87' lang='lat'>—-</span> <span class='ocrx_word' id='word_1_400' title='bbox 1362 1999 1462 2048; x_wconf 87' lang='lat' dir='ltr'>Res</span> <span class='ocrx_word' id='word_1_401' title='bbox 1482 2014 1512 2048; x_wconf 80' lang='lat' dir='ltr'>a</span> <span class='ocrx_word' id='word_1_402' title='bbox 1527 1998 1582 2048; x_wconf 88' lang='lat' dir='ltr'>L.</span> <span class='ocrx_word' id='word_1_403' title='bbox 1604 1998 1814 2047; x_wconf 87' lang='lat' dir='ltr'>Lucullo</span> <span class='ocrx_word' id='word_1_404' title='bbox 1833 1998 2082 2047; x_wconf 87' lang='lat' dir='ltr'>adversus</span> <span class='ocrx_word' id='word_1_405' title='bbox 2101 2014 2216 2063; x_wconf 86' lang='lat' dir='ltr'>eum</span> 
     </span>
     <span class='ocr_line' id='line_1_68' title="bbox 1277 2066 2213 2133; baseline -0.003 -15"><span class='ocrx_word' id='word_1_406' title='bbox 1277 2074 1472 2133; x_wconf 86' lang='lat' dir='ltr'>gestae,</span> <span class='ocrx_word' id='word_1_407' title='bbox 1506 2068 1570 2117; x_wconf 88' lang='lat' dir='ltr'>de</span> <span class='ocrx_word' id='word_1_408' title='bbox 1596 2070 1718 2131; x_wconf 88' lang='lat' dir='ltr'>imp.</span> <span class='ocrx_word' id='word_1_409' title='bbox 1739 2066 1828 2116; x_wconf 91' lang='lat' dir='ltr'>Cn.</span> <span class='ocrx_word' id='word_1_410' title='bbox 1854 2068 2032 2133; x_wconf 87' lang='lat' dir='ltr'>Pomp.</span> <span class='ocrx_word' id='word_1_411' title='bbox 2063 2066 2113 2127; x_wconf 86' lang='lat'><strong>8,</strong></span> <span class='ocrx_word' id='word_1_412' title='bbox 2129 2066 2213 2117; x_wconf 83' lang='grc'>20.</span> 
     </span>
     <span class='ocr_line' id='line_1_69' title="bbox 1278 2135 2241 2202; baseline -0.001 -15"><span class='ocrx_word' id='word_1_413' title='bbox 1278 2139 1340 2188; x_wconf 90' lang='lat' dir='ltr'>cl.</span> <span class='ocrx_word' id='word_1_414' title='bbox 1364 2138 1432 2187; x_wconf 91' lang='lat' dir='ltr'>ib.</span> <span class='ocrx_word' id='word_1_415' title='bbox 1461 2138 1493 2187; x_wconf 90' lang='grc'>2</span> <span class='ocrx_word' id='word_1_416' title='bbox 1512 2173 1526 2197; x_wconf 91' lang='grc'>,</span> <span class='ocrx_word' id='word_1_417' title='bbox 1563 2140 1614 2187; x_wconf 87' lang='grc'>4.</span> <span class='ocrx_word' id='word_1_418' title='bbox 1645 2164 1713 2173; x_wconf 88' lang='grc'>--</span> <span class='ocrx_word' id='word_1_419' title='bbox 1755 2135 2087 2202; x_wconf 86' lang='lat' dir='ltr'>Comparatur</span> <span class='ocrx_word' id='word_1_420' title='bbox 2112 2137 2241 2187; x_wconf 89' lang='lat' dir='ltr'>Me-·</span> 
     </span>
     <span class='ocr_line' id='line_1_70' title="bbox 1276 2204 2219 2272; baseline -0.002 -17"><span class='ocrx_word' id='word_1_421' title='bbox 1276 2208 1401 2257; x_wconf 84' lang='lat' dir='ltr'>deae</span> <span class='ocrx_word' id='word_1_422' title='bbox 1423 2244 1436 2266; x_wconf 93' lang='lat'><strong>,</strong></span> <span class='ocrx_word' id='word_1_423' title='bbox 1478 2206 1551 2259; x_wconf 84' lang='lat' dir='ltr'>lb.</span> <span class='ocrx_word' id='word_1_424' title='bbox 1574 2204 1636 2267; x_wconf 90' lang='grc'><strong>9,</strong></span> <span class='ocrx_word' id='word_1_425' title='bbox 1669 2206 1753 2257; x_wconf 90' lang='grc'>22.</span> <span class='ocrx_word' id='word_1_426' title='bbox 1797 2234 1867 2245; x_wconf 90' lang='lat'>—-</span> <span class='ocrx_word' id='word_1_427' title='bbox 1903 2205 2159 2272; x_wconf 83' lang='lat' dir='ltr'>Exceptus</span> <span class='ocrx_word' id='word_1_428' title='bbox 2187 2222 2219 2253; x_wconf 85' lang='lat' dir='ltr'>a</span> 
     </span>
     <span class='ocr_line' id='line_1_71' title="bbox 1273 2273 2218 2341; baseline 0 -18"><span class='ocrx_word' id='word_1_429' title='bbox 1273 2276 1512 2341; x_wconf 82' lang='lat' dir='ltr'>Tigrane,</span> <span class='ocrx_word' id='word_1_430' title='bbox 1545 2276 1618 2325; x_wconf 90' lang='lat' dir='ltr'>lb.</span> <span class='ocrx_word' id='word_1_431' title='bbox 1640 2274 1691 2335; x_wconf 91' lang='grc'>9,</span> <span class='ocrx_word' id='word_1_432' title='bbox 1713 2273 1797 2327; x_wconf 85' lang='grc'>23.</span> <span class='ocrx_word' id='word_1_433' title='bbox 1812 2302 1879 2311; x_wconf 96' lang='grc'><strong>-</strong></span> <span class='ocrx_word' id='word_1_434' title='bbox 1903 2274 2218 2325; x_wconf 81' lang='lat' dir='ltr'>Mithridates</span> 
     </span>
     <span class='ocr_line' id='line_1_72' title="bbox 1277 2344 2218 2409; baseline -0.002 -16"><span class='ocrx_word' id='word_1_435' title='bbox 1277 2346 1329 2393; x_wconf 93' lang='lat' dir='ltr'>in</span> <span class='ocrx_word' id='word_1_436' title='bbox 1346 2344 1487 2406; x_wconf 79' lang='lat' dir='ltr'>Asia,</span> <span class='ocrx_word' id='word_1_437' title='bbox 1504 2360 1656 2406; x_wconf 89' lang='lat' dir='ltr'>quum</span> <span class='ocrx_word' id='word_1_438' title='bbox 1679 2358 1789 2392; x_wconf 86' lang='lat' dir='ltr'>eam</span> <span class='ocrx_word' id='word_1_439' title='bbox 1807 2344 2120 2409; x_wconf 87' lang='lat' dir='ltr'>provinciam</span> <span class='ocrx_word' id='word_1_440' title='bbox 2143 2351 2218 2391; x_wconf 86' lang='lat' dir='ltr'>to-</span> 
     </span>
     <span class='ocr_line' id='line_1_73' title="bbox 1277 2412 2217 2477; baseline -0.003 -15"><span class='ocrx_word' id='word_1_441' title='bbox 1277 2425 1382 2463; x_wconf 88' lang='lat' dir='ltr'>tam</span> <span class='ocrx_word' id='word_1_442' title='bbox 1405 2421 1727 2477; x_wconf 89' lang='lat' dir='ltr'>occupasset,</span> <span class='ocrx_word' id='word_1_443' title='bbox 1761 2412 1924 2461; x_wconf 86' lang='lat' dir='ltr'>Mucia</span> <span class='ocrx_word' id='word_1_444' title='bbox 1963 2426 2062 2460; x_wconf 90' lang='lat' dir='ltr'>non</span> <span class='ocrx_word' id='word_1_445' title='bbox 2104 2426 2217 2460; x_wconf 88' lang='lat' dir='ltr'>sus-</span> 
     </span>
     <span class='ocr_line' id='line_1_74' title="bbox 1279 2479 2219 2543; baseline 0 -12"><span class='ocrx_word' id='word_1_446' title='bbox 1279 2482 1425 2542; x_wconf 83' lang='lat' dir='ltr'>tulit,</span> <span class='ocrx_word' id='word_1_447' title='bbox 1445 2482 1589 2531; x_wconf 89' lang='lat' dir='ltr'>Verr.</span> <span class='ocrx_word' id='word_1_448' title='bbox 1610 2487 1828 2531; x_wconf 84' lang='lat' dir='ltr'>accusat.</span> <span class='ocrx_word' id='word_1_449' title='bbox 1844 2480 1892 2542; x_wconf 91' lang='grc'>2,</span> <span class='ocrx_word' id='word_1_450' title='bbox 1917 2479 2002 2543; x_wconf 92' lang='grc'>21,</span> <span class='ocrx_word' id='word_1_451' title='bbox 2029 2480 2116 2531; x_wconf 90' lang='grc'><strong>51.</strong></span> <span class='ocrx_word' id='word_1_452' title='bbox 2149 2506 2219 2515; x_wconf 94' lang='grc'><strong>-</strong></span> 
     </span>
     <span class='ocr_line' id='line_1_75' title="bbox 1285 2548 2219 2613; baseline -0.004 -12"><span class='ocrx_word' id='word_1_453' title='bbox 1285 2549 1598 2601; x_wconf 80' lang='lat' dir='ltr'>Mithridates</span> <span class='ocrx_word' id='word_1_454' title='bbox 1611 2586 1626 2609; x_wconf 97' lang='lat'><strong>,</strong></span> <span class='ocrx_word' id='word_1_455' title='bbox 1660 2548 1882 2599; x_wconf 86' lang='lat' dir='ltr'>nondum</span> <span class='ocrx_word' id='word_1_456' title='bbox 1901 2562 2112 2613; x_wconf 89' lang='lat' dir='ltr'>prorsus</span> <span class='ocrx_word' id='word_1_457' title='bbox 2132 2548 2219 2597; x_wconf 88' lang='lat' dir='ltr'>de-</span> 
     </span>
     <span class='ocr_line' id='line_1_76' title="bbox 1281 2615 2220 2683; baseline -0.004 -12"><span class='ocrx_word' id='word_1_458' title='bbox 1281 2619 1502 2671; x_wconf 87' lang='lat' dir='ltr'>bellatus</span> <span class='ocrx_word' id='word_1_459' title='bbox 1545 2633 1591 2667; x_wconf 86' lang='lat' dir='ltr'>a.</span> <span class='ocrx_word' id='word_1_460' title='bbox 1634 2633 1686 2667; x_wconf 90' lang='lat' dir='ltr'>u.</span> <span class='ocrx_word' id='word_1_461' title='bbox 1720 2634 1765 2669; x_wconf 91' lang='lat' dir='ltr'>c.</span> <span class='ocrx_word' id='word_1_462' title='bbox 1807 2615 1928 2669; x_wconf 88' lang='grc'><strong>691.</strong></span> <span class='ocrx_word' id='word_1_463' title='bbox 1942 2654 1961 2678; x_wconf 85' lang='grc'>,</span> <span class='ocrx_word' id='word_1_464' title='bbox 2004 2618 2068 2669; x_wconf 87' lang='lat' dir='ltr'>de</span> <span class='ocrx_word' id='word_1_465' title='bbox 2105 2618 2220 2683; x_wconf 87' lang='lat' dir='ltr'>lege</span> 
     </span>
     <span class='ocr_line' id='line_1_77' title="bbox 1285 2687 2220 2755; baseline -0.002 -16"><span class='ocrx_word' id='word_1_466' title='bbox 1285 2703 1397 2755; x_wconf 81' lang='lat' dir='ltr'>agr.</span> <span class='ocrx_word' id='word_1_467' title='bbox 1432 2689 1483 2749; x_wconf 90' lang='grc'>2,</span> <span class='ocrx_word' id='word_1_468' title='bbox 1510 2687 1592 2749; x_wconf 86' lang='grc'>19,</span> <span class='ocrx_word' id='word_1_469' title='bbox 1614 2688 1700 2741; x_wconf 84' lang='grc'>52.</span> <span class='ocrx_word' id='word_1_470' title='bbox 1723 2715 1789 2725; x_wconf 90' lang='grc'><strong>-</strong></span> <span class='ocrx_word' id='word_1_471' title='bbox 1814 2687 2130 2739; x_wconf 81' lang='lat' dir='ltr'>Mithridates</span> <span class='ocrx_word' id='word_1_472' title='bbox 2153 2688 2220 2738; x_wconf 84' lang='lat' dir='ltr'>ad</span> 
     </span>
     <span class='ocr_line' id='line_1_78' title="bbox 1287 2757 2219 2824; baseline -0.002 -17"><span class='ocrx_word' id='word_1_473' title='bbox 1287 2759 1375 2809; x_wconf 90' lang='lat' dir='ltr'>Cn.</span> <span class='ocrx_word' id='word_1_474' title='bbox 1401 2759 1698 2823; x_wconf 88' lang='lat' dir='ltr'>Pompeium</span> <span class='ocrx_word' id='word_1_475' title='bbox 1731 2757 1954 2824; x_wconf 87' lang='lat' dir='ltr'>legatum</span> <span class='ocrx_word' id='word_1_476' title='bbox 1979 2772 2142 2821; x_wconf 86' lang='lat' dir='ltr'>usque</span> <span class='ocrx_word' id='word_1_477' title='bbox 2167 2760 2219 2806; x_wconf 87' lang='lat' dir='ltr'>in</span> 
     </span>
     <span class='ocr_line' id='line_1_79' title="bbox 1281 2827 2214 2895; baseline -0.001 -19"><span class='ocrx_word' id='word_1_478' title='bbox 1281 2828 1582 2892; x_wconf 87' lang='lat' dir='ltr'>Hispaniam</span> <span class='ocrx_word' id='word_1_479' title='bbox 1627 2827 1767 2877; x_wconf 81' lang='lat' dir='ltr'>misit</span> <span class='ocrx_word' id='word_1_480' title='bbox 1788 2864 1803 2889; x_wconf 94' lang='lat'><strong>,</strong></span> <span class='ocrx_word' id='word_1_481' title='bbox 1846 2828 1910 2879; x_wconf 87' lang='lat' dir='ltr'>de</span> <span class='ocrx_word' id='word_1_482' title='bbox 1948 2830 2074 2895; x_wconf 89' lang='lat' dir='ltr'>imp.</span> <span class='ocrx_word' id='word_1_483' title='bbox 2125 2828 2214 2879; x_wconf 91' lang='lat' dir='ltr'>Cn.</span> 
     </span>
     <span class='ocr_line' id='line_1_80' title="bbox 1283 2896 2219 2962; baseline 0 -18"><span class='ocrx_word' id='word_1_484' title='bbox 1283 2896 1459 2962; x_wconf 86' lang='lat' dir='ltr'>Pomp.</span> <span class='ocrx_word' id='word_1_485' title='bbox 1486 2896 1566 2960; x_wconf 88' lang='grc'>14,</span> <span class='ocrx_word' id='word_1_486' title='bbox 1591 2896 1678 2950; x_wconf 86' lang='grc'><strong>46.</strong></span> <span class='ocrx_word' id='word_1_487' title='bbox 1715 2924 1788 2935; x_wconf 89' lang='grc'><strong>-</strong></span> <span class='ocrx_word' id='word_1_488' title='bbox 1812 2897 1990 2947; x_wconf 90' lang='lat' dir='ltr'>Rullus</span> <span class='ocrx_word' id='word_1_489' title='bbox 2007 2934 2020 2960; x_wconf 92' lang='lat'><strong>,</strong></span> <span class='ocrx_word' id='word_1_490' title='bbox 2059 2897 2219 2946; x_wconf 88' lang='lat' dir='ltr'>tribu-</span> 
     </span>
     <span class='ocr_line' id='line_1_81' title="bbox 1282 2965 2216 3031; baseline -0.003 -17"><span class='ocrx_word' id='word_1_491' title='bbox 1282 2981 1377 3015; x_wconf 87' lang='lat' dir='ltr'>nus</span> <span class='ocrx_word' id='word_1_492' title='bbox 1401 2965 1472 3030; x_wconf 91' lang='lat' dir='ltr'>pl.</span> <span class='ocrx_word' id='word_1_493' title='bbox 1496 3003 1511 3029; x_wconf 90' lang='lat'>‚</span> <span class='ocrx_word' id='word_1_494' title='bbox 1553 2966 1703 3015; x_wconf 88' lang='lat' dir='ltr'>iussit</span> <span class='ocrx_word' id='word_1_495' title='bbox 1730 2980 1818 3015; x_wconf 85' lang='lat' dir='ltr'>eos</span> <span class='ocrx_word' id='word_1_496' title='bbox 1847 2980 1996 3031; x_wconf 78' lang='lat' dir='ltr'>agros</span> <span class='ocrx_word' id='word_1_497' title='bbox 2025 2966 2216 3022; x_wconf 85' lang='lat' dir='ltr'>venire,</span> 
     </span>
     <span class='ocr_line' id='line_1_82' title="bbox 1282 3032 2217 3097; baseline 0 -14"><span class='ocrx_word' id='word_1_498' title='bbox 1282 3050 1409 3097; x_wconf 89' lang='lat' dir='ltr'>quos</span> <span class='ocrx_word' id='word_1_499' title='bbox 1430 3048 1522 3085; x_wconf 79' lang='lat' dir='ltr'>rex</span> <span class='ocrx_word' id='word_1_500' title='bbox 1533 3033 1851 3084; x_wconf 84' lang='lat' dir='ltr'>Mithridates</span> <span class='ocrx_word' id='word_1_501' title='bbox 1869 3035 1920 3083; x_wconf 87' lang='lat' dir='ltr'>in</span> <span class='ocrx_word' id='word_1_502' title='bbox 1932 3032 2217 3097; x_wconf 86' lang='lat' dir='ltr'>Paphlago-</span> 
     </span>
     <span class='ocr_line' id='line_1_83' title="bbox 1280 3102 2216 3169; baseline -0.004 -16"><span class='ocrx_word' id='word_1_503' title='bbox 1280 3105 1385 3165; x_wconf 87' lang='lat' dir='ltr'>nia,</span> <span class='ocrx_word' id='word_1_504' title='bbox 1408 3105 1566 3154; x_wconf 89' lang='lat' dir='ltr'>Ponto</span> <span class='ocrx_word' id='word_1_505' title='bbox 1591 3102 2014 3169; x_wconf 85' lang='lat' dir='ltr'>Cappadociaque</span> <span class='ocrx_word' id='word_1_506' title='bbox 2038 3116 2216 3165; x_wconf 85' lang='lat' dir='ltr'>posse-</span> 
     </span>
     <span class='ocr_line' id='line_1_84' title="bbox 1282 3170 2215 3237; baseline -0.004 -16"><span class='ocrx_word' id='word_1_507' title='bbox 1282 3173 1440 3233; x_wconf 90' lang='lat' dir='ltr'>derit,</span> <span class='ocrx_word' id='word_1_508' title='bbox 1467 3172 1530 3221; x_wconf 91' lang='lat' dir='ltr'>de</span> <span class='ocrx_word' id='word_1_509' title='bbox 1549 3171 1662 3237; x_wconf 80' lang='lat' dir='ltr'>lege</span> <span class='ocrx_word' id='word_1_510' title='bbox 1681 3186 1709 3220; x_wconf 89' lang='lat' dir='ltr'>a</span> <span class='ocrx_word' id='word_1_511' title='bbox 1777 3205 1790 3217; x_wconf 86' lang='grc'>.</span> <span class='ocrx_word' id='word_1_512' title='bbox 1819 3170 1866 3235; x_wconf 89' lang='grc'>1,</span> <span class='ocrx_word' id='word_1_513' title='bbox 1891 3172 1942 3232; x_wconf 80' lang='grc'>2,</span> <span class='ocrx_word' id='word_1_514' title='bbox 1971 3170 2023 3223; x_wconf 87' lang='grc'>6.</span> <span class='ocrx_word' id='word_1_515' title='bbox 2064 3170 2138 3224; x_wconf 86' lang='lat' dir='ltr'>Ib.</span> <span class='ocrx_word' id='word_1_516' title='bbox 2163 3173 2215 3231; x_wconf 88' lang='lat'><strong>2,</strong></span> 
     </span>
    </p>
   </div>
   <div class='ocr_carea' id='block_1_7' title="bbox 1222 3236 1889 3299">
    <p class='ocr_par' dir='ltr' id='par_1_11' title="bbox 1222 3236 1889 3299">
     <span class='ocr_line' id='line_1_85' title="bbox 1222 3236 1889 3299; baseline 0.003 -8"><span class='ocrx_word' id='word_1_517' title='bbox 1222 3268 1227 3273; x_wconf 87' lang='lat'><strong>·</strong></span> <span class='ocrx_word' id='word_1_518' title='bbox 1282 3242 1373 3298; x_wconf 84' lang='lat'><strong>19,</strong></span> <span class='ocrx_word' id='word_1_519' title='bbox 1399 3240 1486 3291; x_wconf 86' lang='lat'>51.</span> <span class='ocrx_word' id='word_1_520' title='bbox 1521 3236 1889 3299; x_wconf 42' lang='grc' dir='ltr'><strong>λίψ-...448</strong></span> 
     </span>
    </p>
   </div>
   <div class='ocr_carea' id='block_1_8' title="bbox 194 3306 2217 3375">
    <p class='ocr_par' dir='ltr' id='par_1_12' title="bbox 194 3306 2217 3375">
     <span class='ocr_line' id='line_1_86' title="bbox 194 3306 2217 3375; baseline -0.001 -17"><span class='ocrx_word' id='word_1_521' title='bbox 194 3324 339 3371; x_wconf 66' lang='lat' dir='ltr'>gnus,</span> <span class='ocrx_word' id='word_1_522' title='bbox 360 3318 511 3359; x_wconf 84' lang='lat' dir='ltr'>natus</span> <span class='ocrx_word' id='word_1_523' title='bbox 524 3311 658 3361; x_wconf 83' lang='lat' dir='ltr'>circa</span> <span class='ocrx_word' id='word_1_524' title='bbox 678 3324 791 3363; x_wconf 88' lang='lat' dir='ltr'>a.u.</span> <span class='ocrx_word' id='word_1_525' title='bbox 813 3327 858 3359; x_wconf 89' lang='lat' dir='ltr'>c.</span> <span class='ocrx_word' id='word_1_526' title='bbox 880 3309 1001 3369; x_wconf 84' lang='grc'><strong>619.</strong></span> <span class='ocrx_word' id='word_1_527' title='bbox 1023 3309 1139 3375; x_wconf 78' lang='lat' dir='ltr'>(an—</span> <span class='ocrx_word' id='word_1_528' title='bbox 1207 3306 1571 3360; x_wconf 75' lang='lat' dir='ltr'>Mithridates</span> <span class='ocrx_word' id='word_1_529' title='bbox 1601 3310 1942 3371; x_wconf 84' lang='lat' dir='ltr'>Pergamenus</span> <span class='ocrx_word' id='word_1_530' title='bbox 1961 3344 1975 3370; x_wconf 94' lang='lat'><strong>,</strong></span> <span class='ocrx_word' id='word_1_531' title='bbox 2013 3323 2144 3359; x_wconf 87' lang='lat' dir='ltr'>unus</span> <span class='ocrx_word' id='word_1_532' title='bbox 2187 3324 2217 3355; x_wconf 86' lang='lat' dir='ltr'>e</span> 
     </span>
    </p>
   </div>
   <div class='ocr_carea' id='block_1_9' title="bbox 193 3376 1138 3515">
    <p class='ocr_par' dir='ltr' id='par_1_13' title="bbox 193 3376 1138 3515">
     <span class='ocr_line' id='line_1_87' title="bbox 198 3376 1136 3445; baseline 0.001 -19"><span class='ocrx_word' id='word_1_533' title='bbox 198 3392 245 3427; x_wconf 80' lang='lat' dir='ltr'>te</span> <span class='ocrx_word' id='word_1_534' title='bbox 266 3376 381 3427; x_wconf 90' lang='lat' dir='ltr'>Chr.</span> <span class='ocrx_word' id='word_1_535' title='bbox 397 3394 448 3431; x_wconf 89' lang='lat' dir='ltr'>n.</span> <span class='ocrx_word' id='word_1_536' title='bbox 469 3378 614 3445; x_wconf 88' lang='grc'><strong>135.)</strong></span> <span class='ocrx_word' id='word_1_537' title='bbox 654 3381 799 3430; x_wconf 84' lang='lat' dir='ltr'>Ponti</span> <span class='ocrx_word' id='word_1_538' title='bbox 822 3396 931 3437; x_wconf 84' lang='lat' dir='ltr'>rex,</span> <span class='ocrx_word' id='word_1_539' title='bbox 952 3396 997 3429; x_wconf 83' lang='lat' dir='ltr'>u.</span> <span class='ocrx_word' id='word_1_540' title='bbox 1012 3395 1068 3429; x_wconf 90' lang='lat' dir='ltr'>u.</span> <span class='ocrx_word' id='word_1_541' title='bbox 1092 3394 1136 3427; x_wconf 89' lang='lat' dir='ltr'>c.</span> 
     </span>
     <span class='ocr_line' id='line_1_88' title="bbox 193 3446 1138 3515; baseline 0 -20"><span class='ocrx_word' id='word_1_542' title='bbox 193 3446 315 3500; x_wconf 78' lang='grc'><strong>691.</strong></span> <span class='ocrx_word' id='word_1_543' title='bbox 340 3446 418 3514; x_wconf 88' lang='lat' dir='ltr'>(a.</span> <span class='ocrx_word' id='word_1_544' title='bbox 436 3447 552 3499; x_wconf 86' lang='lat' dir='ltr'>Chr.</span> <span class='ocrx_word' id='word_1_545' title='bbox 577 3464 625 3497; x_wconf 91' lang='lat' dir='ltr'>n.</span> <span class='ocrx_word' id='word_1_546' title='bbox 643 3447 763 3513; x_wconf 88' lang='grc'><strong>63.)</strong></span> <span class='ocrx_word' id='word_1_547' title='bbox 783 3464 836 3499; x_wconf 87' lang='lat' dir='ltr'>se</span> <span class='ocrx_word' id='word_1_548' title='bbox 858 3450 967 3515; x_wconf 81' lang='lat' dir='ltr'>ipse</span> <span class='ocrx_word' id='word_1_549' title='bbox 988 3450 1138 3498; x_wconf 86' lang='lat' dir='ltr'>inter-</span> 
     </span>
    </p>
   </div>
   <div class='ocr_carea' id='block_1_10' title="bbox 1279 3375 2218 3499">
    <p class='ocr_par' dir='ltr' id='par_1_14' title="bbox 1279 3375 2218 3499">
     <span class='ocr_line' id='line_1_89' title="bbox 1279 3375 2218 3434; baseline -0.002 -8"><span class='ocrx_word' id='word_1_550' title='bbox 1279 3378 1488 3426; x_wconf 86' lang='lat' dir='ltr'>Graecis</span> <span class='ocrx_word' id='word_1_551' title='bbox 1535 3377 1804 3426; x_wconf 80' lang='lat' dir='ltr'>comitibus</span> <span class='ocrx_word' id='word_1_552' title='bbox 1840 3375 2072 3426; x_wconf 87' lang='lat' dir='ltr'>Caesaris</span> <span class='ocrx_word' id='word_1_553' title='bbox 2097 3412 2110 3434; x_wconf 95' lang='lat'><strong>,</strong></span> <span class='ocrx_word' id='word_1_554' title='bbox 2163 3378 2218 3426; x_wconf 86' lang='lat' dir='ltr'>iu</span> 
     </span>
     <span class='ocr_line' id='line_1_90' title="bbox 1279 3444 2214 3499; baseline -0.003 -2"><span class='ocrx_word' id='word_1_555' title='bbox 1279 3446 1503 3497; x_wconf 86' lang='lat' dir='ltr'>Deiotari</span> <span class='ocrx_word' id='word_1_556' title='bbox 1527 3444 1800 3497; x_wconf 82' lang='lat' dir='ltr'>tetrarchia</span> <span class='ocrx_word' id='word_1_557' title='bbox 1819 3460 1848 3495; x_wconf 90' lang='lat' dir='ltr'>a</span> <span class='ocrx_word' id='word_1_558' title='bbox 1871 3445 2082 3499; x_wconf 85' lang='lat' dir='ltr'>Caesare</span> <span class='ocrx_word' id='word_1_559' title='bbox 2105 3445 2214 3495; x_wconf 82' lang='lat' dir='ltr'>col-</span> 
     </span>
    </p>
   </div>
   <div class='ocr_carea' id='block_1_11' title="bbox 2436 0 2486 984">
    <p class='ocr_par' dir='ltr' id='par_1_15' title="bbox 2436 0 2486 984">
     <span class='ocr_line' id='line_1_91' title="bbox 2436 0 2486 984; baseline 0 0"><span class='ocrx_word' id='word_1_560' title='bbox 2436 0 2486 984; x_wconf 95' lang='lat' dir='ltr'> </span> 
     </span>
    </p>
   </div>
  </div>
 </body>
</html>
