2500 3850
285 210 369 274 86
457 223 529 270 M.
558 220 808 269 onAun.
834 219 1046 271 Mane.
1082 240 1165 250 -
1194 219 1267 266 M.
1302 217 1556 266 CLAUD.
1583 219 1656 266 M.
1681 216 1746 266 r.
1770 217 2207 269 MARCELLUS.

358 389 463 438 est,
492 386 656 427 totum
678 377 879 436 omisit,
911 376 1047 425 idem
1078 375 1301 439 impera-

354 456 466 508 tor,
498 449 633 496 idem
654 460 819 510 augur
850 445 1100 508 optimuS,
1134 445 1196 494 de
1224 444 1300 492 di-

354 519 460 566 vin.
483 517 515 566 2
531 514 663 576 ,,36,
683 516 767 564 77.
791 541 858 549 -
879 513 1167 562 Secundum
1188 514 1300 562 eius

353 583 605 652 proelium
639 584 705 633 ad
724 581 905 634 Nolam
936 597 984 634 a.
1003 599 1058 635 u.
1082 598 1129 635 c.
1160 582 1299 642 539„

353 655 495 706 Brut.
518 652 569 714 3,
592 653 674 703 12.
699 679 767 688 —-
788 650 1069 718 Syracusas
1092 653 1229 716 cepit
1246 665 1293 700 a.

1438 374 1642 436 Aquilio
1676 375 1849 424 aderat
1876 376 1928 425 in
1948 374 2164 425 consilio
2186 390 2232 431 a.
2253 391 2306 424 u.
2331 394 2382 428 c.

1437 444 1558 498 673.
1575 479 1590 505 ,
1622 458 1716 509 pro
1739 444 1940 502 Quinct.
1978 445 2072 504 17,
2100 445 2188 498 54.
2217 473 2285 484 —-
2306 448 2380 498 M.

1439 513 1709 562 Marcellus
1729 514 1810 562 vir
1837 514 2144 578 primarius,
2177 530 2383 565 summo

1441 581 1606 631 officio
1629 598 1691 633 ac
1709 584 1898 647 virtute,
1911 583 2174 646 praeditus
2191 621 2206 646 ,
2225 586 2380 636 Verr.

1442 658 1663 700 accusat.
1689 651 1736 710 1,
1757 652 1844 713 51,
1867 649 1988 702 135.

353 739 406 775 u.
435 737 479 775 c.
504 723 625 774 542.
646 759 660 784 ,
694 723 841 770 Verr.
868 727 1091 771 accusat.
1122 720 1182 780 1,
1212 720 1298 781 21,
1369 716 1448 768 Μ.
1491 717 1810 786 (Claudius)
1847 718 2154 772 Marcellus
2192 719 2272 772 Μ.
2311 721 2380 772 F.

352 793 441 843 55.
500 790 685 855 Captas
734 790 1013 854 Syracusas
1062 791 1300 853 servavit,

350 862 428 912 lb.
458 860 521 921 5,
554 859 653 920 32,
682 859 769 910 84.
829 860 906 911 Ib.
942 861 1003 920 2,
1046 860 1109 920 2,
1138 859 1191 912 4.
1232 885 1300 894 ·-

350 929 679 981 Archimedis
710 927 981 992 sphaeram
1012 929 1177 992 captis
1206 925 1299 993 Sy-

348 1000 547 1050 racusis
564 997 799 1065 sustulit,
829 1011 988 1059 quum
1008 996 1149 1046 aliud
1166 995 1297 1046 nihil

350 1083 419 1118 ex
434 1073 577 1116 tanta
590 1066 785 1131 praeda
804 1065 1013 1120 domum
1032 1080 1183 1116 suam
1208 1067 1298 1116 de-

350 1132 686 1202 portavisset,
710 1135 773 1184 de
792 1151 833 1184 r.
852 1151 907 1200 p.
938 1135 987 1196 1,
1014 1135 1097 1196 14,
1119 1135 1205 1186 21.
1229 1161 1298 1170 —-

350 1207 460 1266 Quo
474 1204 626 1254 modo
640 1202 906 1270 Syracusis
926 1205 1092 1270 capt-is
1108 1219 1165 1254 se
1179 1217 1298 1270 ges-

346 1275 500 1339 serit,
522 1275 669 1326 Verr.
692 1281 913 1324 accusat.
940 1276 977 1325 4
993 1310 1008 1336 ,
1044 1274 1113 1324 52
1130 1309 1145 1334 ,
1170 1274 1292 1325 115.

344 1346 423 1397 lb.
445 1345 509 1404 4,
537 1342 623 1404 55,
649 1343 768 1393 122.
804 1341 1165 1393 Archimedem
1187 1357 1294 1392 ser-

345 1420 523 1463 vatum
546 1412 738 1472 voluit,
770 1413 845 1463 Ib.
873 1415 935 1474 4,
966 1412 1052 1472 58,
1082 1412 1200 1464 131.
1222 1438 1294 1450 —

345 1483 547 1534 Bellum
583 1483 831 1532 Punicum
860 1482 1140 1532 secundum
1174 1495 1293 1530 con-

345 1553 505 1614 tudit,
542 1552 605 1601 de
636 1566 677 1598 r.
700 1565 754 1614 p.
778 1551 838 1611 1,
871 1554 933 1614 1,
968 1552 1017 1601 1.
1038 1551 1205 1599 —Ab
1228 1564 1289 1600 eo

344 1621 563 1668 Virtutis
576 1619 795 1670 Honoris
814 1621 1063 1686 templum
1082 1634 1290 1669 renova·

344 1697 449 1739 tum
470 1725 483 1748 ,
521 1687 584 1737 de
612 1702 665 1737 n.
688 1689 739 1738 d..
760 1690 817 1754 2,
839 1687 937 1758 23,
968 1689 1055 1740 61.
1078 1713 1145 1725 -
1164 1689 1291 1738 Eius

346 1765 395 1807 et
418 1759 473 1806 P.
499 1756 731 1806 Africam
758 1766 1085 1808 monumenta
1118 1773 1183 1806 ex
1212 1757 1291 1806 fa·

343 1828 427 1876 nis
444 1833 573 1875 etex
584 1826 798 1876 urbibus
812 1825 1067 1875 sociorum
1086 1825 1289 1874 aVerre

344 1895 531 1956 ablata,
550 1895 697 1945 Verr.
722 1900 947 1947 accusat.
970 1893 1019 1954 1,
1040 1894 1093 1955 4,
1113 1893 1199 1944 11.
1219 1919 1287 1939 .-

342 1966 473 2015 Eum
504 1966 557 2013 in
587 1965 763 2025 quinto
783 1962 1047 2013 consulatu
1073 1977 1121 2016 a.
1154 1978 1208 2013 u.
1239 1978 1284 2011 c.

344 2034 465 2085 546.
490 2032 737 2081 Hannibal
765 2032 1043 2094 interemit,
1073 2032 1136 2081 de
1154 2046 1207 2085 ιι.
1231 2031 1282 2081 d.

344 2100 407 2163 3,
438 2102 533 2160 32,
564 2099 650 2150 80.
674 2128 741 2138 —
759 2102 1020 2151 Venusiae
1050 2102 1286 2150 interem-

342 2180 492 2235 ptus,
531 2168 733 2219 Tuscul.
778 2169 843 2233 1,
880 2170 976 2233 37,
1014 2167 1101 2220 89.
1132 2195 1203 2204 -
1228 2170 1288 2217 In

342 2240 452 2289 eius
479 2236 724 2287 honorem
758 2252 791 2287 a
820 2236 1007 2289 Siculis
1028 2237 1289 2287 Marcellia

338 2309 599 2367 instituta,
622 2307 822 2359 sublata
855 2324 886 2357 a
918 2310 1103 2368 Verre,
1134 2309 1284 2360 Verr.

340 2384 559 2429 accusat.
601 2377 662 2442 7,
707 2378 805 2433 21,
844 2377 932 2431 51.
985 2378 1060 2431 Ib.
1100 2380 1156 2439 2,
1196 2374 1285 2434 63,
1359 2431 1366 2437 ,

341 2448 460 2499 154.
511 2447 692 2507 1b.-4‚
725 2447 825 2511 67,
868 2447 977 2497 151.
1026 2447 1091 2499 V.
1129 2444 1286 2497 Mar-

341 2514 510 2568 cellia
537 2532 593 2581 p.
615 2515 701 2569 85.
727 2531 774 2565 a.

270 2584 351 2637 M.
378 2582 649 2636 Claudius
682 2583 989 2635 Marcellus
1004 2622 1019 2649 ,
1052 2586 1140 2649 qui
1167 2599 1285 2635 con·

338 2654 420 2703 sul
455 2653 552 2703 fuit
580 2668 627 2703 a.
663 2669 717 2702 u.
750 2670 795 2708 c.
833 2654 953 2705 588.
986 2654 1105 2705 599.
1140 2654 1282 2713 602„

338 2723 493 2786 periit
530 2724 583 2771 in
622 2724 752 2771 mari
787 2722 1047 2787 profectus
1082 2722 1282 2787 legatus

338 2791 405 2840 ad
425 2791 781 2856 Masinissam,
815 2792 869 2841 in
888 2791 1060 2843 Pison.
1082 2792 1167 2854 19,
1193 2794 1280 2842 44.

338 2887 405 2896 —
439 2858 719 2925 Naufragio
754 2860 821 2909 ad
849 2860 1019 2925 ipsam
1053 2860 1280 2911 Africam

336 2930 517 2996 periit,
553 2928 727 2993 paullo
760 2935 876 2979 ante
908 2936 1139 2996 coeptum
1177 2931 1282 2980 bel-

337 3000 441 3049 lum
480 2998 726 3047 Punicum
757 2999 991 3059 tertium,
1026 3000 1089 3049 de
1118 3000 1277 3049 divin.

335 3066 598 3135 Q
618 3067 679 3117 de
700 3067 804 3117 fato
828 3068 923 3129 14,
952 3066 1039 3120 33.
1076 3067 1139 3119 de
1158 3085 1199 3123 r.
1223 3085 1278 3135 p.

338 3136 389 3200 1,
413 3136 498 3196 14,
522 3137 608 3187 21.

267 3202 345 3255 M.
372 3202 644 3255 Claudius
665 3204 991 3271 Marcellus,
1012 3207 1280 3257 Aesernini

336 3284 497 3337 pater.
536 3275 611 3323 De
640 3276 748 3325 eius
784 3276 1099 3339 eloquentia,
1132 3275 1276 3325 Brut.

336 3342 435 3402 36,
476 3342 594 3396 136.
633 3371 706 3383 —-
738 3345 797 3395 L.
842 3346 1013 3397 Crassi
1050 3346 1278 3395 testimo-

334 3413 475 3458 nium
495 3411 547 3457 in
568 3426 685 3461 eum
704 3426 804 3463 non
826 3414 1001 3473 valuit,
1021 3427 1112 3479 pro
1132 3414 1273 3464 Font.

335 3478 395 3543 7,
439 3477 522 3528 13.
562 3478 615 3528 Ῑιι
655 3496 810 3532 causa
859 3484 917 3537 P.
960 3482 1181 3542 Quinctii
1218 3482 1273 3536 C.

1438 786 1780 838 Aeserninus
1796 825 1811 854 ,
1861 789 2159 839 adolescens
2212 789 2284 856 (a.
2323 807 2380 840 u.

1440 874 1486 911 c.
1505 857 1678 924 684.)‚
1697 860 1842 908 Verr.
1866 867 2080 908 accusat.
2109 863 2160 921 4,
2181 860 2270 920 42,
2288 859 2352 910 91
2365 898 2377 908 .

1367 924 1448 976 Μ.
1492 925 1762 978 Claudius
1799 925 2138 992 Marcellus,
2183 928 2382 979 sodalis

1437 996 1710 1056 Catilinae,
1735 999 1786 1044 in
1807 994 1951 1048 Catil.
1976 997 2023 1055 1,
2041 997 2092 1057 8,
2117 997 2202 1051 19.

1363 1063 1443 1114 Μ.
1471 1063 1739 1115 Claudius
1759 1064 1839 1116 M.
1862 1063 1924 1114 F.
1945 1064 2273 1128 Marcellus,
2301 1069 2383 1115 vir

2491 321 2493 380 l

1437 1133 1774 1194 fortissimus,
1803 1136 1852 1183 in
1877 1133 2023 1184 Catil.
2049 1135 2103 1195 1,
2123 1135 2180 1198 8,
2202 1135 2286 1185 21.
2310 1162 2380 1173 —
2488 1171 2490 1174 ψ

1435 1203 1502 1252 Μ.
1539 1202 1810 1254 Marcellus
1839 1204 1970 1253 dixit
2000 1218 2094 1268 pro
2127 1203 2314 1254 Milone
2347 1220 2380 1253 a
2432 1271 2436 1276 .

1440 1271 1677 1340 Cicerone
1708 1280 1918 1338 rogatus
1955 1289 2002 1325 a.
2035 1274 2083 1324 d.
2119 1274 2203 1324 lV.
2245 1273 2377 1324 Non.

1433 1343 1579 1392 Febr.
1603 1357 1652 1394 a.
1673 1357 1724 1391 u.
1749 1357 1794 1391 c.
1816 1341 1937 1394 698.
1957 1378 1970 1402 ,
1992 1343 2059 1392 ad.
2079 1342 2137 1401 Q.
2161 1341 2226 1391 fr.
2247 1343 2298 1404 2,
2321 1341 2375 1402 3,

1435 1412 1483 1464 1.
1507 1439 1572 1446 —-
1595 1410 1783 1462 Consul
1803 1425 1850 1460 a.
1870 1426 1923 1460 u.
1947 1426 1991 1464 c.
2013 1410 2136 1462 703.
2157 1411 2238 1460 Ad
2258 1426 2380 1462 eum

1435 1481 1654 1546 scriptae
1672 1487 1790 1530 suut
1807 1495 1926 1546 epp.
1950 1481 2016 1530 ad
2037 1481 2155 1530 fam.
2180 1479 2262 1540 15,
2275 1482 2308 1530 7
2324 1489 2374 1532 et

1431 1549 1483 1599 9.
1505 1577 1570 1586 ——-
1595 1550 1720 1599 Eius
1740 1549 1936 1616 collega
1957 1549 2051 1598 fuit
2071 1548 2179 1603 Ser.
2205 1547 2373 1614 Sulpi-

1433 1620 1541 1668 cius
1569 1618 1761 1680 Rufus,
1796 1621 1862 1670 ad
1882 1619 2005 1671 fam.
2031 1618 2091 1677 8,
2115 1618 2206 1683 10,
2229 1616 2279 1670 3.
2320 1618 2373 1679 8,

1436 1687 1519 1752 13,
1543 1689 1593 1737 2.
1631 1689 1700 1737 Iis
1719 1703 1850 1737 coss.
1873 1695 2168 1736 renovatum
2193 1687 2374 1736 foedus

1431 1772 1546 1806 cum
1567 1755 1808 1816 Rhodiis,
1831 1757 1906 1806 Ib.
1931 1755 2013 1817 12,
2039 1757 2120 1812 15,
2141 1759 2192 1809 2.
2218 1783 2284 1791 -
2303 1756 2371 1805 M.

1428 1823 1665 1873 Marcello
1704 1824 1901 1873 consuli
1937 1823 2133 1874 finienti
2167 1827 2374 1890 provin-

1427 1893 1522 1942 ciis
1559 1891 1742 1943 Galliis
1779 1891 2120 1942 Kalendarum
2165 1893 2372 1944 Martia-

1428 1976 1542 2011 rum
1578 1962 1714 2012 diem
1748 1962 1932 2011 restitit
1962 1961 2270 2027 Pompeius,
2306 1965 2370 2014 ad

1428 2032 1535 2079 Att.
1555 2030 1607 2092 8,
1629 2030 1680 2090 3,
1703 2029 1752 2081 3.
1773 2058 1837 2067 —
1863 2031 2138 2081 Marcellus
2160 2030 2372 2083 Comen-

1426 2114 1534 2148 sem
1551 2098 1700 2151 foede
1723 2099 1982 2161 tractavit,
2005 2102 2072 2150 ad
2091 2104 2195 2153 Att.
2219 2104 2270 2162 5,
2289 2102 2369 2165 11,

1427 2169 1479 2218 2.
1501 2194 1571 2204 --
1598 2167 1672 2218 Cf.
1708 2169 1772 2218 de
1795 2184 1856 2219 eo
1890 2169 2115 2221 Caelium
2147 2172 2214 2219 ad
2243 2172 2363 2221 fam.

1427 2237 1488 2296 8,
1511 2238 1569 2297 1,
1599 2240 1650 2287 2.
1673 2266 1739 2273 -
1760 2240 1882 2288 Eius
1911 2239 2132 2304 impetus
2160 2240 2223 2289 de
2253 2256 2367 2289 suc-

1427 2320 1630 2357 cessore
1667 2306 1872 2357 Caesari
1914 2309 1963 2357 iu
2006 2308 2221 2359 Galliam
2253 2311 2369 2358 mit-

1425 2377 1580 2427 tendo
1624 2378 1948 2438 resederunt,
2005 2392 2108 2429 non
2162 2380 2365 2441 inertia,

1427 2446 1520 2495 sed
1552 2446 1794 2508 consilio,
1834 2446 1972 2497 Cael.
2005 2448 2074 2498 ib.
2113 2446 2175 2507 8,
2213 2449 2275 2509 2,
2315 2449 2364 2499 2.

1426 2514 1500 2569 Ib.
1553 2514 1587 2565 8
1607 2552 1621 2575 ,
1675 2515 1738 2579 5,
1787 2514 1838 2566 3.
1886 2542 1956 2554 --
2002 2517 2126 2566 Eius
2170 2517 2366 2574 laudeS,

1424 2582 1562 2633 Brut.
1585 2585 1646 2635 71
1665 2622 1679 2645 ,
1710 2586 1830 2639 249.
1861 2610 1930 2622 -—
1951 2586 2190 2636 Exsulem
2221 2586 2368 2651 Myti-

1425 2654 1554 2703 lenis
1589 2669 1703 2703 eum
1734 2655 1935 2706 viderat
1967 2656 2153 2705 Brutus
2181 2671 2214 2705 a
2243 2654 2366 2705 Cra-

1423 2723 1569 2787 tippo
1592 2724 1886 2775 instructum
1912 2726 2046 2775 omni
2072 2725 2218 2789 copia
2247 2724 2369 2774 doc·

1423 2794 1614 2855 trinae,
1647 2794 1720 2841 Ib.
1757 2793 1842 2854 71,
1875 2792 1994 2844 250.
2033 2820 2102 2830 --
2134 2794 2216 2843 Ad
2249 2808 2368 2843 eum

1421 2869 1538 2910 sunt
1557 2862 1776 2926 scriptae
1798 2862 2046 2927 epistolae
2078 2864 2144 2913 ad
2165 2862 2290 2913 fam.
2313 2865 2365 2923 4,

1422 2929 1610 2984 7—10.
1636 2958 1706 2967 —-
1731 2932 1869 2991 Quae
1897 2932 2146 2986 actasint
2173 2933 2368 2982 Romae

1420 3002 1472 3048 in
1491 3007 1672 3049 senatu
1692 3000 1755 3051 de
1775 3001 1843 3055 M.
1866 3000 2094 3051 Marcelli
2115 3001 2288 3052 reditu
2321 3012 2370 3049 et

1420 3084 1520 3131 quo
1553 3070 1703 3119 modo
1728 3068 1900 3121 Cicero
1937 3070 2170 3136 pluribus
2193 3070 2368 3120 verbis

1421 3138 1584 3205 egerit
1607 3140 1801 3204 gratias
1830 3155 1877 3190 a.
1907 3154 1960 3189 u.
1997 3155 2044 3193 c.
2069 3138 2188 3191 708.
2207 3175 2224 3203 ,
2245 3154 2368 3189 nar-

1419 3215 1499 3256 rat
1527 3206 1596 3257 ad
1621 3206 1745 3257 fam.
1769 3208 1832 3275 4,
1859 3210 1923 3269 4,
1949 3206 1982 3257 3
2003 3222 2119 3271 sqq.
2147 3238 2218 3248 --
2237 3209 2368 3259 Eius

1423 3275 1639 3341 epistola
1657 3277 1724 3327 ad
1743 3275 2032 3329 Ciceronem
2053 3312 2069 3339 ,
2094 3278 2166 3327 Ib.
2193 3278 2247 3339 4,
2274 3278 2362 3327 11.

1419 3344 1489 3395 cf.
1523 3344 1590 3393 de
1626 3360 1686 3395 eo
1717 3344 1786 3398 M.
1821 3346 2080 3398 Ciceronis
2110 3352 2236 3396 orat.
2266 3361 2366 3410 pro

1416 3412 1483 3463 M.
1507 3412 1738 3463 Marcello
1762 3416 1807 3474 l,
1830 3414 1857 3465 1
1883 3430 1996 3477 sqq.
2017 3415 2224 3465 -Eum
2245 3430 2367 3464 cum

1417 3496 1614 3531 summa
1656 3480 1794 3532 illius
1846 3483 2093 3548 dignitate
2140 3484 2368 3540 restituit
