2500 3850
243 181 328 243 72

311 351 433 400 fam.
453 349 538 409 12,
552 347 699 411 1304.
720 348 796 401 Ib.
814 348 898 407 12,
915 348 1246 413 14‚4.1b.12,

311 419 396 478 15,
409 420 460 468 6.
473 418 703 483 legiones
717 415 952 480 Syriacas
963 416 1173 466 habeta.
1195 433 1242 465 u.

311 503 356 537 c.
380 487 520 549 711„
543 500 624 549 ep.
647 484 866 534 adBrut.
888 483 1246 545 2,5.——Post-

311 571 462 618 quam
495 555 722 620 Lepidus
768 569 883 603 cum
927 553 1147 604 Antonio
1192 569 1248 602 se

309 625 654 682 coniunxerat,
675 637 778 671 una
797 638 910 672 curn
929 621 996 670 M.
1021 623 1174 672 Bruto
1195 623 1247 670 iu

305 693 451 743 Italia
471 693 890 756 exspectabatur,
921 691 988 740 ad
1008 691 1130 740 ssim.
1163 691 1247 750 12,

309 762 401 824 10,
428 763 480 812 4.
523 762 589 810 ci'.
625 768 888 825 praeterea
917 759 983 808 ad
1017 760 1122 808 Att.
1162 759 1246 819 11,

310 831 393 892 13,
417 831 462 880 1.
488 831 560 880 Ib.
586 845 667 894 ep.
696 830 779 891 14,
799 829 849 879 3.
869 843 950 892 ep.
974 828 1057 889 15,
1079 829 1112 877 2
1131 843 1243 890 sqq.

240 900 301 951 C.
325 897 578 962 Cassius,
599 905 852 966 quaestor.
887 897 1010 944 Eius
1030 896 1249 960 epistola

307 969 373 1017 ad
394 967 688 1018 Ciceronem
717 967 876 1015 missa
906 979 934 1013 e
955 963 1149 1030 Cypro,
1182 966 1248 1014 ad

306 1037 429 1086 fam.
454 1036 537 1094 12,
563 1034 644 1085 13.

239 1106 300 1156 G.
340 1101 598 1167 Cassius,
629 1103 864 1166 tribunus
900 1101 972 1166 pl.
1015 1117 1062 1150 a.
1101 1119 1154 1153 ιι.
1195 1118 1239 1151 c.

307 1172 424 1223 704.
443 1207 458 1234 ‚
482 1173 548 1221 ad
569 1172 671 1219 Att.
693 1172 744 1231 7,
763 1169 811 1226 3,
832 1170 883 1220 5.

235 1239 297 1292 L.
333 1237 565 1294 Cassius
598 1236 856 1308 Revilla,
893 1254 997 1288 cos.
1032 1254 1078 1288 a.
1113 1255 1162 1290 u.
1195 1256 1240 1292 c.

306 1310 425 1360 627.
446 1346 458 1369 ,
493 1311 636 1358 Verr.
662 1315 884 1374 accusat.
908 1309 956 1370 1,
977 1309 1063 1370 55,
1087 1307 1204 1358 143.

234 1378 297 1431 L.
326 1376 556 1428 Cassius
587 1373 905 1443 Longinus,
938 1377 1246 1442 praeceden-

301 1449 367 1497 tis
399 1446 561 1509 filius,
599 1447 714 1496 trib.
753 1445 822 1511 pl.
860 1462 906 1496 a.
943 1462 999 1495 u.
1035 1463 1083 1496 e.
1117 1445 1237 1497 617.

301 1517 456 1566 Lator
474 1516 603 1580 legis
622 1515 934 1576 tabellariae,
959 1530 1052 1580 pro
1074 1515 1241 1584 Sestip

300 1583 387 1640 48,
413 1583 532 1635 103.
574 1584 638 1632 cl.
677 1584 744 1633 ad
775 1582 895 1632 Her.
928 1586 992 1644 4,
1022 1583 1117 1644 35,
1151 1585 1236 1634 47.

299 1645 746 1702 mecundae
783 1650 914 1716 legis
949 1652 1242 1702 tabellariae

303 1721 366 1768 de
387 1719 563 1784 populi
584 1720 770 1778 iudicio
789 1734 836 1768 a.
859 1735 912 1770 ιι.
937 1735 979 1768 c.
1001 1719 1120 1770 617.
1139 1760 1154 1783 ,
1179 1721 1242 1770 de

299 1789 401 1852 leg.
425 1788 475 1850 3,
499 1788 582 1849 16,
602 1787 691 1838 35.
707 1786 914 1836 -Eius
933 1787 1020 1835 lex
1037 1797 1242 1840 auctore

299 1857 544 1906 Africano
564 1857 758 1906 minore
783 1855 886 1904 lata
905 1869 1018 1906 esse
1038 1856 1240 1925 dieitur,

300 1928 374 1979 lb.
398 1926 448 1989 3,
473 1925 556 1986 16,
582 1923 668 1979 37.
692 1952 760 1963 ·-·
779 1926 936 1975 Homo
957 1926 1238 1991 popularia,

299 1996 462 2048 Acad.
486 2010 566 2059 pr.
593 1996 650 2058 2,
678 1994 728 2058 5,
754 1993 839 2044 13.
861 2019 928 2030 -
956 1990 1012 2044 In
1033 1996 1240 2047 iudiciis

565 191 626 239 C.
659 191 935 238 CASSIUS
969 213 1051 224 —-
1081 191 1178 239 SP.
1213 190 1493 238 CASSIUS
1526 191 2004 240 VISCELLINUS.

1390 347 1440 409 3,
1456 347 1507 408 6,
1523 347 1604 396 14.
1620 373 1684 382 -
1700 347 1759 396 L.
1786 345 1951 397 Cassii
1969 347 2166 411 adipes
2186 347 2261 396 ΙΙ).
2276 346 2328 407 3,

1389 417 1439 476 7,
1463 414 1543 466 16.
1569 415 1712 468 —L.
1737 413 1973 474 Cassius,
2000 417 2168 466 socias
2194 415 2330 464 Cati-

1388 485 1523 534 linae
1541 522 1555 545 ‚
1586 494 1879 549 suspectum
1898 486 1963 535 de
1984 485 2331 536 coniuratione

1386 552 1609 602 reddidit
1625 551 1680 602 P.
1702 551 1897 603 Sullam
1912 589 1925 613 ,
1954 568 2048 619 pro
2064 551 2211 616 Sulla
2242 551 2327 611 13,

1386 620 1455 673 36
1483 636 1594 685 sqq.
1628 647 1697 658 —
1726 623 1981 672 Incendiis
2008 621 2147 671 urbis
2178 635 2327 685 prae-

1386 690 1614 754 positus,
1640 691 1714 740 Ib.
1741 691 1822 751 19,
1848 690 1932 742 53.

1317 756 1382 811 L.
1407 755 1641 809 Cassius
1655 757 1961 828 LonginuS,
1984 773 2141 820 eques
2154 759 2326 816 Rom„

1386 827 1541 878 frater
1562 825 1612 876 C.
1649 826 1809 878 Cassii
1841 826 2176 877 interfectoris
2198 825 2329 876 Cae-

1386 896 1542 958 sariS‚
1576 895 1850 948 familiaris
1882 895 2171 958 Ciceronis,
2206 897 2328 944 sub-

1386 965 1607 1028 scriptor
1660 965 1727 1017 M.
1782 965 2067 1014 Laterensis
2122 965 2176 1012 in
2233 964 2322 1014 Cn.

1383 1031 1643 1082 Plancium
1660 1071 1675 1096 ‚
1700 1050 1793 1099 pro
1813 1035 1985 1084 Plane.
2012 1033 2097 1092 24,
2120 1031 2189 1083 58
2214 1047 2324 1094 sqq.

1385 1103 1446 1151 Ei
1475 1103 1676 1152 tribuno
1712 1102 1847 1167 pleb.
1884 1108 2099 1152 mortem
2132 1101 2326 1150 denun-

1385 1171 1538 1220 ciavit
1557 1172 1624 1220 M.
1648 1173 1899 1222 Antonius
1913 1209 1927 1236 ‚
1948 1173 1995 1220 si
2019 1171 2072 1219 in
2094 1177 2325 1219 senatum

1384 1240 1631 1298 venisset,
1666 1255 1712 1289 a.
1741 1255 1793 1292 u.
1825 1257 1869 1294 c.
1910 1240 2064 1300 710„
2097 1238 2320 1303 Philipp.

1386 1307 1437 1370 3,
1464 1307 1514 1368 9,
1536 1308 1621 1358 23.
1645 1336 1711 1344 ——
1730 1310 1945 1360 Plausus
1964 1310 2018 1357 in
2042 1309 2242 1358 theatro
2261 1309 2317 1356 L.

1387 1376 1564 1427 Cassio
1595 1378 1773 1438 datus,
1811 1378 1878 1427 ad
1908 1377 2013 1428 Att.
2045 1377 2142 1437 14,
2175 1377 2236 1438 2,
2273 1377 2321 1426 1.

1386 1447 1452 1495 ad
1476 1446 1593 1495 fam.
1628 1446 1710 1504 12,
1731 1447 1781 1507 2,
1802 1447 1853 1496 2.
1894 1447 1967 1496 Ib.
1993 1446 2075 1505 12,
2099 1447 2149 1504 7,
2173 1445 2221 1494 1.
2308 1461 2327 1470 ·

1316 1513 1385 1580 Q.
1424 1513 1655 1565 Cassius
1691 1511 2009 1582 Longinus,
2046 1513 2211 1563 Cassii
2247 1515 2324 1562 in-

1382 1583 1662 1632 terfectoris
1727 1583 1957 1633 Caesaris
2016 1583 2200 1646 frater,
2260 1583 2325 1632 ad

1384 1653 1487 1701 Att.
1522 1651 1587 1712 5,
1620 1650 1714 1713 20,
1750 1652 1803 1706 8.
1844 1652 2113 1702 familiaris
2150 1651 2324 1712 Attici,

1381 1722 1452 1770 Ib.
1482 1734 1564 1783 ep.
1588 1721 1651 1771 21
1669 1755 1685 1780 ,
1720 1721 1770 1771 1.
1802 1747 1875 1758 ——-
1899 1719 2027 1770 Eum
2052 1721 2326 1784 Pompeius

1382 1791 1494 1839 sine
1526 1796 1663 1838 sorte
1700 1790 1891 1855 delegit
1918 1797 2242 1852 quaestorem
2272 1805 2319 1838 a.

1381 1873 1433 1908 u.
1470 1874 1513 1908 c.
1550 1856 1707 1925 704„
1748 1859 1823 1909 Ib.
1856 1857 1919 1920 6,
1962 1857 2023 1919 6,
2058 1857 2111 1912 3.
2160 1859 2236 1908 Ib.
2272 1857 2324 1923 6,

1381 1927 1432 1986 8,
1453 1928 1504 1977 2.
1520 1927 1854 1979 ——Tribunus
1874 1928 1946 1992 pl.
1972 1942 2018 1976 a.
2040 1944 2093 1976 u.
2114 1942 2161 1979 c.
2185 1926 2323 1988 705„

1380 1996 1455 2045 Ib.
1496 1996 1557 2058 7,
1595 1996 1655 2056 3,
1692 1997 1743 2047 5.
1780 2025 1847 2035 -—
1871 1995 1995 2045 Cum
2031 1994 2252 2047 Curione
2279 2004 2328 2045 et

1380 2064 1600 2115 Antonio
1618 2066 1879 2129 profectus
1895 2074 1971 2115 est
1990 2080 2035 2113 a.
2050 2080 2101 2114 u.
2119 2081 2164 2114 c.
2183 2064 2328 2126 705„

1381 2132 1451 2183 ad'
1485 2132 1608 2186 fam.
1642 2133 1735 2197 16,
1778 2135 1869 2194 11,
1909 2135 1959 2184 2.
1993 2161 2059 2170 -
2093 2135 2329 2185 Cassium

1383 2208 1489 2251 erat
1525 2204 1755 2252 auditum
1804 2202 2077 2268 expulsum
2116 2203 2329 2253 Aucone

1381 2286 1429 2319 a.
1450 2286 1501 2319 ιι.
1525 2287 1572 2323 c.
1594 2272 1711 2322 705.
1732 2308 1747 2331 ,
1778 2274 1845 2322 ad
1864 2274 1965 2321 Att.
1987 2273 2037 2336 7,
2062 2271 2158 2336 18,
2182 2276 2233 2324 2.

1313 2338 1381 2405 Q.
1424 2337 1658 2391 Cassius
1691 2348 1896 2405 praetor
1930 2356 1977 2391 a.
2009 2354 2062 2391 u.
2096 2356 2141 2389 c.
2182 2342 2327 2399 710„

1381 2410 1465 2458 cui
1511 2409 1759 2474 Hispania
1807 2410 2074 2473 provincia
2125 2410 2327 2475 obtigit,

1380 2476 1604 2543 Philipp.
1628 2479 1678 2542 5,
1702 2478 1783 2541 10,
1807 2478 1893 2529 26.

1312 2543 1547 2595 Cassius
1568 2544 1800 2597 Scaeva.
1838 2548 1903 2595 V.
1927 2544 2164 2598 Scaeva.

1309 2612 1403 2679 Sp.
1426 2613 1657 2666 Cassius
1680 2613 2019 2665 Viscellinus
2036 2651 2051 2680 ,
2072 2616 2251 2666 consul
2272 2632 2321 2669 a.

1379 2699 1431 2732 u.
1472 2699 1516 2735 c.
1553 2684 1701 2742 252„
1736 2698 1842 2735 coS.
1879 2686 2063 2735 iterum
2090 2700 2209 2735 cum
2231 2685 2326 2735 Po-

1378 2760 1544 2803 stumo
1578 2750 1807 2803 Cominio
1836 2751 2077 2803 Aurunco
2104 2768 2151 2803 a.
2184 2769 2239 2805 u.
2278 2770 2323 2803 c.

1375 2818 1497 2871 261.
1518 2856 1533 2879 ,
1562 2822 1747 2883 quibus
1769 2836 1901 2875 coss.
1924 2822 2075 2887 plebs
2098 2822 2327 2872 Mentem

1376 2886 1589 2939 Sacrum
1608 2891 1780 2953 prius,
1802 2891 1989 2941 deinde
2011 2890 2326 2941 Aventinum

1374 2959 1775 3077 Siffipaffiznss
1795 2957 2119 3077 ”35113533’
2134 2959 2326 3078 ξ’..ζιιξῑ

1370 3094 1528 3143 ictum
1568 3094 1658 3161 Sp.
1710 3094 1887 3147 Cassio
1932 3098 2172 3147 Postumo
2224 3096 2325 3147 Co·

1374 3163 1532 3212 minio
1551 3180 1706 3228 coss„
1727 3179 1818 3229 pro
1839 3163 1999 3214 Balbo
2022 3163 2089 3215 23
2104 3201 2117 3223 ,
2140 3163 2228 3215 53.
2251 3192 2324 3202 —

1374 3227 1562 3281 Consul
1590 3234 1792 3283 tertium
1823 3248 1869 3283 a.
1892 3249 1943 3283 u.
1967 3250 2013 3287 c.
2038 3232 2159 3284 268.
2192 3233 2245 3283 Is
2268 3250 2316 3284 a,

1372 3316 1424 3354 ιι.
1465 3316 1512 3353 c.
1554 3301 1674 3354 269.
1716 3302 1780 3351 de
1825 3302 2123 3367 occupando
2157 3316 2324 3367 regno

1372 3369 1518 3418 Rom.
1542 3370 1677 3434 apud
1700 3370 1946 3435 populum
1976 3376 2247 3421 accusatus
2268 3378 2321 3419 et

1376 3436 1643 3487 damnatus
1663 3446 1767 3499 est,
1791 3439 1853 3487 de
1872 3453 1914 3486 r.
1934 3452 1989 3503 p.
2010 3439 2045 3487 2
2062 3474 2077 3499 ,
2098 3436 2197 3503 35,
2224 3438 2317 3492 60.

298 2063 520 2128 publicis
533 2064 744 2113 florente
759 2078 815 2112 re
828 2063 1032 2127 publica
1052 2064 1239 2128 floruit,

297 2148 391 2196 pro
423 2131 616 2181 Cluent.
653 2130 750 2191 38,
793 2132 907 2182 107.
937 2157 1008 2171 ·-—
1033 2132 1090 2181 L.
1120 2132 1241 2183 Cas-

299 2202 407 2251 sius
436 2200 650 2249 multum
679 2200 846 2265 potuit
869 2216 969 2251 non
1001 2200 1242 2263 eloquen-

297 2271 398 2333 tia,
419 2270 511 2319 sed
533 2270 746 2320 dicendo
773 2275 966 2329 tamen,
990 2270 1128 2319 Brut.
1151 2272 1238 2336 25,

297 2339 382 2390 97.
421 2366 490 2375 --
526 2342 604 2399 Is,
641 2354 792 2403 quem
831 2337 1054 2405 populus
1093 2340 1238 2390 Rom.

296 2410 622 2459 verissimum
642 2417 690 2458 et
708 2410 1144 2473 sapientissimum
1163 2410 1239 2459 iu-

297 2480 463 2529 dicem
483 2480 722 2543 putabat,
751 2479 1028 2529 identidem
1049 2480 1100 2527 in
1120 2492 1240 2527 cau-

297 2549 371 2597 sis
420 2563 664 2609 quaerere
711 2546 908 2596 solebat
959 2545 1049 2598 cui
1089 2546 1237 2597 bono

295 2616 494 2678 fuisset,
513 2632 606 2679 pro
627 2616 747 2665 Sex.
771 2614 925 2668 Rosc.
945 2616 1030 2679 30,
1051 2616 1137 2668 84.
1173 2615 1234 2668 cl.

295 2698 386 2747 pro
406 2684 509 2735 Mil.
535 2684 618 2747 12,
642 2684 728 2735 32.
754 2682 828 2733 De
848 2684 956 2732 eius
976 2684 1239 2733 iudicandi

295 2752 564 2799 severitate
584 2750 650 2799 cf.
674 2752 822 2804 Verr.
845 2758 1061 2801 accusat.
1084 2751 1136 2815 3,
1149 2750 1235 2813 60,

297 2818 414 2869 137.
456 2818 516 2880 3,
542 2818 638 2879 63,
662 2819 783 2870 140.

225 2882 289 2934 L.
322 2884 586 2950 Cassius,
615 2885 848 2935 tribunus
881 2887 1118 2937 militaris
1150 2890 1236 2939 de·

296 2956 593 3075 {igpgtigsom
617 2970 670 3003 u.
692 2970 740 3004 c.
759 2954 880 3010 684.
897 2992 914 3018 ‚
947 2956 1096 3009 Verr.
1121 2959 1232 3007 Act.

224 3087 300 3140 Is..
319 3062 553 3143 Cassius
581 3089 872 3159 Longinus
891 3128 906 3157 ‚
933 3095 1234 3158 competitor

295 3160 554 3211 Ciceronis
591 3162 644 3211 in
681 3161 974 3211 consulatu‘
997 3177 1043 3215 a.
1092 3179 1143 3211 u.
1182 3179 1230 3217 c.

295 3227 436 3287 690„
459 3230 518 3289 Q.
545 3228 648 3279 Cic.
674 3230 737 3280 de
754 3236 1014 3294 pet.cons.
1030 3232 1083 3292 2,
1099 3233 1148 3281 7.
1165 3258 1235 3269 -

293 3298 354 3347 L.
394 3298 602 3347 Cassius
635 3297 984 3363 CatilinariuS,
1018 3301 1103 3362 qui
1135 3301 1235 3349 sibi

295 3367 704 3430 procurationem
728 3369 1073 3418 incendendae
1091 3369 1233 3417 urbis

296 3434 680 3498 depoposcerat,
697 3437 749 3485 in
769 3435 916 3491 Catil.
939 3436 990 3498 3,
1008 3438 1060 3498 4,
1081 3437 1131 3488 9.
1155 3437 1230 3485 Ib.
