2500 3850
379 186 776 237 saMrRomA
801 187 941 234 Lux
963 210 1046 219 --
1068 188 1158 236 TI.
1181 186 1273 235 ET
1296 184 1675 234 samaoun
1700 184 2029 235 caricem.
2119 171 2241 237 353

235 345 346 406 quis
381 342 568 393 iudicio
596 344 1041 407 circumveniatur,
1080 357 1171 407 pro

235 413 426 463 Cluent.
449 410 533 474 56,
559 412 675 461 154.

161 477 494 545 Sempronia
512 479 594 529 lex
613 480 674 529 de
693 480 969 544 provinciis
991 494 1172 529 consu·

235 550 442 609 laribus,
461 548 526 599 ad
545 548 668 601 fam.
697 549 743 611 1,
761 550 812 611 7,
833 547 914 599 10.
937 549 1001 598 de
1021 550 1170 600 domo

234 634 328 669 sua
343 618 406 676 9,
425 618 511 668 24.
552 630 644 682 pro
675 615 834 667 Balbo
854 618 922 667 27
938 654 952 680 ,
982 616 1068 669 61.
1107 618 1171 667 de

229 688 457 754 provinc.
481 698 620 735 cons.
648 686 698 745 2,
729 684 780 737 3.

159 750 494 820 'Sempronia
523 755 606 803 lex
636 755 701 805 de
728 754 994 819 provincia
1024 754 1169 819 Asia,

227 827 373 877 Verr.
397 831 614 874 accusat.
635 822 688 883 3,
708 822 758 888 6,
786 824 868 877 12.
891 822 952 871 cl.
978 822 1044 873 ad
1064 821 1165 872 Au.

234 896 281 956 1,
306 894 387 954 17,
408 892 460 943 9.

160 961 223 1012 Α.
246 958 604 1026 Sempronius
626 968 678 1011 et
693 960 920 1011 Marcus
939 962 1047 1010 eius
1069 960 1170 1010 fra-

230 1038 320 1084 ter.
349 1056 416 1065 -—-
440 1029 696 1095 Vargulae
735 1031 789 1079 in
827 1044 915 1080 eos
952 1030 1167 1079 dictum:

215 1102 438 1147 '‘musca
467 1103 818 1163 quaesturae‘,
857 1099 920 1149 de
959 1105 1083 1148 orat.
1114 1099 1166 1163 2,

227 1166 316 1229 60,
336 1168 454 1217 247.

159 1231 223 1285 Ρ.
247 1234 608 1302 Sempronius
629 1234 845 1287 Asellio
861 1272 876 1299 ‚
896 1236 1167 1287 historicus

227 1304 466 1367 Latinus,
489 1304 554 1354 de
580 1304 682 1369 leg.
707 1306 754 1361 1,
775 1308 824 1365 2,
845 1303 896 1355 6.

160 1372 223 1422 L.
247 1370 611 1435 Sempronius
640 1368 960 1437 Atratinus,
991 1374 1167 1422 consul

231 1455 345 1490 cum
367 1439 426 1491 L.
456 1441 658 1505 Papirio
673 1440 954 1506 Mugillano
980 1456 1027 1491 a.
1047 1456 1098 1494 u.
1120 1456 1164 1495 c.

209 1507 378 1569 ·310.,
417 1524 532 1559 cum
555 1510 736 1560 eodem
759 1524 936 1559 censor
965 1524 1012 1562 a.
1043 1524 1097 1559 u.
1121 1526 1164 1559 c.

230 1578 350 1629 312.
365 1613 382 1637 ,
406 1579 472 1628 ad
489 1577 609 1627 fam.
629 1576 681 1641 9,
702 1575 790 1638 21,
811 1581 864 1630 2.

159 1645 224 1697 Ia.
264 1642 624 1711 Sempronius
661 1644 952 1697 Atratinus
1002 1655 1166 1713 pater.

231 1716 357 1765 Eum
379 1715 442 1765 de
460 1714 652 1766 ambitu
669 1714 948 1781 postulavit
962 1716 1025 1766 M.
1046 1714 1170 1767 Gae-

229 1784 329 1834 lius
343 1820 358 1845 ‚
383 1784 665 1835 absolutum
685 1786 870 1834 iterum
889 1787 1166 1846 accusavit,

227 1869 322 1920 pro
343 1852 478 1907 Cael.
500 1854 547 1914 1,
574 1854 620 1908 1.

157 1920 222 1973 Ῑι.
270 1918 634 1988 Sempronius
673 1920 964 1975 Atratinus
1010 1925 1165 1988 filius,

229 2001 493 2042 accusator
517 1992 585 2045 M.
609 1991 795 2054 Caelii,
828 2007 924 2056 pro
955 1993 1091 2048 Cael.
1117 1994 1164 2054 1,
1199 2003 1206 2010 ’

230 2061 277 2109 1.
312 2061 385 2110 Ib.
414 2060 439 2110 l
459 2096 474 2121 ‚
505 2063 556 2111 2.
594 2062 666 2110 Ib.
687 2061 749 2123 3,
779 2061 827 2111 7.
850 2088 915 2098 -
936 2061 1166 2112 Disertus

227 2129 646 2187 adolescens‚1b.
671 2129 827 2189 7,15.
866 2147 872 2151 ·

157 2194 568 2262 (Sempronius)
601 2195 889 2248 Gracchus
909 2200 1162 2260 insitivus,

228 2266 264 2314 i.
297 2281 341 2314 e.
366 2265 627 2330 Equitius,
659 2267 745 2328 qui
778 2281 833 2315 se
851 2268 928 2316 Ti.
955 2267 1166 2318 Gracchi

229 2332 393 2382 filium
415 2333 705 2397 simulabat,
723 2335 957 2384 tribunus
975 2351 1023 2388 a.
1042 2351 1091 2386 u.
1117 2353 1163 2386 c.

225 2401 348 2452 658.
369 2437 384 2460 ,
415 2416 562 2464 quem
594 2401 650 2461 Q.
677 2401 908 2454 Metellus
933 2403 1166 2454 Numidi-

227 2485 320 2520 cus
341 2478 514 2521 contra
531 2470 637 2520 vim
669 2469 1010 2522 multitudinis
1041 2474 1166 2522 inci-

227 2546 361 2588 tatae
394 2554 550 2588 censu
579 2538 868 2605 prohibuit,
907 2555 1000 2606 pro
1032 2539 1162 2594 Sest.

226 2609 296 2658 47
315 2645 328 2668 ,
353 2607 468 2658 101.
495 2633 565 2644 —-
589 2607 714 2658 ‘Ille
742 2623 806 2658 ex
832 2610 1166 2674 compedibus

216 2683 378 2738 atque
399 2677 658 2742 ergastulo
672 2676 950 2728 Gracchus’
963 2715 979 2743 ,
998 2693 1091 2744 pro
1113 2679 1165 2728 G.

227 2744 356 2795 Rab.
383 2747 528 2811 perd.
553 2747 602 2810 7,
623 2745 710 2800 20.

152 2809 221 2862 Ρ.
265 2811 624 2880 Sempronius
665 2813 952 2866 Gracchus
971 2851 986 2878 ,
1017 2784 1168 2880 ¹pater
1207 2811 1210 2813 ’

227 2882 309 2934 Ti.
345 2881 559 2934 Gracchi
596 2899 730 2944 coa,
774 2898 900 2933 avus
936 2885 994 2934 T.
1028 2892 1075 2934 et
1109 2885 1160 2934 G.

228 2949 599 3010 Gracchorum,
621 2953 684 3001 de
703 2953 860 3002 divin.
887 2954 933 3012 1,
963 2953 1046 3017 18,
1073 2952 1161 3008 36.

155 3016 250 3068 Ti.
277 3017 642 3086 Sempronius
675 3019 963 3072 Gracchus
991 3021 1055 3072 Ρ.
1076 3021 1163 3088 Ε,

223 3088 298 3149 is,
323 3091 411 3152 qui
439 3091 518 3138 bis
547 3091 723 3140 consul
751 3105 798 3140 a.
820 3106 874 3145 u.
892 3107 936 3142 c.
970 3090 1092 3141 577.
1117 3101 1165 3142 et

223 3155 344 3206 591.
379 3165 428 3208 et
454 3173 632 3209 censor
659 3175 706 3209 a.
739 3175 789 3209 u.
825 3175 870 3212 c.
903 3159 1026 3210 585.
1049 3159 1159 3214 fuit.

223 3224 348 3274 Eius
371 3233 446 3275 est
467 3229 625 3276 oratio
655 3227 845 3278 Graeca
871 3228 1009 3292 apud
1027 3228 1162 3278 Rho·

221 3293 364 3355 dica,
399 3309 546 3356 quem
580 3298 739 3346 civem
769 3312 924 3358 quum
955 3311 1162 3362 gravem

1316 343 1433 394 170.
1463 368 1529 377 -
1550 340 1747 392 Claudii
1766 342 2005 391 invidiam
2028 340 2242 391 Gracchi

1312 410 1567 477 (collegae
1599 410 1651 459 in
1681 410 1913 474 censura)
1950 412 2131 459 caritas
2154 410 2242 459 de-

1311 488 1516 543 precata
1544 486 1645 541 est,
1669 479 1731 529 de
1752 495 1789 529 r.
1814 494 1871 544 p.
1901 479 1963 538 6,
1994 478 2025 528 2
2047 516 2059 536 ,
2099 477 2149 529 6.
2172 504 2243 519 —-·

1310 548 1438 598 Eum
1466 548 1686 614 populus
1714 548 1862 599 Rom.
1894 547 1957 597 ob
1988 548 2067 608 id,
2105 546 2243 609 quod

1308 618 1551 667 insciente
1575 616 1772 684 collega
1802 618 1852 666 in
1880 630 2094 667 censura
2113 614 2243 665 nihil

1308 688 1523 752 egisset,
1554 693 1672 751 post
1698 700 1965 739 censuram
1985 684 2243 735 consulem

1309 754 1456 815 fecit,
1490 755 1555 805 de
1582 755 1684 804 inv.
1712 756 1767 816 1,
1794 754 1891 818 30,
1925 752 2011 805 48.
2038 780 2103 791 —-
2124 751 2238 803 Cos.

1307 824 1486 873 iterum
1502 838 1549 873 a.
1574 840 1625 875 u.
1647 838 1693 873 c.
1715 823 1837 877 591.
1868 838 2021 887 quum
2050 824 2107 876 P.
2130 820 2241 871 Sci-

1307 894 1515 960 pionem
1542 890 1597 945 G.
1619 892 1850 959 Figulum
1876 906 2010 944 coss,
2041 906 2088 941 a.
2112 906 2162 940 u.
2190 906 2235 940 c.

1308 960 1427 1015 592.
1454 968 1671 1023 crearet,
1702 962 1825 1011 vitio
1862 959 2241 1013 tabernaculum

1309 1031 1469 1099 cepit,
1492 1032 1555 1081 de
1574 1044 1625 1083 n.
1651 1030 1701 1079 (1.
1722 1033 1780 1095 2,
1800 1029 1970 1094 4,10.
1993 1056 2061 1067 -
2088 1027 2243 1079 Grac-

1308 1100 1435 1149 chus
1453 1115 1615 1165 augur
1628 1137 1642 1160 ,
1676 1107 1854 1164 postea
1875 1114 2025 1162 quam
2049 1100 2100 1147 in
2120 1096 2241 1147 Sar-

1308 1169 1498 1219 diniam
1516 1170 1655 1219 venit
1670 1206 1683 1229 ‚
1704 1168 1998 1218 recordatus
2025 1174 2099 1217 est
2119 1165 2243 1229 quid

1306 1238 1401 1287 sibi
1422 1239 1473 1286 in
1494 1238 1680 1302 Campo
1703 1236 1881 1287 Martio
1902 1237 2106 1287 comitia
2123 1250 2241 1285 con-

1308 1306 1475 1357 sulum
1495 1306 1700 1355 habenti
1726 1312 1897 1355 contra
1916 1305 2142 1369 auspicia
2159 1318 2242 1352 ac·

1310 1376 1545 1433 cidisset,
1574 1374 1639 1423 ad
1664 1374 1725 1433 Q.
1748 1372 1809 1425 fr.
1832 1374 1896 1436 2,
1916 1374 1949 1423 2
1969 1410 1982 1434 ,
2008 1373 2056 1425 1.
2090 1372 2155 1421 cl.
2178 1372 2242 1421 de

1310 1444 1466 1493 divin.
1490 1442 1538 1500 1,
1564 1442 1647 1501 17,
1668 1440 1753 1492 33.
1784 1442 1857 1492 Ib.
1880 1442 1930 1502 2,
1950 1440 2036 1502 35,
2058 1441 2141 1495 74.
2172 1467 2243 1479 --

1308 1511 1381 1560 De
1418 1510 1615 1560 duobus
1645 1511 1895 1576 anguibus
1925 1510 2063 1560 domi
2092 1508 2242 1559 Grac-

1310 1579 1393 1630 chi
1428 1578 1807 1644 comprehensis
1842 1586 1890 1629 et
1926 1579 1990 1629 de
2029 1578 2241 1645 augurio

1310 1664 1373 1699 ex
1392 1662 1453 1697 ea
1470 1659 1526 1697 re
1544 1655 1719 1713 capto,
1750 1650 1825 1703 lb.
1862 1649 1886 1698 1
1903 1686 1918 1709 ,
1953 1647 2045 1709 18,
2067 1646 2151 1699 36.
2173 1675 2241 1687 —-

1310 1718 1389 1769 Ti.
1432 1716 1715 1775 Gracchus,
1760 1725 1931 1783 pater,
1985 1715 2241 1781 Scipionis

1308 1785 1535 1836 Africani
1571 1786 1783 1836 minoris
1830 1800 1999 1846 socer,
2040 1786 2104 1835 de
2140 1799 2240 1833 am.

1308 1856 1405 1914 27,
1438 1855 1556 1907 101.
1580 1882 1645 1891 -
1670 1856 1973 1905 Memoratur
2000 1855 2149 1904 etiam
2180 1852 2242 1903 de

1309 1926 1412 1979 inv,
1445 1922 1501 1984 1,
1539 1922 1632 1983 49,
1666 1922 1751 1978 91.
1784 1950 1853 1962 --
1884 1922 1975 1974 Rei
2010 1922 2243 1988 publicae

1306 2000 1469 2043 rector
1508 2000 1556 2042 et
1598 1992 1795 2042 consilii
1826 1991 2016 2058 publici
2052 1998 2239 2054 auctor,

1307 2063 1370 2111 de
1391 2069 1515 2113 orat.
1540 2063 1588 2122 1,
1609 2062 1694 2126 48,
1716 2062 1834 2114 211.
1858 2087 1927 2097 --
1945 2061 2103 2110 Homo
2123 2075 2242 2127 pru·

1306 2131 1431 2180 dens
1452 2141 1495 2180 et
1518 2133 1703 2196 gravis,
1722 2131 2111 2193 haudquaquam
2136 2126 2241 2179 elo-

1307 2212 1467 2262 quens
1484 2236 1499 2260 ,
1529 2208 1577 2256 et
1608 2215 1763 2265 saepe
1789 2199 1917 2249 alias
1944 2208 1993 2248 et
2020 2198 2243 2248 maxime

1306 2283 1485 2318 censor
1503 2283 1550 2320 a.
1568 2285 1621 2322 ιι.
1644 2286 1690 2322 c.
1710 2269 1829 2322 585.
1852 2269 2003 2318 saluti
2022 2283 2077 2316 re
2096 2265 2239 2331 publ.

1307 2336 1433 2398 fuit,
1474 2336 1723 2388 libertinis
1752 2341 1803 2387 in
1832 2338 2049 2386 urbanas
2080 2336 2242 2383 tribus

1305 2405 1563 2456 translatis
1580 2441 1597 2465 ‚
1626 2407 1698 2454 lb.
1726 2407 1754 2456 1
1772 2442 1784 2461 ‚
1810 2405 1867 2457 9,
1897 2404 1979 2455 38.
2007 2434 2076 2444 --
2095 2407 2242 2453 Pater

1308 2472 1646 2524 Gracchorum
1663 2510 1677 2534 ,
1698 2475 1761 2524 de
1787 2473 1872 2527 lin.
1895 2474 1948 2535 4,
1966 2474 2050 2536 24,
2073 2471 2157 2522 65.
2172 2497 2241 2507 —

1308 2542 1372 2593 de
1400 2541 1490 2591 off.
1520 2541 1553 2590 2
1794 2575 1808 2590 .
1839 2541 1981 2590 --‘ls
2007 2541 2241 2602 tribunus

1308 2610 1378 2674 pl.
1410 2609 1552 2662 solus
1592 2627 1654 2660 ex
1680 2618 1783 2662 toto
1816 2610 1903 2660 illo
1934 2610 2149 2675 collegio
2178 2607 2238 2662 L.

1307 2678 1534 2744 Scipioni
1566 2679 1759 2730 auxilio
1789 2678 1910 2742 fuit,
1948 2677 2239 2728 inimicissi-

1308 2762 1421 2797 mus
1465 2749 1627 2813 ipsius
1666 2757 1714 2798 et
1750 2748 1921 2798 fratris
1958 2747 2067 2798 eius
2104 2747 2242 2796 Airi-

1308 2817 1443 2878 cani,
1475 2819 1757 2882 iuravitque
1778 2819 1827 2867 in
1857 2819 2091 2868 contione
2112 2816 2240 2865 sein

1308 2887 1519 2950 gratiam
1539 2903 1635 2937 non
1662 2887 1857 2937 redisse
1871 2923 1885 2945 ‚
1908 2885 1998 2936 sed
2018 2885 2242 2934 alienum

1307 2955 1406 3004 sibi
1429 2956 1591 3006 videri
1619 2957 1867 3022 dignitate
1886 2955 2117 3020 imperii,
2138 2967 2239 3016 quo

1306 3023 1463 3074 duces
1511 3027 1679 3075 essent
1730 3025 1951 3074 hostium
2005 3021 2242 3087 Scipione

1303 3092 1643 3158 triumphante
1672 3095 1837 3152 ducti,
1866 3095 2045 3142 eodem
2072 3093 2241 3155 ipsum

1305 3161 1455 3223 duci,
1485 3163 1571 3224 qui
1593 3161 1979 3227 triumphasset,
2009 3160 2072 3210 de
2091 3174 2237 3226 prov.

1304 3244 1408 3282 cos,
1436 3229 1486 3292 8,
1513 3231 1594 3282 18.
1613 3257 1683 3268 --
1707 3232 1761 3279 In
1784 3231 1973 3296 proelio
2002 3245 2114 3278 cum
2140 3229 2241 3277 Lu-

1303 3299 1443 3348 canis
1464 3291 1672 3359 cecidit,
1694 3300 1897 3351 Tuscul.
1922 3299 1968 3357 1,
1990 3299 2075 3362 37,
2098 3295 2183 3347 89.

225 3370 333 3410 tum
376 3363 529 3414 etiam
587 3365 904 3427 eloquentem
961 3374 1162 3416 constat
1235 3361 1328 3416 Ti.
1358 3373 1409 3416 et
1432 3365 1758 3434 Sempronii
1778 3364 2055 3427 Gracchi,
2088 3381 2241 3414 exce-

223 3430 412 3492 suisse,
443 3430 583 3495 Brut.
615 3431 709 3496 20,
743 3432 827 3484 79.
871 3433 935 3483 cl.
965 3435 1034 3484 ib.
1072 3434 1158 3500 46,

293 3513 508 3552 mesae.

1301 3437 1404 3498 ptis
1452 3437 1511 3486 L.
1564 3435 1744 3487 Crasso
1796 3444 1845 3485 et
1890 3437 1957 3486 M.
1999 3435 2240 3494 Antonin,

1768 3504 1834 3556 23
