2500 3850
151 151 231 210 Q.
253 151 419 198 nuc.
442 151 507 198 P.
533 151 599 199 F.
624 152 686 198 P.
716 153 783 198 N.
814 151 1054 200 scanv.
1080 173 1163 185 ——
1186 153 1251 212 Q.
1277 152 1440 201 Mne.
1467 153 1532 213 Q.
1560 155 1624 202 F.
1651 153 1715 214 Q.
1740 156 1807 204 N.
1836 155 2078 206 soAEV.
2123 146 2249 210 257

178 359 189 368 ,
233 309 259 358 1
278 345 291 366 ,
312 309 376 370 4,
416 306 498 361 13.
522 335 587 344 -
609 307 693 356 Ad
711 323 824 356 eum
845 321 875 356 a
895 316 1039 372 patre
1066 316 1174 358 erat

230 376 480 426 deductus
538 376 715 426 Cicero
782 382 984 440 sumpta
1037 377 1172 426 virili

228 454 351 510 toga
386 445 595 507 fierique
630 443 867 495 studebat
904 446 1013 495 eius
1050 460 1171 510 pru·

229 514 401 563 dentia
429 513 653 575 doctior,
688 513 750 561 de
780 529 879 566 am.
914 513 974 571 1,
1019 513 1067 566 1.
1102 540 1170 552 --

231 581 390 640 Quam
412 584 637 647 graviter
656 582 850 631 inimici
878 581 979 646 ipsi
1008 582 1083 632 illi
1108 581 1165 641 Q.

227 650 507 701 Scaevolae
537 651 751 708 fuerint,
790 651 857 700 ad
876 650 997 700 fam.
1023 651 1050 701 1
1068 687 1083 712 ,
1114 652 1168 713 9,

226 719 316 770 26.
355 720 419 769 de
445 720 545 786 leg.
572 720 621 782 1,
645 720 693 780 1,
718 721 766 768 2.

151 787 228 852 Q.
253 787 476 839 Mucius
505 787 569 840 Ρ.
602 785 669 838 F.
702 786 769 836 P.
802 787 867 839 N.
892 785 1168 839 Scaevola
1220 796 1224 800 '

226 865 370 920 pont.
386 871 523 911 max.
544 857 793 907 Tribunus
808 857 1032 923 pl..anno
1052 868 1169 922 post

222 925 286 978 L.
314 926 555 977 Crassum
590 941 639 979 a.
672 941 724 979 u.
758 942 804 974 c.
827 925 983 988 648„
1022 926 1163 980 Brut.

226 993 294 1046 43
313 1031 327 1054 ‚
361 993 481 1047 161.
501 1019 574 1032 —
591 993 867 1044 censuram
890 1010 1039 1045 nemo
1055 1010 1166 1046 um-

225 1063 380 1126 quam
400 1063 761 1114 Scaevolarum
778 1065 989 1128 petivit,
1009 1065 1079 1114 rb.
1097 1087 1165 1102 —-

224 1133 349 1182 Eius
370 1133 603 1182 aedilitas
624 1133 948 1182 ornatissima
962 1169 977 1194 ‚
1015 1132 1163 1188 Verr.

226 1210 453 1255 accusat.
474 1205 527 1264 4,
548 1201 633 1262 59,
656 1200 773 1254 133.
800 1201 924 1251 Cum
945 1201 1003 1255 L.
1018 1200 1166 1250 Cras-

220 1285 283 1320 so
338 1270 842 1336 magnificentissima
907 1269 1167 1320 aedilitate

224 1339 428 1388 functus
462 1347 538 1389 est
558 1354 605 1389 a.
638 1355 689 1388 u.
718 1355 762 1388 e.
792 1338 913 1391 651.
933 1375 948 1398 ‚
982 1340 1045 1390 de
1078 1339 1163 1388 off.

222 1409 287 1467 2,
324 1407 416 1470 16,
445 1407 531 1462 57.
552 1435 622 1448 —-
642 1407 885 1457 Scaevola
917 1407 1055 1457 solos
1077 1421 1167 1456 no-

225 1492 341 1527 vem
377 1491 579 1527 menses
613 1478 770 1533 Asiae
810 1476 1060 1541 praefuit,
1100 1476 1167 1525 ad

225 1547 328 1595 Att.
356 1545 389 1596 5
406 1583 421 1608 ,
453 1545 545 1605 17,
571 1545 624 1598 5.
650 1571 721 1582 —
741 1545 802 1603 Q.
834 1545 1082 1596 Scaevola
1103 1545 1167 1594 de

225 1613 431 1664 cohorte
450 1629 546 1665 sua
573 1613 697 1664 darc
728 1614 923 1665 iudices
951 1628 1052 1664 non
1080 1629 1166 1665 so-

225 1682 379 1742 lebat,
398 1683 547 1736 Verr.
570 1692 790 1737 accusat.
810 1686 863 1747 2,
889 1682 970 1747 13,
991 1680 1078 1734 34.
1099 1709 1165 1719 -—

224 1751 347 1801 Eius
393 1752 661 1818 integritas
713 1754 765 1801 in
813 1752 1166 1802 aestimatione

226 1820 494 1881 frumenti,
514 1822 589 1871 Ib.
613 1821 665 1883 3,
684 1820 770 1884 90,
795 1819 920 1872 209.
942 1848 1009 1857 -
1035 1820 1163 1869 Eius

225 1890 449 1941 edictum
473 1890 780 1950 Asiaticum,
800 1905 865 1941 ex
879 1904 983 1953 >quo
1004 1888 1164 1941 multa

224 1967 427 2017 secutus
464 1966 541 2009 est
580 1958 755 2010 Cicero
780 1960 855 2009 *in
903 1975 997 2009 suo
1043 1958 1164 2009 Cili-

224 2030 413 2090 ciensi,
435 2029 500 2078 ad
520 2029 625 2080 Att.
648 2029 711 2093 6,
735 2029 789 2088 1,
825 2027 905 2079 15.
930 2056 997 2065 -
1024 2027 1165 2079 Dixit

224 2098 433 2148 causam
462 2097 517 2147 P.
538 2097 718 2147 Rutilii
746 2096 861 2146 Rufi
888 2111 1028 2147 more
1048 2112 1160 2159 suo,

220 2166 364 2215 nullo
385 2172 662 2232 apparatu,
687 2180 815 2232 pure
844 2173 895 2215 et
925 2166 1163 2227 dilucide,

225 2237 289 2285 de
322 2243 450 2285 orat.
484 2235 511 2285 1
530 2272 547 2297 ,
580 2233 676 2296 33,
706 2233 827 2286 229.
849 2262 921 2271 --
940 2236 998 2285 In
1028 2250 1161 2297 eum,

221 2304 390 2353 virum
416 2304 653 2354 omnibus
681 2304 886 2369 ingenio
903 2340 917 2363 ,
948 2304 1162 2363 iustitia,

224 2374 515 2439 integritate
560 2379 902 2437 praestantem
937 2372 1165 2437 publica-

222 2456 405 2493 norum
422 2456 605 2506 aspere
624 2448 670 2491 et
687 2441 924 2491 ferociter
943 2450 991 2492 et
1009 2442 1167 2492 libere

226 2510 390 2573 dicta,
416 2525 513 2575 pro
546 2510 717 2561 Plano.
752 2510 845 2573 14,
884 2509 970 2563 33.
1006 2538 1071 2545 —
1104 2509 1164 2569 Q.

224 2578 454 2643 MuciuS,
494 2594 650 2642 quum
687 2579 1053 2629 interficeretur
1076 2576 1167 2627 Sa-

224 2649 458 2697 turninus
477 2664 525 2697 a.
545 2663 598 2704 n.
626 2664 668 2699 c.
698 2648 852 2713 654„
880 2662 973 2714 pro
1002 2646 1167 2697 salute

226 2718 481 2767 communi
502 2732 641 2770 arma
662 2718 795 2783 cepit
812 2754 825 2773 ‚
859 2732 953 2781 pro
987 2715 1041 2765 Ο.
1064 2717 1165 2765 Ra-

222 2785 321 2835 hir.
345 2786 491 2850 perd.
516 2790 575 2845 7,
596 2786 681 2835 21.
724 2786 786 2839 cl.
812 2785 881 2834 ib.
905 2785 965 2848 9,
986 2784 1072 2838 26.
1090 2812 1165 2824 —-

228 2854 285 2913 Q.
310 2856 505 2904 Mucius
540 2853 786 2904 Scaevola
816 2868 919 2905 008.
959 2869 1073 2904 cum
1104 2854 1159 2907 P.

224 2920 422 2973 Licinio
444 2922 623 2972 Crasso
644 2938 689 2971 a.
710 2939 762 2972 ιι.
788 2939 832 2976 c.
852 2922 994 2983 659„
1019 2923 1159 2981 Brut.
1192 2922 1196 2926 '

227 2990 321 3054 64,
352 2991 471 3043 229.
511 2992 585 3041 Ib.
617 2991 711 3049 96,
748 2992 867 3045 328.
890 3018 959 3027 -
978 2993 1163 3041 Eorum

228 3061 491 3110 consulum
522 3060 606 3110 lex
630 3061 692 3109 de
722 3062 959 3125 regendis
989 3062 1041 3110 in
1074 3076 1167 3111 sua

228 3130 432 3179 civitate
449 3130 631 3193 sociis,
665 3130 729 3180 de
757 3128 841 3180 off.
863 3130 922 3195 3,
957 3129 1046 3187 11,
1079 3132 1164 3181 47.

228 3224 297 3233 -
326 3199 385 3259 Q.
422 3198 671 3249 Scaevola
701 3207 843 3262 pont.
878 3214 1013 3252 max.
1050 3214 1167 3249 acut-

228 3267 455 3317 tissimus
488 3275 537 3316 et
566 3268 620 3316 in
655 3270 762 3316 iure
790 3269 1164 3334 paratissimus.

230 3362 296 3372 --
331 3337 463 3387 Iuris
501 3336 777 3399 peritorum
816 3336 1167 3399 eloquentissi-
1239 3335 1309 3400 Q.
1339 3330 1562 3385 Muciu-

230 3420 361 3459 mns.
387 3406 651 3457 Adversus
672 3421 786 3455 eum
803 3406 932 3455 dixit
942 3406 1001 3457 L.
1022 3406 1167 3456 Gras-

298 3487 518 3525 c1cnao.

1311 322 1398 357 sus
1420 310 1470 356 in
1490 323 1647 358 causa
1675 309 1760 358 Μ’.
1793 308 1959 374 Curii,
1992 311 2130 363 Brut.
2159 313 2248 378 39,

1314 375 1432 429 145.
1470 377 1542 430 lb.
1568 377 1665 439 52,
1699 375 1815 428 194.
1836 405 1908 416 ——·
1927 381 2108 430 Irrisus
2135 396 2165 431 a
2192 381 2247 434 L.

1311 445 1494 496 Crasso
1548 447 1601 494 in
1650 461 1805 496 causa
1858 445 2100 513 Curiana,
2153 464 2248 517 pro

1311 512 1458 565 Gaec.
1491 513 1582 576 18,
1617 514 1702 565 53.
1741 516 1817 565 Ib.
1837 515 1922 576 64,
1947 515 2034 569 67.
2053 546 2122 557 —-
2142 517 2255 569 Mas

1310 582 1606 648 gnanimum
1626 584 1737 632 eius
1757 583 1945 632 factum
1961 621 1974 643 ‚
2002 586 2065 635 de
2084 586 2171 636 off.
2195 589 2248 651 2,

1314 651 1396 711 15,
1410 651 1496 702 62.
1512 677 1578 686 -
1591 650 1644 700 Ο.
1663 651 1884 702 Fimbria
1901 668 2058 716 quum
2076 671 2250 706 curas·

1311 721 1458 769 setin
1480 719 1658 770 funere
1678 719 1734 776 G.
1753 722 1899 771 Marii
1919 736 2030 777 a.u.
2046 739 2093 776 c.
2107 723 2248 785 668..

1308 796 1364 838 ut
1397 788 1458 848 Q.
1487 788 1735 839 Scaevola
1764 789 2144 856 vulneraretur,
2182 820 2249 830 -

1310 857 1446 907 diem
1503 859 1780 908 Scaevolae
1847 859 2014 925 dixit,
2069 868 2251 925 postea

1307 942 1461 988 quam
1479 929 1729 991 comperit
1746 944 1860 977 eum
1880 943 2034 993 posse
2056 931 2246 996 vivere,

1304 1009 1398 1059 pro
1435 995 1555 1046 Sex.
1596 995 1747 1048 Rosc.
1784 997 1877 1056 12,
1917 996 2004 1050 33.
2041 1026 2106 1035 -
2137 1001 2248 1059 Quo

1305 1065 1456 1114 modo
1476 1066 1530 1114 in
1557 1063 1746 1116 Cinnae
1767 1067 2029 1116 dominatu
2049 1083 2107 1116 se
2129 1083 2248 1134 ges-

1307 1136 1429 1183 serit
1443 1171 1458 1195 ,
1485 1134 1552 1184 ad
1571 1136 1677 1186 Att.
1703 1136 1736 1186 8
1754 1171 1768 1197 ,
1802 1132 1863 1192 3,
1896 1135 1949 1186 6.
1968 1161 2041 1172 —
2056 1135 2247 1188 Mucia·

1307 1216 1402 1251 nus
1423 1203 1616 1257 exitus.
1637 1203 1780 1258 1b.9‚
1804 1201 1887 1266 12,
1910 1204 1957 1254 1.
1976 1205 2110 1265 —Q.
2139 1207 2248 1255 Mu-

1306 1271 1414 1319 cius
1437 1269 1681 1321 Scaevola
1702 1287 1732 1320 a
1752 1271 1912 1322 Mario
1931 1273 2126 1325 iuniore
2161 1290 2247 1324 oo·

1305 1339 1471 1400 cisus,
1494 1339 1566 1389 lb.
1590 1338 1642 1398 9,
1667 1339 1750 1402 15,
1769 1341 1904 1391 2.-
1919 1340 1978 1398 Q.
2004 1339 2250 1392 Scaevola

1303 1408 1488 1472 pontif.
1528 1422 1664 1456 max.
1679 1443 1695 1469 ,
1738 1411 2100 1473 temperantiae
2127 1425 2247 1474 pru-

1310 1477 1610 1537 dentiaeque
1639 1477 1927 1540 specimen,
1957 1485 2072 1526 ante
2087 1479 2248 1528 simu·

1304 1544 1500 1594 lacrum
1530 1546 1718 1596 Vestae
1749 1545 2056 1604 trucidatus,
2095 1547 2158 1598 de
2192 1547 2284 1596 nl·

1308 1611 1768 1730 Q—
1788 1613 1914 1664 Eius
1935 1614 2146 1680 laudes,
2182 1611 2284 1666 ἀεί’
2339 1603 2347 1612 ’

1305 1697 1406 1732 am.
1431 1682 1459 1732 1
1479 1719 1494 1744 ,
1521 1681 1568 1732 1.
1590 1709 1658 1719 -—
1723 1683 1878 1732 emini
1897 1699 1953 1734 se
1973 1685 2039 1735 ad
2062 1685 2247 1736 docen-

1307 1753 1429 1802 dum
1449 1750 1628 1812 dabat,
1663 1759 1830 1802 tamen
1865 1753 2245 1806 consulentibus

1305 1820 1662 1885 respondendo
1706 1822 1966 1871 studiosos
2004 1824 2246 1873 audiendi

1307 1889 1549 1950 docebat,
1578 1889 1721 1939 Brut.
1757 1889 1826 1943 89
1844 1929 1858 1952 ,
1891 1889 2011 1945 306.
2031 1918 2101 1929 --·
2120 1892 2245 1943 Cru-

1305 1958 1436 2009 delis
1488 1959 1748 2010 interitus·
1774 1960 1928 2007 trium
1992 1968 2245 2012 oratorum

1305 2026 1608 2091 Scaevolae,
1645 2027 1921 2089 Carbonis,
1962 2029 2170 2078 Antistii
2195 2044 2242 2080 a.

1305 2112 1355 2146 ιι.
1389 2112 1433 2145 c.
1467 2095 1624 2159 672.,
1662 2096 1733 2145 lb.
1768 2096 1872 2155 90,
1905 2094 2026 2148 311.
2063 2123 2132 2135 -
2165 2098 2246 2147 Ex

1303 2173 1449 2230 patre
1477 2164 1560 2226 (Ρ.
1595 2164 1760 2215 Mucio
1789 2164 2038 2217 Scaevola
2067 2181 2172 2221 008.
2195 2182 2243 2217 a.

1305 2250 1358 2285 u.
1381 2250 1427 2286 c.
1448 2232 1600 2299 621.)
1623 2234 1818 2285 audivit
1843 2236 2132 2301 pontificem
2152 2237 2244 2285 bo-

1305 2317 1430 2352 num
1466 2304 1720 2353 neminem
1757 2318 1871 2353 esse
1903 2306 2001 2354 nisi
2039 2306 2127 2367 qui
2161 2305 2246 2353 ius

1307 2372 1456 2421 civile
1490 2379 1788 2437 cognosset,
1828 2373 1893 2420 de
1923 2372 2026 2437 leg.
2061 2374 2122 2431 2,
2158 2370 2242 2434 19,

1305 2441 1393 2491 47.
1428 2441 1501 2489 Ib.
1527 2440 1574 2500 1,
1596 2438 1682 2499 20,
1703 2439 1789 2489 49.
1809 2463 1877 2474 -·
1896 2440 1952 2488 In
1975 2441 2086 2488 iure
2107 2438 2246 2489 civili

1307 2508 1574 2568 excelluit,
1606 2509 1670 2557 de
1696 2504 1784 2559 off.
1809 2507 1866 2567 1,
1897 2506 1994 2570 32,
2026 2507 2144 2559 116.
2182 2508 2246 2557 de

1307 2585 1432 2629 orat.
1458 2578 1484 2626 1
1505 2613 1518 2633 ,
1553 2574 1620 2626 37
1637 2612 1650 2635 ,
1685 2574 1800 2625 170.
1821 2577 2038 2626 —Iuris
2057 2576 2246 2643 perito-

1306 2662 1420 2696 rum
1469 2644 1941 2710 eloquentissimus,
2003 2646 2248 2709 eloquen-

1308 2717 1433 2765 tium
1454 2715 1577 2765 iuris
1595 2714 1959 2781 peritissimus,
1984 2716 2061 2773 lb.
2087 2716 2136 2780 1,
2157 2714 2244 2782 39,

1310 2784 1428 2836 180.
1453 2808 1512 2821 —
1538 2781 1797 2834 Summam
1830 2799 1942 2835 esse
1969 2786 2074 2837 vim
2108 2786 2246 2836 dice-

1306 2854 1393 2903 bat
1428 2855 1483 2903 in
1522 2854 1756 2904 omnibus
1792 2853 1858 2903 iis
1897 2855 2151 2917 arbitriis,
2189 2855 2246 2902 iu

1308 2923 1491 2987 quibus
1530 2923 1799 2973 adderetur
1834 2937 1904 2972 nx
1937 2940 2054 2973 rma
2091 2938 2241 2985 norm,

1310 2992 1372 3042 de
1395 2992 1480 3042 off.
1513 2991 1580 3053 3,
1614 2992 1678 3041 17
1697 3027 1712 3054 ,
1743 2988 1828 3039 70.
1869 3018 1937 3028 -
1968 2990 2244 3041 Scaevolae

1305 3061 1570 3126 pontifices
1589 3061 1738 3109 ambo
1761 3064 1810 3105 et
1829 3060 1984 3109 iidem
2003 3062 2130 3109 iuris
2155 3073 2245 3123 pe-

1306 3124 1570 3190 ritissimi,
1611 3129 1674 3178 de
1705 3127 1808 3191 leg.
1842 3128 1910 3192 2,
1944 3128 2038 3188 129,
2067 3130 2152 3179 47.
2177 3152 2244 3162 --

1308 3192 1640 3264 Significatm‘
1669 3194 1829 3246 divin.
1869 3196 1922 3244 ἱιι
1959 3198 2020 3256 Q,
2061 3193 2243 3245 Caecil.

1309 3268 1392 3319 17.
1413 3268 1498 3317 57.
1539 3265 1602 3313 de
1617 3279 1670 3313 n.
1695 3262 1746 3312 cl.
1772 3261 1819 3320 1,
1843 3265 2070 3325 41,115.

1599 3332 1666 3397 Q.
1687 3328 1751 3379 F.
1789 3329 1859 3393 Q.
1879 3332 1946 3385 N.
1970 3330 2245 3385 Scaevola

1308 3402 1399 3471 (N.
1414 3402 1488 3468 9.)
1507 3416 1638 3451 unus
1659 3400 1721 3449 de
1742 3397 1948 3516 cpl710rte
1967 3403 2247 3452 amicorum
2277 3405 2282 3410 '
