2500 3850
743 194 812 238 M.
856 190 1150 238 TULLIUS
1183 192 1256 237 M.
1290 191 1353 238 F.
1388 192 1460 238 M.
1499 192 1569 239 N.
1605 189 1878 238 CICERO.

315 352 470 400 modo
491 347 812 400 exercitatior
826 384 840 406 ‚
862 347 954 397 sed
973 360 1134 412 prope
1155 360 1242 395 mu
1256 373 1270 382 ·

320 430 473 469 tatus,
513 418 642 467 Nam
663 425 712 465 et
731 417 983 465 contentio
1003 416 1161 464 nimia
1180 430 1271 464 vo-

317 492 394 538 cis
430 488 676 538 residet-at
717 493 766 533 et
805 486 950 547 quasi
984 485 1271 534 deferverat

315 558 482 607 oratio
522 555 862 615 lateribusque
895 554 1028 604 vires
1066 561 1116 603 et
1158 568 1270 602 cor-

323 628 433 690 pori
453 625 721 675 mediocris
741 622 945 673 habitus
963 632 1267 684 accesserat,

322 698 462 748 Brut.
485 693 571 754 91,
592 692 711 745 316.
735 720 804 729 —-
824 693 905 742 Ad
927 692 1064 743 hunc
1083 706 1270 740 annum

320 764 590 813 referenda
628 762 829 811 videtur
868 762 1028 812 oratio
1071 776 1166 826 pro
1209 761 1267 819 Q.

321 833 509 883 Roscio
533 830 816 891 Comoedo,
848 845 878 879 a
897 846 996 893 quo
1019 828 1194 880 Cicero
1216 830 1266 877 iu

318 903 534 951 actionis
563 906 669 949 arte
691 901 952 949 institutus
975 906 1096 949 erat.

390 971 455 1024 Α.
479 987 530 1035 u.
561 985 605 1018 c.
634 969 754 1020 678.
781 964 880 1018 aet.
902 966 1090 1018 XXXI.
1115 981 1270 1033 quae-

318 1050 512 1090 Sturam
558 1038 704 1103 petiit
753 1047 802 1087 et
847 1052 1027 1088 causas
1069 1035 1270 1087 nobiles

319 1110 450 1174 egit,
486 1110 625 1161 Brut.
661 1106 728 1157 92
745 1144 761 1169 ,
790 1105 910 1157 318.
932 1134 998 1143 -—
1021 1106 1270 1165 Quaestor

322 1178 511 1227 cunctis
550 1175 814 1241 suffragiis
845 1176 1021 1242 populi
1051 1172 1271 1226 Romani

321 1247 489 1297 factus
508 1253 611 1307 est,
641 1248 690 1294 in
718 1246 890 1298 Pison.
913 1246 961 1305 1,
988 1248 1040 1295 2.

391 1316 456 1364 A.
475 1332 528 1368 u.
557 1330 600 1365 c.
622 1314 743 1367 679.
765 1323 864 1364 aet.
888 1314 1106 1366 XXXII.
1140 1312 1270 1361 Eum
1308 1299 1316 1305 ⁵

321 1390 643 1447 quaestorem
717 1381 1002 1433 Siciliensis
1068 1380 1273 1446 excepit

323 1445 520 1515 antius,
562 1452 705 1501 Brut.
745 1452 844 1517 92,
889 1450 1008 1503 318.
1045 1477 1112 1486 —
1154 1450 1272 1514 Ipse

321 1528 558 1585 quaestor
582 1522 870 1587 ignoratum
905 1521 970 1569 ab
997 1520 1273 1585 Syracusa-

322 1592 430 1650 nis,
461 1605 616 1655 quum
639 1604 753 1639 esse
773 1591 978 1639 omnino
1007 1595 1271 1654 negarent,

321 1667 554 1724 saeptum
587 1660 810 1723 undique
839 1666 888 1708 et
917 1658 1158 1709 vestitum
1184 1672 1271 1706 ve-

321 1730 501 1793 pribus
515 1736 563 1778 et
580 1728 800 1779 dumetis
820 1727 1082 1794 indagavit
1093 1726 1272 1776 Archi·

320 1799 485 1849 medis
505 1797 824 1863 sepulcrum,
861 1797 926 1847 de
959 1811 1060 1860 quo
1097 1795 1272 1860 lepida

318 1868 538 1918 narratio
559 1874 636 1917 est
666 1866 869 1917 Tuscul.
892 1866 952 1931 5,
974 1866 1040 1917 23
1056 1902 1071 1929 ,
1093 1864 1178 1916 64.
1199 1891 1271 1901 -—

315 1937 404 1987 Sic
422 1945 589 1988 autem
624 1935 840 1988 obtinuit
859 1944 1190 2000 quaesturam
1215 1935 1268 1983 in

317 2005 495 2056 Sicilia
512 2008 804 2073 provincia,
829 2014 883 2056 ut
903 2007 1129 2056 omnium
1148 2019 1269 2055 ocu-

321 2077 396 2124 los
419 2077 474 2125 in
499 2090 555 2126 se
577 2078 831 2127 coniectos
853 2089 969 2128 esse
995 2075 1269 2125 arbitrare-

317 2155 428 2205 tur,
466 2152 521 2193 ut
560 2158 618 2195 se
657 2153 1081 2208 quaesturamque
1117 2159 1265 2194 suam

318 2213 468 2274 quasi
519 2213 571 2260 in
625 2213 793 2276 aliquo
843 2223 1089 2264 terrarum
1128 2215 1267 2263 orbis

317 2281 513 2330 theatro
565 2283 756 2330 versari
811 2283 1155 2342 existimaret,
1213 2289 1268 2330 ut

317 2364 521 2414 semper
541 2351 713 2400 omnia
728 2387 740 2408 ,
763 2365 894 2413 quae
913 2352 1134 2400 iucunda
1152 2354 1265 2400 esse

321 2420 646 2480 viderentur,
685 2435 745 2469 ea
773 2432 874 2468 non
896 2420 1048 2470 modo
1068 2420 1153 2469 his
1179 2435 1267 2470 ex-

317 2488 680 2539 traordinariis
717 2489 1118 2552 cupiditatibus,
1174 2489 1269 2540 sed

319 2558 474 2606 etiam
501 2558 603 2622 ipsi
637 2564 851 2607 naturae
882 2571 942 2607 ac
973 2558 1267 2607 necessitati

317 2627 619 2696 denegaret,
651 2627 798 2676 Verr.
833 2626 897 2686 5,
935 2626 1028 2692 14,
1064 2626 1150 2678 35.
1200 2626 1263 2677 cl.

315 2710 410 2758 pro
438 2695 612 2746 Plane.
633 2693 720 2758 26,
747 2695 834 2746 64.

389 2766 454 2813 Α.
486 2780 542 2814 ιι.
578 2780 625 2813 c.
655 2763 776 2816 680.
811 2771 912 2814 aet.
945 2762 1184 2814 XXXIII.
1223 2765 1265 2814 E

315 2833 582 2895 provincia
611 2831 784 2882 Sicilia
816 2832 912 2882 hac
937 2849 1028 2898 spe
1048 2833 1264 2884 decede-

319 2901 434 2964 bat,
473 2909 530 2950 ut
565 2902 663 2950 sibi
697 2903 946 2968 populum
979 2903 1265 2953 Romanum

317 2968 446 3018 ultro
494 2971 664 3020 omnia
709 2972 992 3022 delaturum
1042 2980 1259 3037 putaret.

313 3037 422 3087 Sed
445 3056 595 3102 quem
617 3041 683 3090 ad
707 3041 912 3091 modum
933 3040 1030 3090 hac
1051 3057 1145 3106 spe
1168 3042 1263 3092 fal-

311 3122 405 3157 sus
441 3111 509 3158 sit
545 3111 659 3175 ipse
697 3113 937 3175 exponit,
983 3126 1262 3161 summam-

313 3191 414 3238 que
449 3179 518 3228 ait
557 3194 612 3230 se
657 3193 864 3244 operam
917 3181 1146 3244 dedisse,
1205 3189 1264 3230 ut

315 3247 467 3295 etiam
494 3262 738 3312 praesens
777 3250 966 3314 populo
1003 3249 1148 3303 Rom.
1183 3251 1262 3299 in-

316 3313 540 3381 dustria,
585 3319 874 3384 vigilantia,
921 3320 1120 3378 studio,
1169 3319 1262 3369 ad·

311 3383 556 3436 siduitate
585 3403 638 3436 se
671 3389 938 3451 probaret,
970 3402 1064 3453 pro
1083 3389 1256 3439 Plane.
1280 3439 1285 3442 .

313 3451 399 3510 26,
421 3452 508 3509 65.
543 3456 628 3518 27,
648 3456 732 3508 66.
765 3456 929 3516 Quum
951 3473 977 3507 e
1000 3455 1183 3510 Sicilia
1200 3475 1259 3510 se

2233 179 2358 239 407

1411 348 1711 411 recepisset,
1769 348 1870 395 iam
1916 346 2182 397 videbatur
2227 343 2359 395 illud

1412 416 1656 479 quidquid
1702 422 1809 465 erat
1858 416 1910 463 in
1952 430 2043 477 eo,
2083 429 2195 465 esse
2240 428 2357 479 per-

1411 484 1599 534 fectum
1656 493 1706 534 et
1764 484 1951 533 habere
2014 484 2357 534 maturitatem

1412 556 1685 618 quamdam
1720 568 1896 614 suam,
1927 554 2067 602 Brut.
2100 552 2199 613 92,
2232 551 2353 605 318.

1480 626 1543 676 A.
1566 639 1622 675 u..
1641 639 1686 676 c.
1703 622 1826 674 684.
1848 630 1947 673 aet.
1970 621 2226 671 XXXVII.
2258 623 2357 671 Ae-

1412 692 1531 743 dilis
1558 693 1699 758 prior
1731 692 1927 741 cunctis
1958 690 2221 756 suffragiis
2262 706 2358 755 po-

1410 763 1517 827 puli
1539 763 1685 812 Rom.
1716 761 1882 811 factus
1909 768 2014 821 est,
2042 762 2093 809 in
2114 760 2281 809 Pison.
2305 762 2357 825 1,

1410 833 1461 881 2.
1504 858 1574 868 —
1615 830 1920 897 Designatus·
1956 830 2138 879 aedilis
2181 829 2357 878 Verris

1411 899 1784 950 accusationem
1824 900 2075 964 suscepit,
2115 900 2261 949 Verr.
2306 900 2356 958 5,

1414 970 1496 1030 14,
1520 968 1603 1019 36.
1636 969 1698 1018 Et
1718 968 2013 1033 designatus
2039 966 2221 1018 aedilis
2243 982 2357 1017 cum

1410 1038 1679 1103 designato
1731 1038 1941 1087 consule
1982 1035 2040 1096 Q.
2088 1038 2355 1087 Hortensio

1410 1108 1693 1170 contendit,
1728 1107 1867 1156 Brut.
1901 1107 1999 1167 92,
2035 1105 2156 1159 319.
2191 1106 2351 1156 divin.

1411 1179 1462 1226 in
1490 1176 1549 1235 Q.
1572 1176 1758 1228 Caecil.
1790 1176 1847 1239 1,
1883 1176 1905 1226 l
1930 1190 2043 1239 sqq.
2080 1176 2196 1225 Act.
2223 1176 2277 1228 in
2300 1174 2353 1224 C.

1408 1247 1556 1296 Verr.
1581 1246 1740 1310 prima
1765 1245 1812 1307 1,
1840 1245 1863 1294 1
1887 1260 2000 1307 sqq.

1477 1316 1539 1363 A.
1577 1329 1628 1363 u.
1680 1330 1723 1363 o.
1763 1313 1885 1365 685.
1926 1321 2025 1363 aet.
2072 1312 2357 1363 XXXVIII.

1410 1384 1589 1433 Triuos
1633 1382 1783 1432 ludos
1832 1376 2011 1432 aedilis
2066 1382 2215 1441 fecit,
2264 1397 2355 1463 pro

1414 1453 1541 1517 Mur.
1567 1451 1661 1511 19,
1695 1452 1779 1503 40.
1808 1451 1991 1500 —Pro
2024 1451 2357 1517 amplitudine

1413 1530 1583 1571 tamen
1636 1521 1915 1581 honorum,
1974 1535 2102 1583 quos
2160 1521 2356 1571 cunctis

1414 1590 1676 1656 suffragiis
1709 1589 1924 1654 adeptus
1960 1597 2098 1654 erat,
2130 1604 2222 1639 suo
2246 1590 2358 1651 qui-

1414 1660 1529 1710 dem
1549 1674 1679 1709 anno
1695 1696 1710 1720 ,
1735 1674 1857 1709 sane
1879 1660 2099 1726 exiguus
2124 1665 2358 1722 sumptus

1414 1730 1690 1780 aedilitatis
1711 1728 1833 1789 suit,
1854 1729 1917 1778 de
1938 1728 2024 1777 off.
2049 1730 2098 1787 2,
2123 1728 2203 1788 17,
2222 1727 2307 1780 59.

1477 1800 1543 1854 Α.
1565 1814 1615 1848 ιι.
1633 1815 1677 1848 c.
1699 1796 1820 1851 686.
1842 1804 1940 1847 aet.
1963 1797 2201 1855 XXXIX.
2222 1810 2357 1845 mor-

1412 1884 1527 1919 tuus
1552 1875 1630 1918 est
1660 1868 1717 1917 L.
1742 1866 1914 1918 Cicero
1948 1868 2015 1918 M.
2041 1866 2193 1917 Tullii
2218 1866 2358 1915 Cice-

1410 1940 1549 1990 ronis
1574 1937 1729 1988 frater
1754 1937 2026 2002 patruelis,
2058 1939 2205 1986 cuius
2227 1951 2358 1988 mor-

1408 2018 1511 2059 tem
1530 2007 1763 2073 deplorat
1786 2007 1853 2056 ad
1877 2009 1981 2057 Att.
2008 2004 2056 2065 l,
2076 2006 2129 2057 5.

1478 2083 1541 2127 Α.
1574 2093 1621 2126 ιι.
1654 2092 1700 2125 c.
1723 2075 1845 2130 687.
1880 2084 1979 2127 aet.
2001 2075 2111 2130 XL.
2151 2076 2359 2124 Praetor

1413 2150 1609 2212 primus
1646 2146 1840 2196 cunctis
1878 2145 2143 2212 suffragiis
2176 2141 2360 2210 populi

1410 2221 1553 2268 Rom.
1577 2216 1745 2266 faetus
1776 2221 1881 2277 est,
1918 2217 1970 2265 in
1988 2215 2163 2267 Pison.
2195 2213 2253 2278 1,
2286 2213 2355 2275 2-‚

1408 2303 1563 2350 quum
1581 2292 1791 2350 propter
1812 2286 2109 2336 dilationem
2128 2282 2358 2334 comitio-

1405 2371 1518 2406 rum
1535 2353 1617 2421 (ν.
1644 2355 1713 2403 ad
1731 2355 1836 2404 Att.
1862 2355 1887 2403 1
1908 2391 1920 2411 ‚
1958 2353 2048 2412 10,
2080 2353 2128 2404 6.
2175 2351 2235 2414 l,
2270 2349 2353 2415 ll,

1407 2424 1491 2487 2.)
1525 2432 1603 2472 ter
1637 2428 1845 2486 praetor
1879 2424 2076 2486 primus
2114 2420 2356 2470 centuriis

1408 2493 1602 2543 cunctis
1621 2492 1947 2540 renunciatus
1969 2498 2120 2550 esset,
2142 2489 2206 2547 de
2227 2488 2353 2552 imp.

1411 2559 1515 2614 Gn.¹
1534 2561 1713 2624 Pomp.
1758 2559 1815 2622 1,
1854 2560 1903 2610 2.
1928 2564 2005 2596 “-
2040 2559 2168 2610 Nam
2199 2573 2355 2621 quum

1408 2637 1618 2696 propter
1640 2629 2001 2679 adsiduitatem
2031 2629 2083 2678 in
2114 2628 2286 2678 causis
2307 2637 2372 2676 et*

1407 2699 1714 2750 industriam
1742 2706 1849 2748 tum
1884 2707 2095 2763 propter
2132 2698 2355 2760 exquisi-

1404 2771 1507 2820 tius
1540 2775 1589 2819 et
1617 2768 1824 2818 minime
1860 2768 2071 2834 vulgare
2112 2766 2353 2818 orationis

1406 2853 1569 2904 genus
1598 2839 1795 2887 animos
1824 2837 2087 2888 hominurn
2116 2837 2183 2887 ad
2202 2849 2256 2885 se
2278 2835 2356 2885 di-

1405 2907 1554 2958 cendi
1576 2908 1798 2957 novitate
1827 2912 2176 2968 converterat,
2207 2904 2349 2953 Brut.

1405 2978 1489 3038 93,
1513 2974 1634 3030 321.

1474 3046 1538 3094 Α.
1574 3061 1626 3098 ιι.
1661 3060 1704 3093 c.
1740 3043 1858 3095 688.
1893 3051 1989 3094 aet.
2021 3042 2151 3092 XLI.
2178 3041 2349 3092 Cicero
2429 3039 2443 3056 ⁶

1405 3121 1611 3180 praetor
1634 3114 1913 3176 quaestioni
1934 3113 1999 3163 de
2017 3111 2247 3179 pecuniis
2273 3125 2347 3160 re⁴

1402 3183 1642 3248 petundis
1661 3182 1901 3246 praefuit,
1916 3197 2009 3246 pro
2020 3182 2193 3233 Rabir.
2210 3181 2350 3230 Post.

1402 3255 1455 3312 4,
1474 3250 1525 3302 9.
1566 3265 1659 3318 pro
1682 3250 1911 3302 Cornelio
1939 3253 1986 3312 1,
2012 3253 2058 3305 1.
2086 3252 2269 3316 fragm.
2296 3265 2349 3314 p.

1402 3321 1505 3373 207
1525 3336 1638 3384 sqq.
1678 3336 1771 3386 pro
1796 3321 1990 3373 cluent.
2015 3321 2107 3384 53,
2134 3321 2251 3372 147.
2280 3347 2350 3357 --

1402 3391 1559 3456 Apud
1588 3406 1700 3440 eum
1731 3390 1786 3444 C.
1819 3391 2046 3442 Licinius
2078 3392 2244 3440 Macer
2265 3404 2351 3439 ac-

1400 3467 1605 3512 cusatus
1638 3467 1687 3510 et
1716 3461 1983 3512 damnatus
2004 3467 2109 3526 est,
2142 3461 2209 3512 ad
2241 3460 2347 3510 Att.
