2500 3850
202 189 285 252 90

271 357 368 424 15,
411 359 463 411 2.
499 384 565 396 -
594 357 765 410 Pudor
800 359 1051 410 Pulchelli
1086 357 1212 420 (iro-

268 425 429 492 nice),
454 427 520 479 ad
537 430 645 483 Att.
668 430 702 479 2
718 466 732 493 ,
760 428 853 492 18,
874 428 925 479 3.
954 455 1019 465 —-
1045 427 1216 477 Minae

271 497 439 549 Clodii
481 498 927 560 contentionesque
970 499 1025 547 in
1069 495 1213 547 Cice-

268 582 472 628 ronem,
504 569 578 618 lb.
613 567 673 630 2,
707 567 789 630 19,
814 566 862 618 1.
902 567 1215 629 Ib.s.4.-

271 635 481 686 Clodius
510 635 741 686 Ciceroni
776 635 1048 686 denunciat
1078 636 1215 700 peri-

264 706 466 769 culum,
516 704 788 770 Pompeius
827 704 1062 754 adfirmat
1112 718 1213 755 non

268 791 385 828 esse
407 775 692 840 periculum
712 780 809 823 cet.
824 809 840 837 ,
867 774 941 826 Π).
962 775 1027 839 2,
1046 774 1132 836 20,
1154 773 1205 822 2.

266 871 338 882 -
361 842 535 893 Cicero
570 843 636 893 ad
664 843 1001 892 resistendum
1034 857 1091 891 se
1118 855 1212 905 pa·

266 921 363 976 rat,
382 914 456 966 Ib.
478 913 529 977 2,
547 912 633 975 21,
654 911 704 962 5.
724 939 789 948 -
803 910 1006 962 Clodius
1024 911 1147 960 furit
1163 917 1213 960 et

270 983 505 1033 Ciceroni
525 996 679 1044 quum
700 981 805 1030 vim
827 989 936 1030 tum
962 981 1209 1030 iudicium

266 1053 518 1114 minatur,
556 1050 628 1098 lb.
664 1051 695 1099 2
714 1086 729 1111 ,
762 1050 859 1110 22,
884 1050 935 1102 1.
974 1049 1037 1099 cl.
1062 1050 1135 1102 ib.
1156 1050 1208 1112 2,

264 1121 352 1185 23,
376 1118 426 1170 3.
453 1146 520 1156 -
541 1118 617 1168 De
636 1119 752 1184 lege
774 1118 971 1184 Clodii,
996 1133 1094 1182 qua
1127 1116 1210 1168 Ci-

266 1203 501 1238 ceronem
516 1187 627 1238 vult
645 1205 673 1238 e
690 1188 892 1236 civitate
912 1189 1113 1244 eiicere,
1129 1188 1206 1238 Ib.

266 1258 319 1319 3,
346 1257 428 1322 15,
453 1257 505 1310 6.
542 1257 616 1306 Ib.
640 1257 701 1319 3,
728 1255 815 1318 23,
845 1258 985 1307 2.-
1006 1257 1209 1305 Turbae

216 1347 219 1350 ⁴
264 1329 332 1378 ab
356 1341 414 1377 eo
442 1327 719 1376 concitatae
737 1334 855 1391 post
885 1325 1103 1376 reditum
1124 1324 1209 1375 Ci-

265 1399 483 1455 ceronis,
503 1396 577 1450 lb.
608 1397 662 1459 4,
688 1396 736 1460 1,
756 1395 807 1448 6.
831 1423 901 1432 —
920 1395 1028 1456 Quo
1056 1393 1206 1444 modo

266 1468 321 1516 in
340 1473 518 1518 senatu
535 1481 589 1515 se
606 1467 841 1532 gesserit,
857 1479 1012 1529 quum
1030 1477 1207 1528 agere-

262 1543 346 1584 tur
360 1536 424 1585 de
438 1534 695 1584 Ciceronis
716 1535 864 1586 domo
875 1532 1203 1596 restituenda,

262 1606 336 1653 Ib.
358 1605 411 1664 4,
430 1605 482 1663 2,
505 1604 557 1652 4.
578 1629 645 1638 -
676 1601 736 1660 Q.
766 1602 934 1652 fratris
957 1603 1135 1652 domus
1155 1616 1203 1653 a.

264 1673 315 1722 d.
339 1671 422 1721 III.
447 1668 575 1718 Non.
598 1669 871 1722 Novembr.
899 1669 1207 1720 inflammata

265 1741 410 1788 iussu
442 1736 635 1796 Clodii,
671 1738 743 1786 Ib·.
765 1741 801 1788 4
816 1774 831 1798 ‚
866 1738 927 1797 3,
948 1740 998 1788 2.
1019 1737 1205 1788 —De-

266 1813 431 1858 sertus
470 1821 501 1854 a
534 1807 669 1866 suis,
705 1807 796 1855 vix
818 1807 920 1854 iam
942 1804 1203 1855 Decimum

262 1877 669 1943 designatorem,
705 1875 794 1925 vix
826 1873 1044 1923 Gellium
1083 1875 1205 1922 reti-

259 1953 372 2006 net;
395 1960 656 1996 servorum
680 1944 905 1996 consiliis
929 1945 1100 2007 utitur,
1123 1944 1200 1993 Ib.

262 2017 513 2081 Impetum
532 2016 585 2063 in
617 2012 908 2064 Ciceronem
930 2015 1099 2077 ipsum
1127 2011 1204 2061 fe-

264 2085 396 2133 cita.
430 2084 482 2133 d..
518 2084 604 2132 III.
633 2083 752 2133 Idus
783 2081 945 2145 Nota,
976 2082 1053 2131 Ib.
1079 2082 1132 2143 4,
1153 2079 1204 2141 3,

261 2152 314 2205 3.
329 2178 397 2187 —-
410 2150 613 2201 Milonis
629 2166 743 2200 cum
762 2166 822 2201 eo
839 2151 1205 2211 contentiones,

260 2222 334 2276 lb.
356 2220 407 2280 4,
429 2219 461 2271 3
476 2255 489 2279 ,
520 2220 573 2271 5.
598 2246 665 2267 -,-
687 2220 744 2268 In
771 2234 925 2269 causa
947 2218 1205 2269 Sufenatis

260 2296 311 2339 et
331 2289 388 2343 C.
416 2287 620 2339 Catonis
646 2303 769 2338 sane
790 2290 977 2339 diserto
998 2288 1200 2353 epilogo

262 2358 540 2409 criminans
576 2366 773 2408 mentes
808 2357 1059 2417 indicium
1094 2372 1203 2406 mo-

261 2430 360 2492 vit,
382 2428 454 2478 Ib.
478 2430 531 2492 4,
554 2427 636 2492 15,
659 2429 793 2481 4.—
809 2428 865 2478 P.
888 2426 1098 2478 Clodius
1121 2426 1202 2476 fu-

260 2498 512 2548 ribundus
532 2497 683 2547 homo
704 2512 765 2547 ac
783 2497 1011 2561 perditus
1044 2496 1203 2544 tribu-

263 2581 360 2617 nus
377 2566 449 2631 pl.
471 2564 561 2619 Cn.
581 2565 881 2631 Pompeium
902 2567 1104 2624 terruit3
1131 2564 1202 2613 le-

262 2649 387 2700 gum
411 2642 721 2684 sacratarum
756 2635 947 2683 catenis
978 2633 1093 2700 lege
1114 2648 1200 2683 cu-

258 2703 387 2751 riata
417 2702 611 2752 solutus
658 2717 689 2751 a
730 2700 786 2752 C.
824 2703 951 2754 Iulio
985 2702 1199 2753 Caesare

261 2770 471 2820 consule
486 2806 500 2829 ,
519 2785 611 2834 pro
632 2768 796 2821 Sestio
818 2772 869 2834 7,
890 2770 956 2822 15
975 2784 1087 2833 sqq.
1120 2772 1194 2821 Ib.

262 2840 345 2905 17,
378 2836 465 2891 39.
495 2868 565 2878 -
593 2838 757 2905 Leges
791 2840 1106 2903 perniciosae
1132 2840 1196 2890 ab

260 2924 323 2957 eo
359 2906 518 2967 latae,
560 2907 635 2956 Ib.
676 2906 771 2968 25,
810 2907 895 2957 55.
938 2933 1003 2945 -
1048 2909 1094 2956 A
1133 2907 1193 2961 P.

259 2976 437 3027 Clodio
466 2977 551 3025 lex
579 2975 726 3025 Aelia
762 2983 811 3025 ct
843 2976 983 3025 Fufia
1019 2991 1197 3027 eversa

254 3053 363 3110 est,
401 3046 453 3095 in
485 3044 656 3095 Pison.
687 3046 750 3109 4,
789 3043 842 3097 9.
873 3072 945 3082 —
969 3043 1107 3103 Quae
1134 3045 1192 3096 L.

262 3114 530 3165 Catilinam
568 3122 835 3165 conantem
868 3114 1045 3165 Cicero
1076 3128 1195 3165 con-

256 3183 341 3233 sul
364 3183 651 3247 prohibuit,
676 3198 737 3232 ea
768 3185 824 3234 Ρ.
858 3182 1091 3233 Clodium
1118 3182 1195 3233 fa-

260 3253 477 3302 cientem
495 3252 727 3302 consules
744 3252 863 3302 Piso
885 3258 933 3301 et
949 3250 1194 3301 Gabinius

258 3320 563 3371 adiuverunt
580 3358 595 3385 ‚
618 3322 692 3376 lb.
715 3322 764 3381 7,
788 3322 871 3373 15.
898 3348 965 3357 —
986 3322 1194 3371 Intimus

256 3391 437 3438 eratin
456 3391 712 3440 tribunatu
736 3390 911 3441 Clodio
938 3390 1005 3442 M.
1034 3390 1193 3440 Anto-

259 3458 390 3517 nius,
411 3458 630 3525 Philipp.
652 3460 702 3519 2,
725 3458 809 3520 19,
827 3457 1194 3509 48.-Postea

699 203 764 251 P.
797 202 1097 252 CLODIUS
1128 203 1320 250 APPII
1349 204 1414 251 F.
1451 203 1794 254 PULGHER.

1352 360 1408 410 P.
1420 359 1650 409 Clodium
1663 360 1977 425 approbante
1987 359 2179 426 populo
2191 361 2294 410 Ro·

1353 443 1503 478 mano
1516 429 1566 476 in
1581 427 1692 478 foro
1708 438 1784 478 est
1807 437 2016 478 conatus
2041 429 2290 491 occidere,

1351 497 1580 563 Philipp.
1601 499 1634 547 2
1650 535 1663 558 ‚
1687 497 1781 561 20,
1801 497 1888 550 49.
1907 522 1977 534 ·—
1998 497 2055 550 P.
2083 498 2293 548 Clodius

1354 567 1468 634 lege
1496 565 1690 616 nefaria
1711 565 2084 626 Ptolemaeum,
2116 581 2292 633 regem

1354 637 1522 702 Cypri,
1549 635 1754 686 fratrem
1780 635 1918 702 regis
1941 635 2291 696 Alexandrini,

1353 719 1507 756 causa
1523 705 1781 770 incognita
1798 703 2078 769 publicavit
2092 739 2108 768 ,
2139 714 2291 766 atque

1351 777 1462 825 eius
1490 775 1739 838 pecuniae
1769 773 2110 838 deportandae
2133 781 2209 834 et,
2243 775 2292 823 si

1351 844 1466 906 quis
1495 857 1642 892 suum
1671 842 1989 903 defenderet,
2027 841 2164 892 bello
2198 858 2292 907 ge-

1348 913 1506 963 rendo
1538 911 1607 960 Μ.
1642 910 1880 962 Catonem
1914 910 2194 977 praefecit,
2223 912 2291 961 de

1352 982 1502 1032 domo
1536 996 1630 1030 sua
1662 981 1724 1044 8,
1762 982 1849 1032 20.
1885 981 1958 1029 Ib.
1986 979 2081 1041 20,
2111 980 2198 1033 52.
2220 1007 2291 1018 —·

1351 1052 1474 1102 Eius
1495 1050 1692 1116 flagitia
1709 1058 1758 1101 et
1777 1050 1970 1100 scelera
1992 1065 2292 1100 enumeran-

1350 1128 1456 1180 tur,
1478 1120 1543 1169 de
1563 1119 1773 1184 harusp.
1796 1133 1932 1184 resp.
1955 1119 2054 1179 20,
2082 1119 2151 1170 42
2170 1133 2283 1182 sqq.

1351 1216 1417 1225 —
1441 1187 1616 1253 Capite
1641 1188 1837 1249 velato,
1865 1189 2100 1238 contione
2128 1189 2290 1238 advo-

1350 1265 1487 1322 cata,
1509 1256 1676 1309 foculo
1699 1258 1897 1322 posito,
1929 1259 2062 1308 bona
2085 1257 2166 1306 sui
2188 1255 2288 1308 Ga-

1349 1327 1506 1391 binii,
1536 1326 1619 1375 cui
1639 1341 1802 1392 regna
1828 1328 2000 1376 omnia
2025 1323 2284 1392 Syrorum,

1348 1397 1575 1446 Arabum
1625 1396 1994 1459 Persarumque
2056 1396 2285 1458 donarat,

1349 1466 1678 1525 consecravit,
1697 1465 1762 1514 de
1781 1465 1932 1516 domo
1951 1477 2046 1514 sua
2059 1465 2146 1528 47,
2165 1464 2284 1514 124.

1348 1562 1414 1571 -
1456 1535 1512 1586 Ρ.
1561 1532 1770 1585 Clodius
1813 1533 2071 1584 Licentiae
2113 1534 2289 1597 potius

1347 1618 1498 1666 quam
1519 1604 1790 1654 Libertatis
1809 1603 2051 1668 templum
2076 1601 2290 1652 exaedi-

1347 1672 1518 1722 ficavit
1555 1674 1608 1722 in
1641 1687 1762 1722 area
1787 1672 1970 1722 domus
2004 1671 2287 1736 Tullianae,

1349 1742 1412 1791 de
1432 1741 1530 1805 leg.
1558 1741 1618 1803 2,
1661 1740 1755 1802 17,
1785 1741 1871 1789 42.
1901 1765 1970 1776 -
1993 1741 2289 1790 Exercitum

1348 1808 1404 1859 C.
1439 1807 1670 1858 Caesaris
1706 1808 1758 1855 in
1791 1809 1980 1856 curiam
2009 1823 2066 1856 se
2088 1809 2291 1858 immis-

1346 1891 1521 1927 surum
1541 1876 1893 1939 minitabatur,
1924 1874 2013 1926 Cn.
2038 1875 2288 1942 Pompeio

1345 1946 1593 2008 adiutore,
1617 1945 1685 1994 Μ.
1708 1942 1888 1994 Crasso
1907 1951 2129 2008 auctore,
2151 1961 2287 2008 quae

1343 2013 1560 2065 faciebat
1591 2014 1758 2063 facere
1788 2012 2065 2076 clamabat,
2098 2014 2164 2063 de
2191 2014 2288 2064 ha-

1344 2098 1484 2147 rusp.
1507 2096 1646 2147 resp.
1663 2082 1736 2133 22
1751 2117 1766 2145 ,
1791 2083 1879 2135 47.
1903 2108 1968 2119 -
1989 2083 2154 2132 Etiam
2172 2085 2286 2148 pri-

1342 2160 1492 2201 vatus
1511 2153 1687 2202 eadem
1712 2166 1865 2201 manu
1891 2166 2046 2216 posse
2073 2153 2285 2202 videba-

1344 2229 1427 2270 tur
1444 2222 1702 2271 contiones
1724 2223 1978 2271 concitare
1992 2256 2008 2283 ,
2043 2222 2110 2271 ad
2131 2220 2188 2281 Q.
2211 2220 2278 2270 fr.

1345 2291 1394 2352 1,
1415 2291 1466 2354 4,
1487 2288 1540 2341 3.
1555 2288 1882 2341 -Clodiana
1901 2289 2154 2354 incendia,
2175 2296 2284 2339 tru-

1343 2359 1650 2423 cidationes,
1670 2358 2039 2424 lapidationes,
2055 2360 2129 2410 Ib.
2151 2359 2203 2421 2,
2230 2358 2279 2423 1,

1341 2429 1376 2478 2
1395 2435 1445 2477 et
1461 2428 1511 2479 3.
1531 2454 1602 2466 —
1618 2428 1676 2478 P.
1703 2428 1941 2491 clodius,
1959 2430 2119 2492 pestis
2139 2426 2282 2476 illius

1343 2498 1462 2546 anni
1483 2496 1555 2563 (a.
1575 2512 1627 2550 u.
1653 2513 1698 2549 c.
1722 2498 1890 2561 696.),
1912 2496 2043 2546 furia
2062 2497 2278 2561 patriae,

1339 2572 1616 2630 tempestas
1648 2568 1724 2616 rei
1757 2566 2016 2631 publicae,
2049 2564 2280 2631 appella-

1342 2643 1424 2685 tus
1443 2650 1474 2685 a
1489 2634 1549 2688 P.
1572 2636 1777 2685 Vatinio
1791 2671 1806 2697 ,
1833 2650 1896 2683 ne
1914 2649 2117 2685 causam
2143 2634 2279 2684 dice-

1341 2712 1450 2763 ret,
1470 2704 1523 2752 in
1542 2704 1713 2753 Vatin.
1738 2704 1830 2768 12,
1852 2702 1937 2755 33.
1973 2702 2046 2753 lb.
2075 2703 2166 2768 15,
2189 2701 2275 2753 36.

1342 2799 1408 2808 —-
1438 2772 1493 2820 Ρ.
1533 2770 1770 2836 Clodius,
1807 2772 2046 2822 inimicus
2076 2772 2280 2823 Cicero·

1340 2842 1449 2904 nis,
1471 2840 1712 2891 ——immo
1750 2855 1872 2892 vero
1900 2840 2102 2906 legum,
2143 2839 2277 2889 iudi-

1339 2910 1530 2959 ciorum
1545 2943 1562 2972 ,
1607 2910 1729 2970 otii,
1765 2912 1988 2973 patriae,
2026 2909 2278 2959 bonorum

1337 2980 1563 3029 omnium
1579 3015 1594 3041 ‚
1617 2980 1685 3029 ad
1703 2978 1824 3029 fam.
1847 2979 1895 3042 1,
1916 2977 1967 3040 9,
1993 2977 2075 3028 10.
2096 3004 2164 3013 —-
2186 2976 2278 3029 llla

1337 3046 1471 3097 furia
1493 3046 1813 3099 muliebrium
1835 3046 2159 3111 religionum,
2185 3048 2277 3108 qui

1336 3130 1438 3165 non
1468 3116 1632 3181 pluris
1662 3116 1850 3166 fecerat
1882 3114 2074 3164 Bonam
2104 3115 2274 3174 deam,

1334 3200 1486 3247 quam
1521 3191 1622 3235 tres
1655 3199 1883 3248 sorores,
1917 3184 2274 3248 impunitatem
2322 3190 2327 3194 “

1334 3261 1684 3318 corruptorum
1737 3254 1963 3303 iudicum
2012 3253 2273 3303 sententiis

1337 3322 1626 3387 adsecutus,
1651 3323 1724 3374 Ib.
1750 3322 1798 3385 1,
1820 3321 1870 3381 9,
1892 3320 1975 3373 15.
2004 3322 2136 3371 -Ρ.
2159 3320 2272 3370 Clo·

1333 3392 1451 3441 dius
1479 3391 1663 3442 aedilis
1685 3390 1873 3440 curulis
1901 3404 1949 3439 a.
1983 3405 2034 3439 u.
2057 3406 2101 3444 c.
2123 3388 2268 3454 698„

1333 3459 1470 3509 diem
1481 3459 1628 3535 ‘dixit
1647 3466 1696 3509 et
1722 3460 1981 3507 accusavit
2013 3458 2077 3507 de
2098 3460 2148 3508 vi
2173 3458 2268 3507 Mi-
