2500 3850
806 212 865 260 c,
899 192 1336 262 snupnomus
1364 214 1751 263 GRACCHUS.
2196 205 2317 267 355

307 380 389 421 tus
419 372 474 421 P.
497 365 680 434 'Scipio
712 377 1024 433 sumpserat,
1061 383 1121 417 ea
1155 369 1238 417 Ti.

309 438 532 489 Graccho
562 439 861 501 interempto
905 439 1013 486 iure
1052 438 1242 501 optimo

305 517 509 572 sumpta
536 521 649 557 esse
673 506 926 567 defendit,
955 520 1050 571 pro
1068 505 1238 555 Plane.

305 576 400 639 36,
449 576 536 627 88.
573 603 646 613 —-
681 573 807 623 Rem
843 574 985 638 publ.
1019 572 1240 623 'admini-

303 653 544 697 strantem
595 644 808 717 indigna
841 643 1099 707 prohibuit
1140 658 1240 693 nex

305 716 496 765 diutius
513 714 570 765 in
595 714 1000 771 eacommorari,
1029 712 1096 761 ad
1121 712 1236 762 Her.

301 786 356 844 4,
377 784 462 843 22,
482 781 568 832 31.
597 810 654 819 -
676 780 813 831 Mors
842 781 922 830 Ti.
945 780 1156 830 Gracchi
1193 787 1240 830 et

302 854 403 901 iam
437 858 552 900 ante
578 858 684 901 tota
702 850 840 899 illius
869 851 996 898 ratio
1016 851 1239 899 tribuna-

299 931 384 970 tus
403 920 580 969 divisit
597 919 841 983 populum
861 932 1014 985 unum
1036 920 1090 967 in
1111 919 1238 967 duas

301 996 497 1055 partes,
531 988 593 1037 de
612 1003 652 1035 r.
674 1002 728 1051 p.
754 988 810 1050 1,
843 986 934 1051 19,
969 986 1052 1039 31.
1077 1012 1142 1025 —-
1163 987 1237 1037 De

303 1057 650 1108 sacerdotibus
695 1055 874 1121 populi
927 1054 1074 1105 Rom.
1122 1066 1236 1121 post

303 1130 511 1177 caedem
539 1125 617 1173 Ti.
653 1122 868 1175 Gracchi
903 1124 970 1174 ad
1008 1122 1235 1175 Cererem

302 1195 598 1261 placandam
678 1192 904 1243 Hennam
973 1193 1234 1258 profectis,

301 1266 447 1314 Verr.
470 1269 689 1312 accusat.
716 1264 770 1322 4,
793 1262 879 1325 49,
904 1260 1020 1313 108.
1045 1290 1111 1299 ——-
1133 1263 1238 1311 Me-

303 1340 526 1384 moratur
555 1334 706 1380 etiam
740 1331 802 1380 de
825 1346 866 1379 r.
889 1345 943 1396 p.
965 1333 1015 1395 2,
1035 1332 1122 1390 27,
1145 1331 1232 1382 49.

303 1430 367 1437 -
397 1400 592 1451 Gornel.
618 1415 721 1450 sec.
743 1398 926 1464 fragm.
952 1401 1003 1449 4.
1028 1414 1079 1463 p.
1112 1399 1232 1448 214.

301 1468 514 1534 Philipp.
546 1467 610 1527 8,
647 1470 708 1527 4,
742 1467 825 1519 13.
863 1470 925 1518 V.
947 1466 1011 1516 P.
1043 1464 1233 1532 Scipio

300 1536 522 1589 Nasica.

234 1606 296 1659 0.
325 1602 686 1671 Sempronius
721 1604 1032 1655 Gracchus.
1070 1603 1232 1654 Tanto

301 1684 406 1725 erat
425 1676 658 1739 ingeniO,
688 1680 828 1723 tanta
852 1674 926 1738 vi,
958 1681 1099 1722 tanta
1116 1688 1235 1737 gra-

298 1746 454 1795 vitate
490 1742 720 1801 dicendi,
758 1750 813 1791 ut
852 1742 1078 1792 dolerent
1112 1743 1234 1791 boni

303 1827 474 1863 omnes
511 1826 611 1861 non
649 1810 738 1859 illa
765 1818 905 1860 tanta
941 1807 1234 1860 ornamenta

301 1882 367 1932 ad
384 1882 644 1932 meliorem
664 1887 880 1932 mentem
902 1879 1234 1931 voluntatem-

301 1967 397 2016 que
437 1966 550 2001 esse
587 1965 863 2011 conversa,
903 1950 974 1999 de
1013 1949 1228 2016 harusp.

299 2035 432 2084 resp.
467 2018 558 2082 19,
593 2020 678 2070 41.
709 2045 778 2055 —-
807 2018 1052 2068 Damnum
1090 2019 1232 2068 illius

297 2091 566 2138 immaturo
606 2088 810 2138 interitu
845 2103 927 2138 res
975 2089 1231 2138 Romanae

301 2159 612 2219 Latinaeque
622 2158 815 2206 litterae
832 2156 1076 2218 fecerunt,
1091 2157 1227 2207 Brut.

301 2225 385 2288 33,
407 2226 508 2277 125
527 2241 636 2287 sqq.
653 2224 785 2274 -Ο,
803 2225 1056 2276 Gracchus
1077 2242 1230 2290 quae-

300 2303 492 2344 sturam
522 2297 670 2359 petiit
699 2309 745 2342 a.
777 2311 827 2344 u.
869 2311 913 2344 c.
947 2294 1067 2346 627.
1105 2295 1230 2344 Eius

301 2365 547 2414 somnium
568 2369 823 2414 narratum
845 2377 874 2411 a
895 2361 1062 2412 Caelio
1083 2364 1231 2412 Anti-

298 2442 470 2498 patro,
510 2433 573 2482 de
609 2433 768 2481 divin.
812 2432 868 2488 1,
907 2431 1134 2492 26,-56.
1163 2457 1231 2467 -—

301 2501 544 2560 Quaestor
589 2501 686 2551 fuit
733 2500 799 2547 M.
840 2499 1036 2564 Lepido
1087 2506 1135 2548 et
1171 2501 1227 2548 L.

301 2569 472 2620 Oreste
491 2569 783 2619 consulibus
799 2604 812 2627 ,
839 2567 977 2616 Brut.
1003 2566 1089 2626 28,
1113 2567 1228 2618 109.

299 2664 366 2676 ——
383 2639 506 2688 Eius
524 2638 824 2696 tribunatus,
847 2637 910 2686 de
930 2650 1028 2684 am.
1046 2636 1128 2695 12,
1141 2637 1227 2687 41.

295 2732 365 2744 --
399 2708 530 2756 Eum
575 2720 712 2755 mors
755 2704 1010 2763 fraterna,
1047 2707 1230 2769 pietaS,

299 2775 467 2836 dolor,
503 2773 796 2838 magnitudo
816 2773 972 2822 animi
993 2774 1059 2822 ad
1079 2789 1231 2839 expe-

297 2846 476 2894 tendas
511 2843 776 2892 domestici
809 2843 1072 2906 sanguinis
1109 2858 1231 2907 poe-

296 2927 390 2962 nas
429 2913 695 2970 excitavit,
743 2911 806 2959 de
840 2909 1048 2976 harusp.
1092 2927 1229 2978 resp.

299 2981 382 3046 20,
403 2979 490 3031 43.
511 3005 582 3017 -—
600 2981 785 3046 Legem
805 2978 948 3040 tulit,
980 2995 1044 3030 ne
1063 2981 1126 3032 de
1147 2996 1230 3031 ea-

295 3053 403 3116 pite
431 3051 618 3100 civium
655 3049 994 3099 Romanorum
1030 3051 1230 3100 iniussu

298 3120 566 3180 Quiritium
581 3119 905 3184 iudicaretur,
926 3134 1016 3184 pro
1031 3119 1083 3168 C.
1099 3121 1224 3169 Rab.

296 3189 440 3254 perd.
468 3192 528 3252 4,
564 3190 646 3239 12.
677 3215 744 3225 -
773 3187 896 3240 Cum
929 3188 1081 3238 fratre
1110 3204 1228 3240 con-

299 3258 596 3309 cordissime
636 3257 789 3317 vixit,
826 3259 901 3320 lb,
941 3257 1000 3312 5,
1041 3257 1124 3324 14.
1159 3285 1230 3294 ——-

296 3327 486 3392 Legem
506 3341 570 3376 aa
592 3341 702 3384 oms
733 3328 924 3376 motolo
948 3339 1228 3376 cmctmvs-

296 3411 514 3448 mnsrnr.
530 3395 664 3458 tulit,
687 3411 780 3459 pro
802 3395 993 3445 Cluent.
1007 3395 1091 3452 55,
1108 3394 1226 3446 151.

297 3491 362 3502 -
383 3465 784 3515 Frumentariam
801 3464 968 3530 legem
1000 3462 1053 3512 C.
1078 3462 1224 3513 Grac-

1384 368 1507 420 chus
1560 369 1771 419 ferebat.
1828 400 1897 411 —
1952 372 2322 439 Repugnabant

1381 439 1520 507 boni,
1541 439 1677 501 quod
1697 446 1745 488 et
1764 439 1826 488 ab
1848 441 2098 491 industria
2117 442 2319 507 plebem

1384 508 1450 555 ad
1482 508 1733 557 desidiam
1760 510 1963 558 avocari
1990 510 2235 573 putabant
2271 521 2320 560 et

1384 578 1631 625 aerarium
1651 576 1907 626 exhauriri
1922 578 2204 643 videbatur,
2226 594 2317 643 pro

1383 644 1515 693 Sest.
1536 644 1632 707 48,
1657 644 1772 695 103.
1807 645 1882 695 Ib.
1902 645 2001 706 67,
2033 647 2149 699 140.
2171 674 2239 684 -
2258 647 2315 698 C.

1385 714 1599 763 Gracchi
1632 714 1961 764 frumentaria
1998 730 2183 779 magua
2219 717 2319 765 lar-

1382 784 1507 847 gitio
1550 799 1596 835 a.
1635 799 1687 833 u.
1740 800 1786 833 c.
1824 783 1943 835 631.
1989 783 2321 835 exhauriebat

1381 854 1659 916 aerarium,
1682 853 1747 902 de
1767 852 1855 901 off.
1876 854 1927 912 2,
1954 854 2039 916 21,
2062 854 2149 903 72.
2172 881 2238 889 —
2259 852 2315 901 G.

1380 920 1662 985 Gracchus,
1697 936 1853 983 quum
1882 920 2178 985 largitiones
2209 936 2317 971 ma-

1375 992 1544 1039 ximas
1574 989 1778 1039 fecisset
1807 998 1856 1039 et
1879 990 2143 1041 effudisset
2174 1006 2319 1043 aera—

1375 1059 1542 1122 rium,
1596 1058 1763 1109 verbis
1808 1066 1977 1109 tamen
2012 1059 2317 1110 defendebat

1376 1128 1647 1177 aerarium.
1682 1127 1807 1177 Eius
1826 1128 2084 1178 altercatio
2107 1144 2221 1178 cum
2254 1128 2311 1177 L.

1374 1197 1557 1248 Pisone
1588 1196 1769 1261 Frugi,
1789 1196 1993 1246 Tuscul.
2016 1198 2048 1249 3
2066 1235 2079 1257 ,
2106 1197 2174 1248 20
2188 1235 2201 1258 ,
2223 1196 2311 1248 48.

1374 1292 1444 1301 -
1464 1262 1518 1313 G.
1556 1265 1839 1325 Gracchus,
1873 1268 2163 1329 provincias
2196 1281 2314 1315 con—

1376 1333 1571 1383 sulares
1592 1347 1693 1383 non
1713 1334 1863 1383 modo
1884 1349 1986 1383 non
2016 1334 2225 1385 abstulit
2249 1336 2313 1383 ab

1376 1408 1555 1451 senatu
1573 1437 1587 1463 ,
1609 1401 1702 1449 sed
1723 1402 1873 1450 etlam
1888 1438 1901 1461 ,
1924 1410 1979 1451 ut
2004 1416 2212 1451 necesse
2233 1416 2312 1451 es-

1378 1478 1456 1519 set
1485 1471 1753 1532 quotannis
1783 1471 2021 1519 constitui
2043 1484 2136 1533 per
2167 1484 2315 1519 sena—

1374 1547 1483 1587 tum
1532 1538 1789 1603 decretas,
1846 1538 1959 1603 lege
1995 1540 2190 1600 sanxit,
2249 1539 2313 1587 de

1378 1608 1528 1657 domo
1555 1622 1648 1656 sua
1672 1606 1736 1670 9,
1766 1609 1853 1657 24.
1874 1634 1944 1643 —
1973 1606 2027 1657 C.
2054 1606 2313 1657 Gracchus

1375 1678 1605 1741 agrarios
1624 1677 1878 1725 concitare
1897 1683 2106 1725 conatus
2131 1684 2233 1735 est,
2260 1677 2312 1723 in

1376 1744 1519 1795 Catil.
1561 1746 1622 1805 4,
1666 1746 1724 1805 2,
1759 1747 1809 1795 4.
1850 1771 1920 1783 -
1954 1745 2010 1795 G.
2052 1743 2311 1795 Gracchus

1376 1829 1579 1863 omnem
1598 1814 1670 1862 rei
1690 1813 1831 1877 publ.
1854 1820 2039 1864 statum
2057 1820 2316 1877 permuta-

1373 1885 1474 1945 vit,
1499 1885 1561 1935 de
1578 1882 1680 1946 leg.
1704 1880 1754 1945 3,
1775 1881 1827 1944 9,
1856 1883 1944 1935 20.
1969 1909 2034 1917 -
2056 1881 2313 1933 Gracchus

1375 1954 1437 2002 de
1456 1953 1509 2002 P.
1534 1951 1749 2016 Popillio
1771 1952 1909 2014 tulit,
1943 1959 1998 2000 ut
2031 1953 2079 2000 ei
2106 1966 2235 2014 aqua
2263 1961 2312 2000 et

1374 2023 1483 2086 igni
1506 2020 1915 2082 interdiceretur,
1953 2021 2016 2070 de
2047 2021 2197 2069 domo
2218 2034 2312 2068 sua

1372 2089 1469 2150 31,
1522 2089 1608 2140 82.
1647 2114 1715 2128 —
1748 2089 1803 2138 P.
1842 2087 2114 2154 Popillium
2152 2090 2203 2138 vi
2252 2085 2308 2136 C.

1372 2158 1582 2210 Gracchi
1612 2157 1881 2222 expulsum
1900 2159 2117 2208 restituit
2135 2157 2192 2207 L.
2220 2157 2313 2206 Be-

1370 2230 1469 2278 stia
1498 2244 1546 2278 a.
1568 2245 1624 2280 u.
1643 2243 1688 2277 c.
1708 2226 1828 2278 633.
1848 2265 1862 2287 ,
1886 2227 2027 2277 Brut.
2066 2225 2161 2286 34,
2191 2225 2309 2276 128.

1370 2323 1435 2333 -—
1478 2297 1536 2346 Ei
1578 2295 1760 2347 restitit
1798 2297 1865 2344 M.
1911 2295 2161 2360 ScauruS,
2215 2309 2309 2359 pro

1372 2365 1503 2415 Sest.
1535 2368 1601 2416 47
1620 2402 1634 2426 ,
1675 2363 1791 2414 101.
1824 2391 1891 2400 ·-
1911 2367 2051 2431 Quae
2076 2363 2132 2412 G.
2158 2363 2311 2413 Grac·
2356 2379 2361 2384 ·

1371 2433 1498 2482 chus
1534 2435 1608 2482 rei
1635 2432 1863 2495 publicae
1901 2433 2109 2481 vulnera
2148 2433 2311 2494 impo-

1348 2504 1549 2560 nebat,
1588 2502 1765 2549 eadem
1800 2499 1870 2551 M.
1908 2500 2085 2549 Livius
2115 2499 2310 2548 Drusus

1370 2571 1606 2627 sanabat,
1630 2569 1692 2618 de
1711 2567 1793 2616 fin.
1820 2570 1872 2629 4,
1899 2571 1983 2630 24,
2003 2567 2089 2618 66.
2111 2594 2179 2604 -
2198 2568 2312 2616 Tri-
2371 2597 2376 2604 -

1370 2640 1535 2687 bunus
1582 2638 1762 2686 iterum
1815 2637 2005 2686 fractus
2046 2644 2124 2688 est
2162 2652 2191 2685 a
2236 2635 2305 2690 M.

1371 2708 1566 2770 Druse,
1590 2705 1729 2756 Brut.
1754 2705 1839 2770 28,
1866 2705 1982 2757 109.
2005 2735 2077 2744 —-
2094 2705 2209 2772 Ipse
2233 2706 2305 2754 la-

1369 2785 1450 2826 tor
1470 2776 1601 2840 legis
1622 2774 1948 2840 Semproniae
1968 2777 2108 2826 iussu
2128 2774 2310 2841 populi
2361 2797 2367 2803 ·

1369 2860 1561 2910 poenas
1592 2846 1664 2894 rei
1692 2845 1925 2909 publicae
1947 2846 2219 2911 dependit,
2254 2845 2307 2892 In
2344 2873 2349 2879 ·

1370 2913 1519 2965 Catil.
1548 2916 1612 2976 4,
1640 2914 1691 2975 5,
1720 2914 1802 2966 10.
1828 2943 1894 2950 —
1916 2915 1978 2962 Ei
1999 2915 2185 2964 occisio
2215 2913 2310 2962 ob-

1369 2983 1473 3032 lata
1518 2991 1625 3046 est,
1681 2998 1809 3045 quae
1845 2985 2010 3032 virum
2047 2982 2122 3030 rei
2161 2980 2305 3044 publ.

1370 3053 1771 3102 amantissimum
1804 3053 1972 3100 subito
2008 3051 2070 3099 de
2099 3050 2215 3097 sinu
2236 3049 2308 3096 ε’-

1368 3123 1540 3170 vitatis
1561 3121 1770 3183 eripuit,
1794 3119 1860 3168 ad
1880 3120 1997 3168 Her.
2020 3120 2080 3178 4,
2110 3117 2196 3176 22,
2218 3115 2304 3167 31.

1367 3216 1436 3226 —-
1466 3188 1730 3236 Tumultus
1760 3187 2065 3236 domesticos
2104 3200 2309 3250 compa.

1368 3258 1528 3315 ravit,
1556 3257 1630 3306 Ib.
1664 3257 1725 3314 4,
1756 3253 1853 3319 28,
1884 3255 1967 3307 38.
1988 3282 2057 3291 -
2078 3255 2307 3303 Decrevit

1370 3323 1623 3390 quondam
1648 3331 1879 3384 senatus,
1912 3332 1968 3374 ut
1986 3324 2045 3376 L.
2073 3323 2305 3386 Opimius

1370 3392 1546 3444 consul
1578 3391 1803 3454 videret,
1842 3409 1903 3442 ne
1944 3393 2065 3456 quid
2100 3406 2180 3440 res
2211 3407 2305 3456 pu-

1366 3462 1505 3513 blica
1559 3461 2122 3582 detrimengiaffiaperet.
2194 3459 2307 3510 Nox
