2500 3850
411 195 804 244 CALPURNIA
829 215 916 228 ——-
948 194 1014 244 L.
1049 193 1248 245 CALP.
1278 195 1434 244 nso
1466 195 1735 245 BESTIA.
2042 185 2119 246 61

93 355 190 404 tori
229 353 300 404 ad
336 351 523 402 fretum
561 350 864 401 Gaditanum
902 350 1044 400 adia—

95 438 244 487 cene,
271 421 340 471 ad
363 421 488 471 fam.
511 420 594 482 10,
616 418 709 480 32,
735 420 782 469 1.
905 431 914 440 ”

25 458 339 557 Calpurnia
385 504 514 556 gens
563 488 780 554 plebeia.
841 485 1042 553 Cogno-

97 567 233 609 mina
263 559 475 608 fuerunt
505 559 792 623 Asprenas,
811 556 1041 618 BibuluS,

96 631 356 690 Flamma,
388 627 507 678 Piso
540 627 686 693 (Piso
707 626 891 691 Frugi,
923 626 1042 675 Piso

97 697 315 761 Bestia).

28 762 342 832 Calpurnia
380 765 468 814 lex
504 764 568 814 de
604 763 796 813 ambitu
825 761 1043 811 severis-

97 837 225 884 sime
245 835 459 898 scripta,
479 848 571 898 pro
592 832 721 881 Mur.
743 829 831 896 23,
843 829 929 882 46.
966 831 1040 883 lb.

99 905 184 964 32,
207 904 295 952 57.
339 902 538 956 Cornel.
564 903 714 966 prim.
741 899 926 965 fragm.
961 898 1041 949 11,

31 940 480 1105 Mffigilgurnius
511 1035 752 1087 Bibulus
779 1051 882 1086 cos.
918 1051 963 1087 a.
987 1053 1040 1090 u.

99 1126 145 1161 c.
167 1109 288 1161 695.
315 1122 434 1158 cum
466 1105 674 1159 C.1ulio
697 1105 944 1166 Caesare,
981 1107 1047 1155 ad

99 1179 300 1242 Ami,
337 1173 1042 1240 17‚.111b.‚220,.61b.

101 1211 1042 1309 2‚21',4.1b...s51b2‚,242.

104 1311 1044 1378 —01.ib.‚214,1.-—1b.,‚.2152

102 1349 1044 1449 Ib.2,‚162'.1b.,2‚192.5’..,1b2

103 1455 204 1514 24,
234 1422 287 1504 4.
320 1453 383 1502 de
414 1451 566 1501 domo
601 1465 694 1500 sua
725 1450 818 1511 15,
839 1450 926 1502 39.
963 1450 1042 1500 lb.

104 1526 154 1586 §-
191 1521 279 1572 40.
319 1522 383 1571 de
413 1519 625 1582 harusp.
657 1534 798 1583 resp.
833 1519 930 1582 23,
951 1519 1043 1569 48.

103 1556 940 1649 ——inVatin.9,21.1b.10,24'.
981 1587 1048 1635 ad

110 1623 1046 1722 fam.1‚9‚7.1b.2,17,’2sq.--

107 1731 176 1780 Ib.
206 1731 258 1790 S.
289 1729 343 1781 6.
385 1726 510 1776 Eius
538 1728 788 1776 sententia
815 1726 882 1776 de
907 1723 1048 1774 Cice-

109 1799 248 1848 ronis
271 1798 422 1848 domo
437 1831 452 1859 ,
475 1795 540 1844 de
561 1795 712 1846 domo
739 1809 832 1844 sua
849 1793 933 1858 26,
958 1793 1044 1844 69.

107 1895 177 1905 -
201 1867 328 1918 Eius
354 1865 606 1914 sententia
631 1866 686 1913 in
704 1878 860 1914 causa
877 1863 1048 1912 Ptole-

107 1938 272 1999 maei,
301 1935 370 1985 ad
397 1934 522 1987 fam.
547 1935 606 1993 1,
640 1933 700 1997 1,
729 1932 781 1983 3.
817 1934 892 1984 Ib.
919 1934 970 1995 2,
992 1934 1044 1984 1.

109 2008 182 2059 Ib.
217 2007 278 2066 4,
314 2004 366 2054 1.
393 2002 688 2053 —Frustra
719 2002 948 2053 defendit
983 2000 1048 2051 li-

107 2078 356 2125 bertatem
383 2072 752 2135 Tenediorum,
789 2072 857 2121 ad
885 2070 946 2130 Q.
977 2071 1043 2121 fr.

107 2146 140 2194 2
155 2180 172 2208 ,
192 2144 226 2195 9
246 2139 398 2207 (11),
419 2142 470 2193 2.
490 2167 558 2177 -—
576 2140 768 2191 Eodem
800 2147 1045 2207 tempore,

107 2226 208 2275 quo
229 2211 404 2261 Cicero
437 2208 699 2274 Ciliciam,
729 2208 930 2275 Syriam
959 2210 1048 2272 ob-

105 2281 330 2341 tinebat,
365 2278 434 2327 ad
460 2278 582 2327 fam.
603 2280 662 2335 2,
696 2278 790 2342 10,
824 2278 876 2329 3,
896 2307 962 2316 -
982 2278 1050 2329 ad

107 2352 217 2403 Att.
241 2350 292 2413 5,
312 2351 366 2411 4,
381 2348 434 2397 2,
455 2348 526 2399 Ib.
547 2348 598 2407 5,
619 2348 701 2411 16,
721 2349 773 2397 4.
793 2348 868 2402 Ib.
892 2350 942 2409 5,
966 2346 1048 2409 18,

112 2420 162 2472 l.
195 2444 265 2453 —
293 2416 364 2465 M.
402 2416 612 2466 Bibulus
651 2417 703 2465 in
729 2417 927 2467 Amano
963 2432 1052 2467 ne-

107 2488 216 2537 scio
246 2485 370 2549 quid
400 2484 826 2537 cohorticularum
861 2487 1052 2553 amisit,

111 2554 252 2605 Cael.
292 2555 359 2603 ad
395 2552 518 2603 fam.
550 2554 615 2620 8,
654 2553 718 2618 6,
747 2557 796 2606 4.
841 2555 909 2605 ad
943 2557 1048 2605 Att.

109 2625 162 2683 5,
181 2624 268 2685 20,
289 2626 340 2673 4,
362 2648 433 2663 —-·
451 2624 509 2672 In
533 2625 798 2688 provincia
828 2624 976 2675 valde
997 2636 1054 2672 se

109 2692 324 2743 honeste
343 2692 489 2756 gerit,
512 2694 589 2743 lb.
606 2692 658 2755 6,
682 2693 730 2753 l,
750 2692 834 2746 13.
850 2694 1052 2743 —Eius

111 2762 338 2811 edictum
370 2760 524 2810 nimis
563 2761 709 2827 gravi
737 2762 1052 2827 praeiudicio

110 2831 162 2879 in
181 2831 415 2881 ordinem
435 2838 720 2893 equestrem
742 2831 950 2896 factum,
973 2831 1050 2883 [b.

107 2900 162 2962 5.
183 2899 270 2952 15,
283 2926 352 2935 -
363 2898 578 2949 Bibulus
592 2913 766 2949 curam
784 2900 910 2950 belli
931 2900 1051 2950 Par-

106 2968 233 3019 thici
255 2982 412 3031 quum
425 2968 713 3030 sustineret,
734 2970 797 3020 de
816 2970 1052 3021 omnibus

106 3040 262 3089 rebus
281 3036 538 3088 scribebat
559 3038 625 3088 ad
648 3038 716 3089 M.
743 3038 1051 3100 Ciceronem,

107 3108 184 3160 Ib.
205 3106 262 3172 6,
286 3107 340 3166 5,
360 3104 505 3157 3.1b.
527 3106 590 3170 5,
621 3106 674 3169 8,
701 3108 756 3159 5,
778 3136 845 3147 -
874 3110 947 3159 M.
969 3107 1052 3159 Ci-

105 3176 310 3227 ceronis
329 3176 380 3225 in
399 3174 636 3227 Bibulum
661 3177 857 3229 invidia
869 3214 884 3239 ,
915 3178 1054 3241 quod

111 3245 152 3293 is
171 3244 604 3311 supplicationem
623 3247 722 3297 sibi
743 3248 945 3299 decerni
961 3262 1053 3298 vo-

109 3313 218 3377 luit,
237 3314 316 3367 Ib.
341 3316 392 3375 7,
415 3316 467 3375 2,
487 3312 538 3366 6,
561 3316 633 3367 Ib.
656 3317 707 3379 §-
728 3316 781 3369 8.
804 3315 1054 3367 —Parthi

107 3390 316 3448 repente
351 3382 590 3434 Bibulum
629 3384 935 3436 semivivum
969 3401 1052 3435 re-

107 3448 384 3517 liquerunt,
399 3454 468 3504 ad
483 3453 640 3518 Atta,
651 3455 704 3518 2,
714 3454 1052 3507 9.-Bibulus

1186 351 1250 400 de
1296 351 1559 415 provincia
1603 351 1851 402 decedens
1885 353 2128 402 Veiento·

1184 435 1301 469 nem
1322 419 1691 485 praefecit,1b.
1714 422 1764 483 7,
1784 421 1836 484 3,
1857 423 1907 474 6.
1929 445 1999 456 —-
2016 421 2126 472 Ad-

1185 489 1493 538 min-istratio
1513 489 1632 538 belli
1651 489 1873 540 Parthici
1896 489 2126 541 Ciceroni

1152 593 1168 600 -
1187 573 1303 607 cum
1322 555 1508 606 Bibulo
1525 572 1688 622 paene
1708 558 1805 608 fuit
1822 561 2123 620 communis,

1185 627 1252 676 ad
1271 626 1397 679 farn.
1415 625 1497 686 15,
1521 625 1569 687 1,
1594 626 1639 676 1.
1674 626 1737 682 cl.
1762 627 1834 678 ib.
1860 627 1943 687 15,
1965 627 2049 689 14,
2071 629 2122 682 7,

1183 695 1251 744 Μ.
1283 695 1495 745 Bibulus
1528 709 1585 744 se
1618 696 1811 760 oppido
1848 697 2128 746 munitissi-

1184 779 1269 813 mo
1290 773 1339 821 et
1351 763 1711 828 copiosissimo
1726 772 1831 815 tam
1846 765 1935 814 diu
1950 767 2127 826 tenuit,

1186 847 1339 896 quam
1362 833 1448 882 diu
1468 833 1521 882 in
1540 835 1808 897 provincia
1826 833 1999 884 Parthi
2018 834 2128 884 fue·

1184 910 1319 962 runt,
1342 901 1408 950 ad
1428 900 1549 953 fam.
1576 902 1659 967 12,
1691 903 1773 962 19,
1796 903 1847 953 2,
1869 929 1938 940 -·
1956 902 2021 956 Μ.
2045 903 2129 952 Bi—

1186 969 1341 1022 bulus
1380 971 1585 1021 adiutus
1627 985 1661 1020 a
1701 987 1823 1037 rege
1868 971 2125 1035 Deiotaro,

1185 1038 1408 1105 Philipp.
1446 1038 1536 1100 ll,
1578 1038 1677 1099 13,
1714 1039 1799 1090 34.
1819 1065 1887 1078 —-
1913 1041 2037 1092 Eius
2076 1042 2127 1090 iu

1187 1123 1296 1158 rem
1332 1107 1591 1174 publicam
1640 1111 1849 1171 merita,
1898 1109 2121 1176 Philipp.

1191 1178 1273 1239 13,
1298 1176 1381 1236 14,
1402 1176 1486 1230 29.
1507 1203 1573 1213 ·-
1596 1175 1792 1228 Occidit
1823 1178 1957 1229 bello
1988 1179 2129 1229 civili

1187 1254 1235 1295 et
1256 1246 1557 1311 scriptitavit
1574 1254 1824 1309 accurate,
1846 1263 1959 1298 cum
1980 1262 2129 1312 prae-

1186 1315 1365 1364 sertim
1400 1327 1503 1364 non
1538 1323 1673 1364 esset
1710 1323 1904 1377 orator,
1940 1324 1989 1365 et
2024 1317 2130 1380 egit

1186 1383 1347 1434 multa
1366 1390 1682 1447 constanter,
1718 1384 1859 1432 Brut.
1883 1383 1950 1432 77
1965 1417 1981 1446 ,
2004 1383 2126 1434 267.

1183 1479 1252 1490 --
1264 1451 1331 1499 M.
1352 1451 1562 1500 Bibulus
1580 1451 1732 1501 bonis
1750 1452 2127 1513 adnumeratur,

1184 1521 1252 1572 ad
1272 1519 1332 1578 Q.
1355 1518 1419 1569 fr.
1453 1521 1515 1581 2,
1550 1519 1599 1583 3,
1632 1522 1685 1571 2.
1720 1521 1785 1570 cl.
1814 1519 2044 1587 Philipp.
2076 1523 2130 1586 2,

1189 1591 1273 1650 10,
1297 1587 1381 1638 23.
1418 1615 1486 1626 -—
1506 1587 1677 1638 Bibuli
1696 1589 1995 1654 patientiam
2024 1590 2131 1640 cul-

1185 1659 1329 1724 pavit
1348 1657 1539 1716 Cicero,
1560 1657 1853 1708 Pseudocic.
1874 1659 1929 1720 in
1947 1657 2053 1709 Sal.
2074 1661 2129 1721 4,

1188 1729 1273 1779 12.
1288 1726 1436 1776 -οΐ,
1458 1727 1525 1776 ad
1544 1728 1649 1780 Att.
1674 1725 1724 1790 9,
1740 1727 1791 1789 9,
1807 1729 1859 1778 2.
1876 1729 2125 1794 etstagm.

1117 1865 1180 1917 Ia.
1224 1863 1557 1931 Calpurnius
1592 1863 1833 1916 Bibulus
1866 1867 1934 1919 M.
1968 1865 2126 1928 filius,

1185 1934 1403 1985 Athenis
1423 1943 1529 1985 erat
1550 1935 1748 1985 futurus
1768 1950 1819 1985 a.
1840 1952 1893 1986 u.
1918 1952 1961 1985 c.
1985 1936 2127 1997 709..

1186 2004 1256 2055 ad
1274 2004 1381 2058 Att.
1406 2004 1499 2067 12,
1529 2003 1624 2068 32,
1654 2006 1706 2054 2.
1727 2031 1794 2040 -
1810 2004 1873 2058 L.
1894 2005 2127 2065 Bibulus,

1185 2074 1257 2124 M.
1275 2072 1447 2123 Bibuli
1462 2090 1527 2123 ex
1544 2072 1721 2123 Porcia
1736 2072 1889 2136 filine,
1903 2074 1972 2123 M.
1988 2073 2131 2124 Bruti

1185 2142 1485 2208 privignus,
1527 2142 1581 2191 in
1615 2142 1809 2192 Pansae
1846 2142 2014 2193 locum
2037 2159 2130 2209 pe-

1185 2219 1293 2261 tere
1318 2211 1579 2263 constituit
1596 2210 1945 2277 pontificatum
1965 2214 2131 2261 mino-

1189 2296 1328 2341 rem,
1358 2280 1542 2331 Brutus
1567 2282 1621 2329 in
1644 2294 1729 2345 ep.
1752 2281 1818 2331 ad
1836 2278 1979 2332 Brut.
2005 2281 2052 2341 1,
2075 2282 2125 2330 7.

1189 2348 1305 2398 Duo
1332 2349 1499 2399 Bibuli
1534 2356 1900 2410 memorantur,
1940 2364 2024 2414 ep.
2064 2348 2129 2397 ad

1189 2418 1335 2471 Brut.
1362 2419 1409 2477 1,
1438 2416 1521 2466 14,

1122 2487 1185 2540 Ia.
1219 2482 1559 2552 Calpurnius
1595 2484 1731 2535 Piso
1762 2482 1991 2549 Bestia,
2022 2498 2127 2535 cos.

1191 2570 1309 2606 cum
1343 2554 1398 2605 P.
1431 2552 1670 2619 Scipione
1702 2552 1889 2603 Nasica
1920 2568 1969 2603 a.
1995 2570 2047 2605 u.
2082 2570 2127 2604 c.

1191 2623 1335 2687 643„
1356 2623 1433 2673 vir
1452 2630 1501 2672 et
1518 2637 1634 2673 acer
1652 2630 1701 2673 et
1719 2638 1821 2673 non
1834 2622 2128 2686 indisertus,

1189 2692 1332 2743 Brut.
1356 2692 1442 2752 34,
1467 2690 1583 2743 128.

1122 2761 1188 2814 Ia.
1215 2758 1552 2827 Calpurnius
1571 2758 1708 2811 Piso
1736 2758 1961 2827 Bestia,
1984 2776 2131 2813 sena-

1190 2840 1271 2881 tor
1291 2828 1641 2893 Catilinarius,
1662 2846 1756 2897 pro
1780 2830 1950 2883 Sestio
1969 2832 2021 2893 5,
2044 2831 2129 2883 11,

1189 2927 1262 2939 ---
1311 2900 1482 2951 Bestia
1534 2908 1583 2951 et
1620 2899 1829 2951 Clodius
1876 2899 2132 2952 Ciceronis

1191 2968 1513 3021 consulatum
1560 2969 1932 3035 reprehendere
1994 2969 2134 3019 soliti

1193 3044 1335 3089 erant
1352 3074 1366 3098 ‚
1396 3036 1539 3088 Brut.
1570 3053 1650 3104 ep.
1678 3040 1747 3089 ad
1772 3039 1928 3090 Attic.
1954 3039 1979 3087 1
1998 3073 2012 3097 ,
2045 3038 2129 3089 17.

1193 3108 1340 3161 -Α,
1360 3106 1411 3157 d.
1434 3108 1519 3157 111.
1542 3107 1620 3158 Id.
1640 3108 1784 3157 Febr.
1801 3122 1850 3156 a.
1869 3122 1921 3155 u.
1936 3121 1984 3155 c.
2006 3103 2129 3157 698.

1192 3177 1326 3229 dixit
1346 3175 1521 3226 Cicero
1538 3190 1632 3241 pro
1648 3176 1823 3227 Bestia
1842 3176 1907 3225 de
1936 3174 2129 3224 ambitu

1193 3245 1338 3374 ειέιὸἰ
1362 3251 1667 3378 ἒιέεῑῗειὲι
1700 3244 1789 3295 Cn.
1775 3243 2131 3362 ,BDomiqu

1192 3331 1222 3365 a
1386 3329 1411 3363 r
1702 3340 1769 3349 -—
1833 3328 1889 3363 es
1913 3327 1961 3361 ia
2030 3326 2105 3362 ice

1192 3386 1331 3435 ronis
1368 3381 1717 3442 necessarius,
1756 3396 1849 3446 pro
1882 3379 2018 3431 Cael.
2048 3379 2130 3440 11,

1195 3452 1284 3506 26,
1306 3479 1373 3489 -
1394 3449 1673 3501 Aedilicius
1695 3463 1744 3503 a.
1764 3464 1819 3499 u.
1839 3465 1885 3501 c.
1906 3448 2026 3499 711.
2047 3464 2133 3499 co·
