2500 3850
814 214 877 262 L.
912 216 1276 265 PUBLIOms
1306 239 1391 249 —-
1421 190 1776 266 PYLADES.

310 369 427 417 inde
456 369 673 417 Romam
707 368 946 431 redisset,
982 371 1052 419 ne'
1078 372 1245 421 minus

309 438 433 486 civis
459 444 593 487 esset
604 475 618 501 ,
645 451 737 502 pro
768 438 923 486 Balbo
953 439 1035 503 11,
1064 441 1149 491 28.
1248 481 1253 487 .

198 544 206 547 -
234 504 304 555 Ia.
330 502 653 568 Publicius,
686 504 950 557 familiaris
972 506 1089 557 Sex.
1114 509 1243 557 Nae-

312 576 409 633 vii,
438 589 529 637 pro
554 576 751 633 Quinct.
775 574 826 637 6,
853 577 936 627 24.

240 642 307 706 Q.
331 640 621 706 Publicius
650 644 717 695 M.
742 644 941 704 Iunius,
962 652 1240 710 praetorem,

306 712 443 776 apud
465 726 592 773 quos
614 710 784 761 Cicero
806 713 1033 762 defendit
1050 714 1112 762 D.
1134 713 1241 764 Ma-

304 781 539 841 trinium,
562 795 655 845 pro
680 779 872 835 Cluent.
896 783 979 841 45,
1004 782 1117 831 126.

236 846 550 899 Publicola.
594 850 658 898 V.
680 848 743 898 P.
767 846 1023 901 Valerius
1042 848 1241 899 Publi-

309 916 450 966 cola.

237 983 487 1036 Publilia
516 1000 545 1034 a
565 984 803 1035 Cicerone
822 1003 949 1037 uxor
966 990 1115 1038 ducta
1128 1026 1143 1052 ,
1177 989 1243 1037 ad

308 1056 409 1103 Att.
434 1056 515 1114 12,
540 1052 623 1115 32,
646 1054 692 1105 1.
724 1055 785 1103 cl.
804 1056 871 1105 ad
884 1056 1072 1119 fam.4,
1091 1058 1171 1119 14,
1188 1056 1239 1106 3.

236 1120 535 1174 Publilius.
568 1125 633 1175 V.
658 1125 810 1173 etiam
827 1124 1081 1175 Publius,

237 1188 517 1241 Publilius
532 1228 548 1254 ,
568 1192 634 1241 ad
652 1191 755 1241 Att.
777 1194 859 1253 12,
878 1195 960 1253 24,
984 1194 1032 1243 1.
1058 1196 1131 1243 Ib.
1156 1194 1238 1254 12,

307 1260 389 1320 28,
415 1260 462 1311 3.
506 1261 577 1309 Ib.
603 1261 685 1319 12,
710 1260 794 1324 32,
820 1263 866 1311 1.

238 1326 548 1392 Publilius,
582 1329 737 1379 frater
758 1329 1029 1393 Publiliae,
1062 1346 1239 1381 secun-

308 1399 401 1446 dae
424 1396 680 1447 Ciceronis
695 1400 871 1449 uxoris
886 1434 901 1460 ,
923 1414 1069 1461 quam
1092 1400 1239 1449 dimi-

306 1474 437 1515 serat
466 1482 515 1516 a.
536 1482 585 1516 u.
609 1483 653 1516 c.
677 1468 797 1521 710.
821 1495 886 1504 -
908 1466 1031 1517 Cum
1060 1484 1119 1517 eo
1151 1484 1238 1517 ne-

307 1537 501 1600 gotium
534 1539 875 1586 numerarium
920 1536 1099 1586 confici
1134 1537 1241 1586 vult

310 1604 483 1653 Cicero
503 1642 515 1664 ‚
548 1620 595 1659 a.
620 1622 669 1653 n.
694 1621 737 1653 c.
761 1604 909 1668 709.‚
942 1606 1005 1655 ad
1025 1606 1129 1654 Att.
1158 1604 1239 1665 13,

306 1672 391 1723 34.
429 1674 501 1723 I-b.
526 1674 588 1725 13
607 1711 621 1734 ,
641 1676 741 1735 47,
760 1673 811 1725 3.
848 1674 915 1725 cl.
948 1674 1016 1723 ib.
1040 1675 1131 1733 14,
1155 1674 1238 1733 19,

304 1744 357 1791 4.
392 1743 465 1791 lb.
490 1742 582 1806 16,
605 1745 666 1802 2,
692 1743 738 1791 1.
777 1744 851 1792 Π).
880 1742 972 1803 16,
999 1744 1059 1805 6,
1081 1742 1131 1793 3.
1170 1742 1237 1792 cf.

305 1812 373 1861 ib.
402 1812 483 1872 12,
508 1813 557 1874 7,
586 1811 632 1860 1.
672 1812 746 1861 Ib.
772 1813 854 1873 12,
882 1811 948 1861 18
964 1826 1009 1865 a.
1032 1813 1081 1862 2.

235 1876 499 1945 Publius,
530 1881 585 1930 P.
611 1879 815 1931 Clodius
844 1882 1054 1944 dicitur,
1092 1880 1155 1930 ad
1178 1880 1234 1940 Q.

302 1949 364 2002 fr.
394 1949 453 2010 3,
488 1950 546 2013 1,
580 1949 631 1999 5.
668 1951 719 2012 §-
760 1950 840 2000 17.
880 1950 942 2000 cl.
974 1951 1039 2000 ad
1058 1951 1161 2002 Att.
1186 1951 1237 2013 2,

303 2022 351 2080 7,
374 2020 423 2068 2.

234 2084 467 2138 Publius
488 2087 664 2153 Syme,
685 2087 1083 2152 mimographus.
1111 2086 1234 2135 Eius

302 2165 350 2206 et
368 2156 575 2206 Laberii
590 2158 821 2220 poemata
842 2157 1035 2206 audivit
1057 2156 1231 2207 Cicero

300 2241 350 2275 a.
371 2241 424 2278 u.
450 2241 491 2276 o.
514 2223 632 2273 709.
650 2262 665 2284 ,
702 2224 767 2274 ad
785 2224 906 2273 fam.
933 2225 1015 2288 12,
1038 2225 1121 2284 18,
1142 2226 1191 2274 2.

230 2292 560 2344 Pulchellus
577 2327 591 2354 ,
612 2293 669 2340 Ρ.
695 2290 899 2340 Clodius
918 2292 1144 2357 Pulcher,
1171 2295 1235 2341 ad

299 2363 405 2410 Att.
430 2363 482 2419 2,
508 2359 557 2423 1,
578 2362 629 2409 4.

233 2431 299 2495 Q.
329 2429 529 2480 Pullus
558 2424 911 2480 Numitorius
928 2464 943 2490 ,
965 2427 1236 2492 'Fregella-

302 2514 396 2564 nus
411 2535 425 2560 ,
446 2498 678 2563 proditor
694 2534 707 2556 ,
732 2497 793 2546 de
812 2496 897 2544 fin.
923 2497 973 2554 5,
994 2497 1077 2558 22,
1098 2497 1182 2550 62.

231 2563 526 2618 Pulvilius.
554 2566 619 2614 V.
640 2562 933 2616 Horatius.

231 2633 440 2686 Punica
452 2637 717 2700 inscriptio
730 2635 1074 2694 Massinissae‚
1088 2635 1233 2683 Verr.

300 2711 521 2755 accusat.
541 2706 575 2754 4
590 2743 604 2765 ,
633 2704 721 2766 46,
744 2702 863 2754 103.
904 2705 969 2757 V.
991 2700 1171 2752 Poeni
1190 2711 1238 2752 et

298 2769 595 2824 Poenicus.
841 2781 849 2786 ’

231 2840 562 2893 Punicanus.
602 2840 661 2900 Q.
693 2841 889 2890 Tubero
920 2842 1101 2896 ⁴stravit
1128 2843 1234 2906 pel-

299 2911 466 2960 liculis
501 2910 735 2960 haedinis
771 2897 1274 2961 lectulos'Punica-e

298 2994 419 3043 uos,
442 2971 535 3044 pro
554 2978 685 3031 Mur.
706 2977 791 3044 36,
815 2979 897 3029 75.

228 3045 500 3098 Punicum
524 3063 567 3097 s,
589 3045 894 3098 Poenicum
919 3048 1109 3098 bellum
1129 3050 1232 3112 pri-

296 3132 454 3178 murn,
479 3117 541 3166 de
560 3117 643 3168 off.
671 3117 719 3178 1,
742 3115 822 3177 13,
842 3116 928 3169 39.
968 3117 1029 3167 V.
1052 3115 1231 3168 Poeni

298 3193 347 3234 et
364 3182 685 3236 Poenicum.

228 3251 500 3304 Punicum
529 3271 571 3304 s·
604 3252 912 3304 Poenicum
939 3254 1131 3303 bellum
1152 3269 1233 3303 se·

297 3323 532 3373 cundum.
602 3325 771 3372 Hostis
822 3330 899 3372 est
947 3337 1047 3374 non
1095 3322 1235 3386 apud

299 3392 546 3441 Anienem
561 3427 577 3454 ,
607 3391 744 3454 quod
761 3392 890 3440 bello
909 3392 1098 3440 Punico
1119 3405 1233 3454 gra-

297 3459 565 3509 vissimum
585 3461 751 3510 visum
773 3466 879 3520 est,
898 3459 991 3510 sed
1014 3459 1066 3506 in
1089 3459 1230 3521 urbe,

2199 208 2312 270 331

1387 374 1438 422 in
1457 371 1569 421 foro
1587 409 1600 431 ,
1632 387 1724 436 pro
1743 372 1872 424 Mur.
1893 372 1960 423 39
1977 410 1989 433 ,
2011 374 2096 423 84.
2133 376 2196 423 (16
2217 377 2320 425 inv·

1385 442 1417 489 2
1437 477 1448 498 ,
1475 441 1566 503 17,
1601 442 1684 493 52.
1723 440 1860 488 Brut.
1887 443 1950 491 14
1969 480 1982 501 ,
2015 443 2099 495 57.
2121 443 2319 493 —Duo

1381 508 1766 573 propugnacula
1786 508 1906 557 belli
1925 510 2126 571 Punici,
2161 511 2248 562 Cn.
2273 522 2320 561 et

1382 580 1438 629 P.
1463 576 1748 642 Scipione3‚
1779 579 1956 640 parad.
1981 579 2026 641 1,
2049 580 2099 641 2,
2137 580 2218 630 12.
2297 616 2304 623 .

1312 643 1586 695 Punicum
1613 664 1656 699 5.
1689 642 1994 695 Poenicum
2019 648 2202 697 bellum
2221 654 2320 697 ter-

1381 717 1506 763 tium
1522 752 1536 773 ,
1557 716 1703 769 Verr.
1730 724 1949 767 accusat.
1974 718 2024 779 4,
2047 714 2132 777 33,
2153 716 2238 767 73.

1313 780 1493 848 Pupia
1523 784 1608 833 lex
1639 786 1702 833 (16
1739 793 1918 833 senatu
1953 783 2216 844 habendo,
2255 786 2321 834 ad

1382 852 1503 905 fam.
1540 853 1600 915 1,
1637 856 1699 912 4,
1744 854 1792 902 1.
1845 852 1910 901 ad
1951 854 2011 911 Q.
2056 853 2118 901 fr.
2151 855 2210 919 2,
2255 853 2316 903 ll

1381 920 1521 986 (13),
1561 920 1608 971 3.
2063 927 2092 946 ·“

1312 985 1554 1054 Pupinia
1573 990 1732 1038 tribus
1748 1026 1774 1048 ,.
1795 992 1860 1041 ad
1880 989 2001 1039 fam.
2023 988 2075 1050 8,
2095 990 2145 1049 8,
2167 989 2216 1039 5.
2253 990 2320 1038 ad

1383 1058 1440 1117 Q.
1477 1058 1536 1105 fr·
1557 1060 1608 1119 2,
1629 1058 1679 1117 3,
1707 1058 1761 1109 5.

1311 1124 1580 1192 Pupinia,
1620 1142 1742 1191 ager
1774 1127 1966 1176 Romae
2002 1129 2316 1191 propinquus

1380 1211 1557 1245 versus
1583 1196 1828 1245 Etruriam
1845 1232 1860 1256 ‚
1895 1196 1957 1245 (16
1985 1196 2096 1261 lege
2127 1212 2232 1261 agr.
2267 1198 2316 1251 2.

1310 1328 1541 1397 Pupius.
1592 1334 1655 1381 V.
1707 1334 1760 1381 iu
1799 1330 2115 1397 Calpurniis
2152 1330 2315 1383 Piso-

1377 1398 1560 1449 nibus.

1315 1467 1412 1517 Gn.
1452 1466 1696 1531 Pupius,
1742 1470 1793 1515 in
1841 1469 2008 1531 operis
2058 1469 2314 1517 societatis

1378 1536 1670 1601 Bithyniae,
1709 1536 2091 1585 commendatur
2125 1535 2315 1586 Crassis

1378 1606 1524 1669 pedi,
1547 1606 1612 1653 ad
1631 1605 1752 1658 fam.
1780 1605 1862 1662 13,
1886 1604 1936 1669 9,
1957 1604 2007 1655 3.

1307 1672 1399 1723 Μ.
1419 1669 1632 1739 Pupius
1661 1675 1894 1723 Pisonem
1923 1674 2214 1739 adoptavit,
2252 1674 2314 1721 (16

1382 1744 1531 1792 domo
1551 1758 1644 1791 sua
1664 1742 1745 1802 13,
1768 1742 1851 1793 35.

1309 1808 1638 1875 Puteolani,
1677 1812 1901 1877 Philipp.
1946 1812 2010 1871 2,
2049 1810 2146 1873 41,
2193 1809 2310 1861 107.

1375 1876 1586 1934 Tuscul.
1611 1882 1658 1941 1,
1682 1880 1766 1945 35,
1792 1880 1875 1931 86.

1308 1948 1708 2013 Puteolanum,
1756 1949 2012 1998 Ciceronis
2051 1946 2202 2007 villa,
2251 1946 2314 1994 de

1377 2018 1482 2068 fato
1505 2018 1552 2078 1,
1573 2021 1624 2070 2.
1662 2019 1727 2068 ad
1747 2018 1866 2069 fam.
1895 2017 1944 2080 5,
1972 2016 2052 2066 15.

1306 2085 1650 2136 Puteolanus
1672 2103 1856 2151 sermo,
1880 2101 1969 2150 pro
1994 2084 2119 2132 Rab.
2137 2085 2288 2132 Postu

1375 2170 1458 2205 mo
1482 2155 1562 2214 14,
1586 2156 1672 2209 40.

1302 2223 1556 2287 Puteoli,
1600 2225 1904 2290 Campaniae
1950 2225 2102 2282 υνδε,
2157 2221 2312 2271 hodie

1373 2293 1640 2344 Pozzuolo.
1665 2322 1734 2332 —-
1753 2294 2044 2357 Emporium
2077 2290 2289 2340 Puteola

1374 2376 1551 2412 norum
1565 2400 1577 2423 ,
1603 2363 1671 2412 ad
1688 2365 1791 2414 Att.
1813 2365 1845 2412 5
1865 2399 1877 2420 ‚
1898 2363 1948 2423 2,
1972 2364 2022 2412 2.
2046 2387 2110 2394 -—
2130 2359 2309 2407 Puteo-

1377 2429 1441 2478 lis
1461 2431 1557 2480 fuit
1575 2431 1662 2480 illa
1682 2432 1829 2480 statio
1855 2429 2100 2491 quaedam
2123 2441 2312 2476 merca⁴

1374 2506 1518 2548 turae
1553 2506 1603 2547 et
1637 2498 1974 2563 navigationis
2010 2511 2072 2545 ex
2103 2496 2228 2543 Asia
2265 2502 2312 2544 et

1375 2569 1636 2632 Aegypto,
1665 2575 1712 2616 et
1740 2569 1792 2615 in
1822 2565 2002 2632 primis
2033 2563 2313 2615 celebratur

1377 2635 1553 2684 classis
1623 2636 1970 2695 Alexandrina
2044 2634 2310 2696 quotannis

1375 2721 1528 2766 quum
1553 2705 1654 2755 alia
1680 2714 1785 2755 tum
1805 2705 2111 2755 frumentum
2130 2704 2311 2752 Puteo·

1375 2773 1453 2822 los
1478 2775 1734 2831 advehens
1752 2813 1766 2837 ,
1798 2777 1944 2825 Verr.
1964 2773 1996 2824 5
2015 2811 2029 2835 ‚
2061 2772 2157 2833 59,
2191 2773 2309 2824 154.

1373 2844 1541 2892 Vatin.
1565 2844 1618 2905 5,·
1642 2845 1724 2896 12.
1755 2860 1846 2909 pro
1865 2844 2039 2893 Rabir.
2062 2844 2202 2894 Post.
2226 2843 2309 2899 14,

1373 2910 1458 2962 40.
1473 2914 1629 2962 -Ibi
1647 2913 1867 2978 Neptuni
1887 2914 2134 2978 portiom,
2151 2909 2307 2960 Acad-

1373 2995 1451 3045 pr.
1475 2983 1508 3032 2
1523 3019 1536 3042 ,
1566 2985 1650 3046 25,
1671 2981 1755 3036 80.
1781 3010 1845 3020 —
1867 2983 2112 3032 Granaria
2129 2979 2310 3026 Puteo-

1373 3049 1440 3098 lis
1477 3053 1876 3116 negotiatorum,
1917 3049 1980 3096 de
2009 3046 2095 3094 fin.
2130 3046 2191 3104 2,
2223 3042 2309 3105 26,

1371 3117 1458 3168 84.
1489 3145 1557 3156 -
1597 3119 1672 3167 1)6
1707 3117 1929 3167 Puteolis
1960 3129 1991 3163 a
2011 3112 2310 3163 decemviris

1371 3185 1622 3245 Rullianis
1676 3183 1984 3246 occupandis
2006 3218 2019 3240 ‚
2077 3182 2140 3230 (16
2195 3181 2307 3247 lege

1372 3268 1480 3316 agr.
1513 3255 1574 3312 2,
1617 3252 1714 3315 31,
1747 3251 1834 3302 86.
1865 3277 1936 3288 —-
1979 3247 2312 3298 Τοποθεσία

1372 3320 1556 3369 Miseni
1585 3328 1634 3370 et
1660 3319 1979 3374 Puteolorum
1995 3356 2009 3379 ,
2041 3319 2109 3368 ad
2128 3319 2234 3368 Att.
2259 3317 2306 3380 1,

1375 3387 1459 3449 13,
1479 3389 1531 3438 5.
1569 3388 1732 3440 Acad.
1752 3403 1829 3452 pr.
1852 3388 1903 3452 2,
1924 3386 2010 3448 40,
2035 3387 2152 3441 125.

1302 3451 1548 3523 Pylades
1569 3464 1617 3506 et
1637 3454 1841 3507 Orestes
1862 3457 2002 3521 apud
2015 3455 2307 3514 Pacuvium,
