2500 3850
254 185 396 245 254.

327 353 521 402 locatus
540 388 557 415 ,
588 351 813 415 Philipp.
840 351 902 411 2,
942 350 1028 414 37,
1060 349 1145 402 94.
1201 351 1264 401 de

270 450 280 456 -
326 421 487 470 divin.
511 421 561 481 2,
583 419 668 481 37,
689 420 776 474 79.

253 485 619 540 Mithridates
660 488 831 554 Phryx
852 525 866 548 ‚
919 488 1261 554 Pergameno-

324 575 435 608 rum
484 558 859 608 multitudinem
896 570 995 605 non
1040 558 1261 606 auctori-

321 637 423 678 tate
443 642 555 690 sua,
598 627 691 677 sed
716 628 895 692 sagina
913 626 1131 685 tenebat,
1166 640 1258 690 pro

320 697 501 747 Flacco
536 699 587 755 7,
611 695 693 745 17.
730 721 801 733 -
838 693 1080 744 Columen
1102 697 1259 744 actio-

321 767 401 816 nis
430 765 493 816 D.
531 764 693 814 Laelii
722 765 777 813 in
801 763 861 817 L.
882 762 1142 824 Flaccum,
1184 764 1258 816 Ib.

250 900 704 953 Mithridaticum
720 900 911 951 bellum
925 915 1163 965 magnum
1182 907 1259 949 at-

324 987 421 1034 que
448 970 658 1032 difficile
681 977 729 1020 et
763 971 813 1018 in
840 969 998 1018 multa
1017 970 1258 1018 varietate

321 1049 453 1088 terra
470 1040 700 1101 marique
724 1045 983 1087 versatum
1013 1045 1172 1086 totum
1194 1038 1258 1086 ab

321 1107 510 1156 Archia
531 1120 831 1172 expressum
852 1113 945 1165 est,
965 1120 1057 1169 pro
1072 1105 1262 1155 Archia

318 1175 371 1236 9,
414 1175 500 1229 21.
544 1203 607 1212 -·
645 1174 1041 1226 Mithridaticum
1071 1174 1260 1224 bellum

320 1258 467 1294 omne
483 1259 595 1294 cum
610 1243 917 1294 mulierculis
926 1251 1125 1309 gestum
1148 1259 1262 1294 esse

319 1314 521 1364 dicebat
553 1314 618 1363 M.
642 1313 795 1373 Cato,
831 1327 924 1378 pro
944 1313 1153 1363 Murena
1176 1314 1258 1374 14,

320 1381 404 1434 31.
446 1384 607 1436 Acad.
634 1398 714 1449 pr.
736 1385 788 1447 2,
814 1383 863 1444 1,
890 1381 939 1434 1.

248 1449 647 1530 Mitylenaeus
696 1453 761 1505 V.
773 1419 1181 1532 Mytilenaeas,

246 1517 601 1586 Mitylenaei.
638 1522 703 1572 V.
726 1517 1078 1587 Mytilenaei.

247 1537 579 1668 Mitylenae.
625 1592 691 1641 V.
710 1587 1040 1655 Mytilenae.
1209 1633 1214 1639 .

246 1655 651 1708 Mnasistratus
680 1657 985 1717 Leontinus,
1022 1659 1167 1707 testis
1204 1657 1253 1704 in

317 1725 372 1775 C.
402 1727 641 1790 Verrem,
665 1727 809 1780 Verr.
835 1733 1057 1776 accusat.
1080 1726 1142 1787 3,
1168 1724 1254 1784 46,

246 1861 617 1913 Mnesarchus
640 1861 871 1929 Stoicae,
906 1864 1133 1912 Panaetii
1168 1877 1259 1913 au-

317 1934 449 1984 ditor
470 1935 605 1983 circa
636 1949 683 1983 a.
714 1949 766 1987 u.
792 1950 835 1987 c.
858 1933 1002 1993 645..
1042 1933 1107 1982 de
1126 1940 1253 1986 orat.

320 2004 367 2063 l,
392 2002 474 2065 11,
490 2004 576 2053 45.
617 2002 771 2057 cl.ib.
802 2004 850 2067 l,
870 2002 1053 2064 18,83.
1094 2001 1256 2053 defin.

318 2072 367 2131 1,
390 2072 441 2135 2,
462 2070 514 2121 6.
542 2098 610 2108 —
640 2071 968 2121 Mnesarchus
982 2108 996 2131 ,
1019 2070 1257 2121 Antiochi

315 2140 572 2203 aequalis,
610 2140 823 2190 Athenis
848 2135 1086 2205 prince‘ps
1117 2137 1256 2188 Stoi-

316 2222 487 2257 corum
510 2223 621 2257 cum
642 2208 893 2269 Dardano,
926 2208 1087 2260 Acad.
1110 2210 1250 2271 pr.2‚

314 2277 402 2338 22,
426 2274 513 2327 69.
550 2277 711 2327 Acad.
737 2286 869 2342 post.
902 2278 949 2331 l.
992 2276 1176 2341 fragm.
1199 2277 1251 2337 2,

243 2413 630 2482 Mnemosyne.
666 2414 707 2464 E
739 2416 858 2465 Iove
876 2414 1025 2464 tertio
1048 2420 1097 2463 et
1115 2414 1254 2463 Mne-

315 2500 520 2550 mosyne
552 2492 845 2549 procreatae
867 2483 1042 2535 Musae
1075 2498 1253 2532 secun-

316 2556 410 2603 dae
431 2568 629 2613 novem,
652 2554 714 2603 de
736 2569 789 2603 n.
813 2553 863 2603 d.
884 2554 931 2609 5,
952 2552 1039 2613 21,
1059 2551 1145 2601 54.

242 2618 321 2671 Μ.
344 2619 569 2671 Medius
584 2657 598 2685 ,
625 2637 779 2684 eques
798 2622 1077 2681 Romanus,
1108 2622 1251 2670 testis

312 2692 365 2738 in
385 2689 441 2739 G.
464 2690 703 2751 Verrem,
736 2691 882 2744 Verr.
936 2698 1153 2743 accusat.
1196 2692 1249 2751 2,

313 2757 399 2818 48,
432 2757 552 2808 119.
1032 2820 1041 2825 -

242 2824 633 2895 Moeragenes,
653 2826 899 2877 latronum
919 2830 1024 2879 dux
1044 2831 1095 2879 in
1116 2829 1249 2879 Tau-

313 2912 371 2946 ro
393 2904 587 2956 monte,
608 2898 674 2947 ad
696 2897 799 2951 Au.
824 2899 874 2959 5,
900 2898 982 2961 15,
1002 2898 1055 2951 3.
1091 2899 1166 2948 Ib.
1196 2898 1246 2960 6,

242 3031 418 3087 Molo.
454 3036 520 3084 V.
539 3034 867 3102 Apollonius
893 3032 1160 3087 Molonis.
1183 3061 1249 3070 —-

314 3102 448 3154 Molo
468 3104 699 3155 Rhodius
716 3142 733 3170 ,
767 3105 1069 3169 Apollonius
1090 3102 1250 3152 Molo-

314 3173 411 3229 nis,
432 3174 499 3223 ad
523 3175 621 3223 Att.
645 3174 695 3233 2,
722 3174 771 3233 1,
788 3173 841 3225 9.

238 3236 512 3359 Mtilossi,
549 3243 770 3307 populus
795 3242 968 3307 Epiri,
998 3242 1060 3291 de
1091 3239 1247 3293 divin.

350 3344 364 3369 ,
380 3309 465 3367 34,
487 3309 571 3360 76.

238 3374 473 3427 Moneta
487 3378 601 3437 dea,
616 3370 982 3443 Μνημοσύνη
997 3377 1201 3427 diversa
1221 3393 1251 3428 a

308 3444 499 3495 Iunone
516 3445 733 3503 Moneta.
755 3447 818 3497 de
838 3462 886 3498 n.
913 3448 963 3497 d.
992 3446 1042 3505 3,
1067 3446 1147 3509 18,
1161 3447 1249 3497 47.

674 195 1157 242 MITHRIDATES
1180 215 1266 228 -—
1297 195 1363 254 Q.
1397 193 1651 242 MUCIUS
1679 191 1967 240 MANCIA.

1402 378 1469 386 —
1491 349 1629 400 Iuno
1642 347 1889 411 Moneta,
1917 351 1981 400 de
1993 351 2158 403 divin.
2187 351 2236 411 1,
2258 350 2350 414 45,

1403 417 1522 470 101.
1538 418 1719 467 adAtt.
1735 418 1787 481 8,
1804 418 1912 479 7,5.
1932 415 2212 484 Philippff,
2231 421 2280 481 1,
2297 422 2348 471 1.

1329 486 1494 538 Mons
1523 500 1698 536 sacer.
1746 487 1935 536 Plebeii
1955 496 2178 538 montem
2201 489 2350 538 illum

1399 563 1539 605 trans
1579 555 1858 616 Anienem,
1895 560 1984 619 qui
2009 556 2166 606 hodie
2198 558 2349 608 Mons

1401 623 1556 674 Sacer
1590 626 1903 690 nominatur,
1939 626 1992 674 iu
2031 641 2133 688 quo
2163 629 2349 676 armati

1400 692 1753 753 consederant,
1790 701 2024 744 aeternae
2061 697 2348 745 memoriae

1399 776 1554 811 causa
1573 771 1946 824 consecrarunt,
1974 762 2171 814 Gornel.
2185 766 2343 828 prim.

1400 831 1585 896 fragm
1601 830 1685 882 23.
1705 845 1760 895 Ρ.
1775 831 1896 881 212.
1920 833 2063 882 -Α,
2071 848 2123 883 ιι.
2149 849 2196 884 c.
2217 833 2346 884 261.

1395 899 1543 964 plebs
1558 901 1777 948 Montem
1791 899 2001 950 Sacrum
2020 901 2186 968 prius,
2197 900 2346 952 dein-

1400 968 1464 1018 de
1484 969 1792 1018 Aventinum
1813 971 2096 1033 occupavit,
2120 971 2185 1020 de
2216 986 2262 1020 r.
2287 987 2340 1036 p.

1401 1037 1451 1097 2,
1475 1036 1560 1099 23,
1572 1038 1656 1090 58.
1697 1037 1762 1090 cl.
1777 1035 1913 1086 Brut.
1939 1038 2021 1117 14²
2039 1038 2126 1088 54.

1330 1103 1650 1156 Montanus.
1677 1107 1740 1155 V.
1767 1104 1832 1155 Ιι.
1862 1075 2090 1156 Tullius
2109 1106 2343 1158 Monta-

1399 1189 1522 1225 nus.

1328 1239 1751 1309 Mopsuhestia,
1785 1233 2009 1306 Μόψου
2040 1233 2214 1306 ἑστία,
2250 1261 2347 1310 op·

1397 1312 1578 1377 pidum
1611 1311 1817 1362 Ciliciae
1854 1313 1920 1362 ad
1954 1313 2008 1368 fl.
2042 1314 2340 1377 Pyramum,

1397 1381 1550 1430 hodie
1583 1379 1794 1440 Mes-ric,
1829 1381 1898 1431 ad
1915 1380 2036 1431 fam.
2059 1380 2112 1446 3,
2133 1382 2186 1446 8,
2220 1382 2302 1434 10.

1327 1448 1563 1515 Mopsus
1583 1456 1634 1498 et
1645 1449 2018 1514 Amphilochus
2025 1451 2343 1517 Argivorum

1395 1533 1544 1584 reges
1563 1517 1784 1579 fuerunt,
1823 1520 1978 1569 iidem
1996 1534 2241 1585 augures,
2278 1522 2344 1570 ii-

1397 1602 1496 1651 que
1513 1588 1666 1636 urbes
1687 1589 1737 1636 in
1757 1603 1844 1637 ora
1863 1590 2113 1639 maritima
2125 1589 2343 1641 Ciliciae

1397 1657 1618 1706 Graecas
1638 1657 1988 1719 condiderunt,
2013 1658 2077 1709 de
2097 1659 2260 1712 divin.
2287 1660 2338 1724 1,

1393 1724 1480 1786 40,
1495 1725 1581 1779 88.
1598 1751 1664 1760 —
1687 1725 1894 1790 Mopsus
1914 1742 2094 1792 augur,
2120 1729 2185 1778 de
2203 1741 2257 1781 n.
2283 1729 2338 1782 d.

1397 1794 1450 1910 Ξ,
1471 1793 1684 1913 3,37.33—
1702 1794 1910 1860 Mopsus
1931 1803 2074 1846 vates
2089 1833 2103 1856 ,
2143 1797 2208 1846 de
2229 1796 2337 1862 leg.

1435 1898 1450 1926 ,
1482 1863 1507 1910 1
1549 1897 1564 1925 ,
1659 1901 1673 1913 .

1325 1931 1484 1982 Mors
1506 1932 1628 1994 dea,
1667 1933 1730 1983 de
1749 1948 1798 1988 n.
1822 1934 1872 1987 d.
1897 1932 1947 1993 3,
1969 1933 2053 1995 17,
2075 1938 2163 1987 44.

1325 1998 1554 2065 Motho,
1591 2001 1657 2051 ad
1675 2001 1796 2052 fam.
1821 2001 1904 2064 16,
1931 2004 2012 2064 18,
2037 2004 2090 2053 2.

1324 2067 1516 2120 Mucia
1547 2070 1630 2119 lex
1659 2078 1707 2119 et
1725 2069 1964 2123 Licinia.
2017 2073 2080 2121 V.
2113 2068 2344 2123 Licinia

1396 2138 1482 2187 lex
1509 2145 1560 2187 et
1575 2137 1783 2189 Mucia.

1324 2205 1536 2269 Mucia,
1575 2207 1685 2257 dies
1705 2207 1882 2267 festus,
1915 2224 2065 2271 quem
2086 2210 2270 2260 Asiani
2287 2211 2346 2260 in

1395 2276 1455 2336 Q.
1478 2275 1634 2326 Mucii
1651 2275 1945 2340 Scaevolae,
1968 2279 2056 2340 qui
2076 2279 2345 2329 abstinen-

1391 2353 1467 2394 ter
1497 2347 1812 2409 provinciam
1835 2353 2052 2409 rexerat,
2089 2346 2342 2399 honorem

1395 2415 1751 2480 instituerant,
1805 2416 1951 2465 Verr.
2001 2424 2227 2467 accusat.
2283 2421 2337 2477 2,

1392 2484 1478 2542 21,
1498 2482 1583 2534 51.

1292 2548 1543 2615 -Mucia,
1583 2551 1684 2612 QQ.
1710 2551 2026 2602 Metellorum
2063 2551 2256 2603 Celeris
2288 2562 2342 2604 et

1391 2620 1604 2685 Nepotis
1625 2634 1784 2685 soror,
1820 2619 1909 2672 Gn.
1930 2622 2162 2687 Pompeii
2181 2638 2338 2682 uxor,

1392 2693 1483 2752 qui
1517 2704 1632 2739 cum
1666 2704 1728 2739 ea
1765 2690 2037 2741 divortium
2075 2690 2229 2755 fecit,
2268 2693 2337 2741 ad

1391 2758 1514 2809 fam.
1528 2758 1581 2819 5,
1601 2757 1654 2819 2,
1671 2757 1725 2809 6.
1743 2783 1813 2796 -—
1833 2758 2120 2809 Divortium
2135 2760 2338 2811 Muciae

1390 2826 1718 2946 vehgmenter
1743 2827 2017 2892 probatur,
2053 2828 2123 2878 ad
2148 2828 2257 2877 Att.
2285 2830 2334 2889 1,

1393 2896 1476 2955 12,
1536 2931 1550 2946 .

1319 2960 1548 3015 Muciae
1558 2964 1764 3047 ambae,
1803 2964 1861 3024 Q.
1883 2964 2035 3015 Mucii
2055 2963 2335 3018 Scaevolae

1391 3035 1601 3098 auguris
1625 3034 1763 3084 filiae
1785 3048 1849 3083 ex
1865 3032 2042 3083 Laelia
2063 3033 2118 3088 C
2151 3034 2211 3088 F.
2237 3035 2334 3092 Ea-

1389 3116 1502 3169 rum
1524 3117 1687 3153 sermo
1705 3102 1932 3169 elegans,
1952 3102 2094 3152 Brut.
2111 3102 2198 3167 58,
2209 3104 2331 3155 211.

1321 3156 1564 3235 Mucius,
1587 3186 1771 3221 nomen
1790 3170 2015 3237 exempli
2037 3186 2192 3221 causa
2211 3186 2325 3237 pro·

1391 3240 1644 3305 positum,
1681 3241 1745 3290 de
1775 3242 1880 3290 inv.
1900 3242 1968 3300 2,
1986 3240 2048 3303 9,
2067 3240 2155 3291 28.

1325 3309 1393 3374 Q.
1423 3307 1648 3360 Mucius
1670 3307 1897 3361 Mancia
1927 3310 1978 3357 in
2010 3310 2334 3359 sermonibus

1392 3378 1665 3441 efficiebat,
1701 3386 1758 3427 ut
1775 3392 1909 3428 unus
1939 3378 2002 3427 de
2023 3377 2196 3427 multis
2217 3393 2334 3429 esse

1390 3446 1664 3512 videretur,
1695 3447 1756 3496 de
1777 3446 1861 3499 off.
1885 3446 1934 3506 1,
1956 3444 2040 3509 30,
2071 3446 2189 3499 109.
