2500 3850
635 236 706 282 M.
738 235 1032 282 TULLIUS
1059 237 1127 281 M.
1153 235 1213 282 r.
1240 237 1311 282 M.
1338 237 1401 281 x.
1431 236 1699 283 CICERO.
2117 222 2233 282 421

239 406 373 442 tuam
405 406 502 442 uon
536 390 757 451 censuit,
796 391 964 440 Cicero
1005 397 1170 438 autem

237 467 352 525 post
378 460 520 509 illum
560 473 766 523 rogatus
801 462 1028 508 oratione
1054 458 1170 507 Phi-

237 530 424 594 lippica
441 543 573 579 nona
592 530 776 585 suasit,
800 538 852 576 ut
872 536 1072 592 praeter
1090 543 1169 575 se-

239 599 399 662 pulcri
421 598 658 646 honorem
680 597 725 644 ei
739 605 902 646 statua
921 596 1168 660 pedestris

239 669 394 716 aenea
435 668 486 714 in
518 665 713 714 Rostris
746 673 1075 724 statueretur,
1116 665 1167 711 iu

237 749 447 797 eamque
479 735 774 782 sententiam
812 743 1014 781 senatus
1054 746 1170 781 con-

237 803 422 852 sultum
474 802 660 850 fac-tum
707 815 818 849 esse
873 801 1169 850 auctoritate

236 875 480 936 probatur
497 869 760 932 Pomponii
791 869 854 918 de
877 870 1072 933 origine
1090 869 1169 917 iu·-

235 943 324 998 Γῑε,
361 941 448 1001 qui
480 938 608 986 hanc
626 947 839 986 statuam
859 953 952 1002 pro
972 937 1170 986 Rostris

235 1008 457 1072 Augusti
485 1014 682 1056 exstare
705 1014 928 1056 testatur.
968 1033 1032 1042 —-
1071 1006 1169 1054 Po-

237 1085 344 1125 stea
365 1091 517 1138 quum
548 1075 611 1125 M.
637 1075 820 1125 Brutus
849 1091 940 1126 seu
960 1074 1017 1134 Q.
1043 1074 1171 1124 Cac-

235 1147 322 1208 pio
345 1144 610 1212 Brutusxde
629 1146 777 1194 rebus
797 1145 902 1192 suis
933 1145 981 1192 in
1003 1144 1167 1192 Mace-

237 1215 390 1262 donia
425 1213 584 1278 gestis
621 1213 685 1261 ad
717 1223 942 1262 senatum
976 1212 1168 1260 litteras

236 1282 436 1346 publice
459 1283 696 1342 misisset,
719 1283 883 1330 Pansa
901 1283 1069 1330 statim
1089 1296 1168 1329 se-

234 1359 356 1398 natu
375 1359 642 1399 convocato
667 1351 728 1399 de
757 1350 838 1399 his
859 1351 1039 1398 litteris
1068 1357 1167 1398 ret-

234 1419 379 1476 tulit,
423 1417 596 1468 Cicero
629 1419 849 1468 oratione
889 1417 1170 1482 Philippica

238 1488 435 1536 decima
453 1487 646 1534 censuit
669 1501 781 1535 eum
812 1494 860 1534 et
883 1485 939 1544 Q.
962 1485 1170 1534 Horten-

237 1559 368 1604 sium
391 1554 741 1618 proconsulem
759 1554 957 1618 publice
979 1554 1170 1604 collau-

237 1624 430 1673 dandos
459 1624 624 1685 iisque
664 1624 1038 1686 provinciarum
1076 1623 1168 1672 ad-

233 1693 652 1750 ministrationem
673 1706 733 1740 ac
767 1693 974 1741 tutelam
1019 1706 1168 1757 porro

237 1761 641 1810 committendam
661 1775 790 1812 esse.
809 1761 1002 1810 Deinde
1015 1775 1169 1822 quum

239 1828 292 1882 G.
328 1830 573 1879 Antonius
605 1828 924 1892 Apolloniam
961 1836 1169 1888 teneret,

237 1897 291 1949 G.
323 1898 602 1949 Trebonius
639 1913 805 1948 au¹em
837 1899 1012 1949 Asiam
1055 1911 1172 1964 pro-

237 1968 450 2017 vinciam
469 1968 796 2029 obtinuisset,
823 1968 876 2016 P.
905 1966 1171 2017 Dolabella

235 2040 284 2085 in
305 2036 498 2103 Syriam
517 2036 844 2102 proficiscens
866 2036 1170 2085 Trebonium

235 2108 492 2155 incautum
541 2104 786 2171 Smyrnae
827 2108 1080 2170 oppressit
1121 2112 1170 2154 et

238 2174 585 2223 crudelissime
618 2175 914 2223 verberibus
962 2190 1022 2224 ac
1065 2182 1168 2223 tor-

237 2244 418 2291 mentis
437 2241 706 2291 laceratum
727 2242 996 2293 interfecit.
1059 2241 1169 2301 Qua

235 2326 290 2359 re
311 2312 510 2375 cognita
529 2318 732 2361 senatus
745 2309 1057 2360 Dolabellam
1077 2311 1168 2360 ho·-

239 2387 364 2428 stem
385 2380 650 2439 iudicavit,
673 2387 720 2429 et
739 2394 893 2441 quum
914 2380 966 2427 in
993 2388 1170 2432 senatu

239 2456 472 2511 ageretur
482 2448 545 2498 de
557 2448 862 2513 imperatore
877 2448 1168 2513 deligendo,

238 2518 324 2578 qui
343 2516 653 2566 Dolabellam
685 2516 818 2567 bello
845 2531 1170 2581 persequere-

237 2596 334 2644 tur,
363 2584 536 2635 Cicero
557 2588 752 2635 censuit
771 2584 825 2635 G.
844 2586 1074 2637 Cassium
1093 2585 1170 2633 di-

239 2654 494 2718 ligendum
519 2669 652 2705 esse.
694 2655 852 2714 Quam
873 2655 1170 2703 sententiam

239 2722 530 2786 complexus
553 2730 628 2772 est
647 2724 872 2773 oratione
887 2722 1172 2789 Philippica

238 2792 520 2841 undecima.
582 2789 674 2840 Cui
705 2794 983 2841 sententiae
1016 2803 1171 2854 quum

235 2862 402 2910 Pansa
428 2860 602 2909 consul
623 2870 975 2926 repugnasset,
999 2862 1170 2911 Cicero

237 2929 513 2991 productus
547 2931 597 2978 in
623 2931 903 2980 contionem
923 2944 953 2980 a
972 2931 1172 2980 tribuno

237 2996 402 3061 plebis
412 2996 476 3050 M.
495 2997 710 3049 Servilio
731 3000 957 3049 eamdem
970 3012 1173 3049 causam

238 3067 376 3131 apud
409 3067 652 3131 populum
685 3084 879 3117 summo
912 3070 1020 3118 eius
1054 3083 1172 3117 con-

237 3150 389 3183 sensu
426 3138 557 3201 egit,
587 3138 723 3199 quod
762 3140 872 3201 ipse
894 3135 1070 3189 Cassio
1103 3138 1172 3185 si-

237 3203 474 3267 gnificat,
513 3206 578 3271 ad
616 3205 739 3254 fam.
781 3206 878 3267 12,
914 3209 976 3266 7,
1016 3206 1064 3256 l·
1103 3231 1172 3241 --

237 3272 413 3319 Paullo
425 3272 684 3338 postXl'V.
702 3275 811 3325 Kal.
827 3274 990 3340 April.
1017 3274 1171 3332 Quin-

239 3341 500 3401 quatribus
521 3349 724 3391 senatus
745 3342 981 3406 decrevit,
1011 3348 1064 3389 ut
1080 3340 1174 3389 Mi-

239 3423 422 3457 nervae
448 3410 670 3460 custodis
687 3414 829 3461 urbis
848 3410 1173 3463 simulacrum

243 3492 374 3525 auno
409 3479 667 3541 superiore
697 3480 916 3529 turbinis
946 3479 999 3527 vi
1036 3478 1172 3527 deie-

1312 398 1414 438 tum
1452 397 1501 440 et
1533 389 1748 441 fractum
1771 393 2141 450 restitueretur,
2180 391 2245 439 ad

1312 458 1429 507 fam.
1456 459 1537 518 12,
1560 459 1644 520 25,
1669 459 1715 508 1.
1742 486 1809 495 —
1845 459 2108 522 Quumque
2142 462 2245 508 Au-

1308 527 1432 575 tonii
1467 529 1618 576 amici
1639 530 1780 592 pacis
1816 543 1929 576 cum
1967 542 2029 576 eo
2068 529 2246 578 ineun-

1309 597 1403 644 dae
1426 598 1725 646 mentionem
1747 596 2011 656 fecissent,
2040 606 2247 646 senatus
2298 633 2303 636 -

1310 665 1503 728 legatos
1538 666 1603 714 ad
1634 681 1748 715 eum
1768 666 1993 714 decrevit
2012 665 2079 714 M.
2106 665 2245 715 Cice-

1310 746 1482 782 ronem
1520 743 1568 782 et
1605 735 1660 782 P.
1708 734 1995 784 Servilium.
2072 735 2245 796 Itaque

1312 801 1486 850 Cicero
1506 802 1556 850 in
1576 810 1755 852 senatu
1768 802 1947 853 habuit
1966 803 2246 852 orationem

1309 870 1647 934 Philippicam
1668 872 2020 921 duodecimam
2036 908 2049 932 ,
2073 872 2124 920 in
2146 886 2247 932 qua

1308 938 1440 987 hanc
1469 939 1776 1004 legationem
1802 949 1857 988 ut
1886 939 2114 988 inutilem
2143 940 2245 987 dis-

1312 1008 1503 1064 suadet,
1531 1024 1587 1058 se
1604 1010 1773 1072 ipsum
1797 1022 1915 1058 vero
1939 1010 2001 1056 ad
2022 1023 2132 1057 eam
2154 1007 2244 1056 ob·-

1310 1077 1524 1125 eundam
1580 1077 1818 1126 idoneum
1867 1091 1965 1125 nou
2005 1091 2119 1126 esse
2154 1077 2246 1125 de-

1311 1153 1570 1194 monstrat.
1646 1146 1774 1194 Tum
1820 1145 2027 1194 consule
2081 1145 2245 1194 Pansa

1308 1213 1375 1262 ad
1408 1213 1595 1263 bellum
1634 1214 1863 1278 profecto
1895 1214 1960 1265 M.
1998 1213 2243 1264 Aemilius

1308 1282 1531 1352 Lepidus
1559 1282 1737 1332 litteris
1758 1283 1825 1332 ad
1862 1291 2092 1332 senatum
2118 1283 2243 1330 mis-

1308 1350 1379 1398 sis
1416 1365 1531 1399 eum
1568 1351 1632 1400 ad
1668 1365 1843 1414 pacem
1881 1365 1992 1399 cum
2027 1351 2245 1398 Antonio

1309 1417 1590 1468 faciendam
1611 1419 1900 1468 cohortatus
1921 1427 2023 1476 est,
2062 1419 2245 1478 quibus

1251 1542 1257 1547 ,
1310 1488 1531 1536 recitatis
1568 1502 1722 1551 quum
1762 1487 1905 1535 multi
1942 1487 2029 1536 alii
2065 1501 2239 1550 pacem

1312 1555 1611 1618 suaderent,
1646 1555 1819 1605 Cicero
1850 1555 2145 1606 senteutiam
2166 1569 2244 1604 ro·

1307 1632 1455 1689 gatus
1490 1626 1765 1674 orationem
1790 1623 2123 1689 Philippicam
2158 1624 2243 1672 de..

1308 1695 1488 1741 cimam
1508 1695 1708 1742 tertiam
1736 1693 1941 1752 habuit,
1979 1707 2079 1755 qua
2098 1707 2245 1741 secus

1309 1763 1636 1811 sentientium
1665 1762 1945 1810 rationibus
1968 1760 2243 1810 constitutis

1310 1831 1516 1894 negavit
1554 1845 1733 1897 pacem
1769 1845 1884 1878 cum
1915 1829 1981 1879 M.
2020 1830 2245 1879 Antonio

1313 1899 1523 1961 eiusque
1544 1900 1699 1949 sociis
1719 1911 1833 1949 csse
1862 1912 2032 1963 posse.
2080 1895 2244 1947 Simul

1310 1968 1527 2031 epistola
1552 1970 1618 2017 ad
1634 1969 1885 2033 Lepidum
1920 1969 2133 2031 scripta,
2178 1967 2245 2015 ad

1306 2036 1427 2086 fam.
1439 2036 1632 2099 1027„
1646 2051 1847 2098 eum,ne
1860 2050 1915 2085 se
1931 2036 1981 2084 in
1996 2036 2143 2084 istam
2154 2050 2247 2098 pa·

1306 2104 1635 2155 ciflcationem
1654 2106 1956 2170 interponat,
1972 2104 2243 2167 diligenter

1306 2172 1551 2223 hortatur.
1603 2201 1675 2211 —-
1724 2174 1789 2222 A.
1829 2174 1879 2225 d.
1919 2172 2078 2223 XVII.
2125 2171 2219 2221 Kal

1307 2243 1467 2293 Maias
1508 2244 1756 2292 Antonius
1814 2242 1950 2305 apud
1994 2240 2239 2291 Mutinam

1308 2311 1522 2360 ducibus
1548 2312 1712 2362 Pansa
1751 2317 1799 2359 et
1835 2311 1993 2359 Hirtio
2020 2308 2246 2359 consuli-

1308 2379 1402 2429 bus
1440 2381 1631 2443 proelio
1666 2386 2058 2443 superatus'est.
2135 2376 2245 2435 Qua

1311 2450 1373 2497 de
1404 2450 1617 2498 victoria
1650 2448 1847 2495 nunciis
1886 2447 2095 2495 Romam
2128 2460 2243 2509 per-

1312 2516 1426 2565 latis
1447 2516 1621 2565 Cicero
1653 2515 1787 2582 prid.
1816 2514 2024 2564 Vinalia
2042 2512 2107 2562 X.
2128 2513 2241 2562 Kal.

1312 2585 1431 2636 Mai.
1472 2584 1651 2634 habuit
1678 2584 1958 2633 orationem
1992 2582 2245 2647 Philippi-

1312 2668 1421 2702 cam
1466 2654 1713 2703 decimam
1747 2660 2008 2715 quartam,
2052 2654 2103 2700 in
2142 2666 2243 2713 qua

1310 2724 1461 2771 trium
1522 2723 1881 2786 imperatorum
1936 2722 2129 2770 Pansae
2192 2726 2243 2767 et

1307 2791 1455 2840 Hirtii
1494 2799 1543 2841 et
1566 2786 1813 2841 'Caesaris
1848 2789 2111 2840 Octaviani
2150 2803 2249 2837 no-

1311 2862 1446 2909 mine
1515 2860 1935 2926 supplicationem
1995 2860 2237 2921 quinqua·

1313 2930 1453 2996 ginta
1471 2930 1665 2979 dierum
1697 2927 1935 2987 decrevit,
1968 2927 2247 2975 Antonium.

1313 3000 1498 3061 quique
1528 3013 1642 3047 cum
1675 3013 1733 3047 eo
1765 3003 1934 3045 essent
1956 2994 2128 3043 hostes
2162 2993 2243 3040 iu-

1313 3067 1575 3129 dicandos,
1592 3066 1801 3127 milites,
1818 3064 1902 3126 qui
1923 3076 2015 3127 pro
2031 3078 2085 3111 re
2099 3061 2237 3125 publ.

1316 3136 1592 3185 interierint
1611 3172 1626 3198 ,
1694 3142 2018 3182 monumento
2090 3142 2239 3191 quam

1312 3203 1629 3268 amplissimo
1649 3200 2070 3257 cohonestandos,
2086 3212 2239 3259 quae-

1314 3287 1411 3334 que
1443 3273 1511 3319 'iis
1546 3272 1773 3335 praemia
1822 3282 2026 3319 senatus
2066 3268 2239 3316 decre-

1309 3348 1467 3401 verat,
1492 3355 1550 3388 ea
1569 3340 1881 3405 parentibus,
1907 3337 2099 3397 liberiS,
2121 3349 2245 3383 con·

1312 3408 1545 3472 iugibuS,
1586 3408 1825 3457 fratribus
1848 3420 2017 3457 eorum
2048 3403 2243 3469 persol-

1314 3476 1478 3527 venda
1507 3476 1716 3527 censuit.
1770 3476 1844 3525 De
1862 3475 2068 3525 victoria
2088 3472 2211 3522 Muti
