2500 3850
275 162 400 223 420

345 344 440 391 que
459 327 790 391 Philippieam
817 334 1043 389 quautam
1058 364 1072 388 ‚
1104 328 1153 376 in
1176 342 1276 390 qua

343 398 553 461 quaein
607 404 784 445 senatu
829 404 938 445 aeta
981 404 1150 445 essent
1185 410 1275 445 ex-

341 467 545 530 posuit,
589 464 841 527 simulque
868 464 1115 529 populum
1146 464 1275 513 bene

345 536 406 585 de
423 533 626 597 republ.
645 547 853 599 sperare
871 534 1039 592 iussit,
1057 548 1274 595 eumque

342 604 406 652 ad
433 603 655 654 studium
682 602 1054 667 recuperandae
1071 600 1275 652 liberta·

339 674 406 721 tis
426 674 680 722 excitavit.

409 741 472 790 A.
502 757 554 793 u.
585 757 631 789 c.
666 741 786 791 711.
823 747 923 791 aet.
954 738 1136 787 LXIV.
1178 738 1277 785 Ka-

341 809 504 859 lendis
537 810 786 859 Ianuariis
821 808 1055 857 cousules
1082 808 1277 855 Hirtius

341 887 389 927 et
443 879 636 937 Pansa,
691 878 952 927 obsidente
1010 876 1273 935 Mutinam,

343 962 496 1009 quam
514 946 573 995 D.
591 947 772 995 Brutus
791 947 1010 1002 tenebat,
1032 945 1272 1002 Antonio,

342 1017 408 1065 ad
461 1024 690 1064 senatum
747 1015 811 1063 de
865 1014 962 1063 hae
1007 1014 1273 1063 obsidione

343 1085 648 1144 omninoque
687 1084 752 1132 de
782 1090 886 1132 tota
925 1097 978 1129 re
1006 1081 1150 1146 publ.
1173 1090 1271 1129 ret-

339 1152 577 1203 tulerunt.
655 1152 711 1199 Et
748 1165 900 1212 quum
941 1151 1002 1208 ia,
1046 1151 1131 1211 qui
1169 1151 1273 1213 pri-

340 1235 454 1269 mus
513 1220 811 1269 sententiam
864 1227 1070 1283 rogatus
1122 1225 1271 1279 esset,

341 1288 610 1339 mittendos
647 1290 714 1339 ad
759 1288 1031 1339 Antonium
1078 1286 1275 1351 legatos

341 1359 640 1421 censuisset,
681 1358 770 1421 qui
803 1364 1014 1421 agerent
1038 1370 1152 1405 cum
1191 1370 1272 1416 eo,

339 1435 394 1477 ut
417 1442 447 1476 a
467 1427 688 1476 Mutinae
712 1426 977 1476 obsidione
989 1425 1273 1482 desisteret,

344 1495 534 1559 Cicer0,
569 1496 866 1545 sententiam
885 1499 1122 1560 rogatus,
1159 1492 1277 1543 Phi·

340 1562 530 1628 lippica
548 1566 720 1626 quinta
734 1600 749 1623 ‚
779 1572 924 1628 turpe
943 1572 992 1611 et
1009 1563 1277 1625 indignum

341 1640 542 1681 senatus
573 1634 864 1683 auctoritate
903 1640 950 1681 et
977 1631 1156 1696 populi
1174 1630 1279 1679 Ro·

342 1703 478 1750 mani
505 1702 768 1750 maiestate
801 1715 913 1751 esse
942 1701 1170 1761 censuit,
1208 1699 1277 1747 ad

339 1785 456 1819 eum
484 1769 678 1834 legatos
710 1770 773 1820 de
795 1785 918 1835 pace
947 1770 1170 1829 mittere,
1211 1767 1276 1816 de

341 1854 442 1900 quo
463 1848 576 1887 ante
597 1852 783 1902 paucos
805 1840 914 1888 dies
937 1848 1192 1899 tamquam
1212 1836 1275 1885 de

339 1906 484 1957 hoste
521 1908 826 1972 gravissima
865 1916 915 1956 et
949 1906 1275 1956 severissima

343 1978 529 2027 iudicia
565 1985 769 2026 senatus
809 1977 1031 2028 fecisset.
1104 1977 1279 2036 Itaque

345 2046 478 2095 idem
531 2047 725 2094 censuit
768 2046 1038 2095 Antonium
1079 2044 1276 2094 hostem

339 2115 694 2174 iudicandum,
727 2129 840 2162 oum
871 2130 930 2164 eo
952 2113 1084 2163 bello
1106 2114 1279 2162 decer·

339 2183 574 2244 tandum,
628 2182 688 2230 D.
731 2181 912 2241 Bruto,
955 2183 1020 2230 M.
1060 2181 1275 2246 Lepido,

341 2249 540 2300 Caesari
562 2247 856 2314 octaviane,
891 2251 950 2302 L.
972 2249 1275 2314 Egnatuleio

339 2318 558 2370 honoros
585 2317 864 2378 habendos,
888 2315 1130 2368 militibus
1151 2318 1277 2366 bene

339 2389 402 2438 de
436 2403 490 2438 re
522 2388 664 2453 publ.
699 2389 894 2438 meritis
925 2387 1149 2454 praemia
1189 2387 1276 2436 de-

341 2457 610 2508 cernenda.
677 2456 891 2508 Senatus
912 2474 971 2508 eo
999 2457 1082 2506 die
1105 2453 1274 2504 Salvio

339 2527 540 2575 tribuno
576 2527 740 2591 plebis
778 2527 1116 2576 intercedente
1143 2523 1275 2574 nihil

342 2595 596 2658 decrevit,
625 2595 792 2644 triduo
815 2604 930 2660 post
949 2607 1116 2646 autem
1137 2593 1271 2658 prid.

339 2663 471 2716 Non.
508 2665 613 2712 Ian.
651 2664 844 2728 legatos
862 2665 1134 2712 mittend1s
1156 2677 1273 2711 ceu-

339 2731 472 2792 suit,
514 2733 834 2792 quiAutonio
855 2733 1178 2791 nunciarent,
1210 2743 1275 2777 ne

340 2799 400 2850 D.
423 2797 631 2846 Brutum
663 2813 766 2846 cos.
800 2800 908 2851 des.
939 2807 1271 2864 oppugnaret,

340 2881 402 2916 ne
425 2865 666 2914 Mutinam
691 2867 963 2930 obsideret,
984 2882 1047 2916 ne
1065 2867 1274 2931 provin-

340 2937 468 2985 ciam
505 2933 930 3000 depopularetur,
972 2951 1035 2985 ne
1056 2934 1273 2986 dilectus

337 3005 546 3055 haberet
584 3013 817 3066 essetque
849 3006 900 3054 in
946 3013 1152 3056 senatus
1179 3018 1273 3069 po-

338 3075 544 3139 pulique
581 3075 794 3123 Romani
840 3082 1105 3140 potestate.
1177 3072 1273 3122 Le-

337 3145 446 3208 gati
464 3143 530 3193 ad
548 3144 824 3193 Antonium
855 3145 997 3194 missi
1025 3149 1142 3195 sunt
1161 3140 1271 3191 Ser.

341 3210 600 3277 Sulpicius
627 3220 676 3260 et
695 3212 754 3263 L.
774 3214 892 3263 Piso
917 3222 967 3263 et
997 3214 1056 3266 L.
1077 3211 1273 3275 Philip-

337 3296 452 3344 puS.
524 3279 713 3330 Eodem
749 3283 832 3331 die
878 3282 1052 3332 Cicero
1083 3281 1273 3346 produ-

339 3356 447 3398 ctus
473 3364 504 3398 a
533 3347 588 3398 P.
625 3350 844 3414 Apuleio
879 3352 1077 3402 tribuno
1107 3349 1273 3414 plebis

345 3416 396 3464 in
437 3418 666 3466 contione
703 3421 938 3484 exposuit
970 3433 1100 3481 quae
1119 3418 1182 3466 de
1200 3417 1274 3465 le—

765 173 838 219 M.
863 172 1157 219 TULLIUS
1186 173 1259 219 M.
1286 172 1347 219 F.
1374 174 1445 219 M.
1470 174 1537 219 N.
1564 172 1837 221 CICERO.

1414 329 1619 391 gatione
1646 328 1711 377 ad
1734 329 2007 377 Antonium
2041 326 2251 375 decreta
2283 340 2355 374 es-

1416 410 1522 447 sent
1545 433 1559 454 ‚
1595 395 1934 445 simulantem
1969 393 2225 458 praedixit
2256 394 2359 443 fru-

1416 474 1519 513 stra
1544 466 1699 515 ituros
1735 479 1849 515 esse
1879 463 2093 529 legatos,
2124 476 2227 511 neo
2255 462 2358 510 An-

1414 535 1607 582 tonium
1642 534 1693 583 in
1715 541 1919 583 senatus
1951 530 2235 596 populique
2258 531 2361 579 Ro-

1416 603 1548 650 mani
1574 610 1821 665 potestate
1840 602 2084 652 futurum.
2157 599 2265 648 Hoc
2288 612 2359 647 est

1414 680 1769 735 argumentum
1784 669 2026 719 orationis
2040 667 2362 732 Philippicae

1416 750 1609 794 sextae,
1638 739 1707 792 οἳ.
1732 740 1797 789 ad
1816 738 1938 788 fam.
1964 737 2047 796 12,
2069 739 2154 798 24,
2188 738 2243 789 2.
2281 738 2358 785 lb.

1421 808 1514 867 12,
1554 807 1645 867 11,
1683 808 1733 858 8.
1774 834 1839 843 —
1877 808 1933 856 In
1961 806 2219 871 legatione
2244 804 2356 853 Ser.

1416 873 1679 939 Sulpicius
1733 884 1942 927 mortem
1984 874 2126 923 obiit.
2195 874 2358 922 ›Ante-

1415 960 1563 1007 quam
1586 946 1772 994 caeteri
1791 945 1945 1010 legati
1966 950 2355 995 reverterentur,

1416 1014 1590 1061 Cicero
1611 1013 1787 1063 habuit
1807 1014 1857 1061 in
1878 1019 2055 1063 senatu
2078 1012 2357 1061 orationem

1414 1080 1747 1146 Philippicam
1786 1084 2081 1146 septimam,
2123 1096 2224 1141 qua
2272 1094 2357 1143 pa-

1414 1165 1523 1198 cem
1568 1150 1729 1199 tribus
1769 1151 1833 1201 de
1882 1149 2049 1199 causis
2094 1148 2353 1202 dissuasit,

1414 1220 1631 1282 primum
1656 1220 1777 1281 quia
1799 1220 1961 1284 turpis
1986 1224 2138 1277 esset,
2174 1217 2355 1267 deinde

1414 1288 1533 1349 quia
1590 1288 1878 1351 periculosa
1899 1324 1913 1347 ‚
1970 1286 2190 1347 denique
2236 1288 2357 1347 quia

1414 1370 1528 1405 esse
1559 1371 1659 1405 non
1681 1364 1872 1421 posset.
1945 1356 2065 1405 Piso
2096 1365 2145 1405 et
2162 1354 2357 1417 Philip-

1414 1439 1513 1489 pus
1543 1425 1753 1475 Romam
1783 1426 1973 1475 reversi
2008 1438 2163 1484 quum
2198 1426 2355 1471 Anto-

1415 1496 1531 1542 nius
1552 1494 1681 1542 nulli
1700 1508 1871 1543 earum
1890 1507 2061 1543 rerum
2078 1528 2093 1556 ‚
2128 1506 2257 1554 quas
2277 1506 2355 1539 se—

1418 1568 1566 1611 natus
1605 1564 1655 1611 ei
1698 1562 2078 1611 denunciandas
2118 1562 2355 1609 mandas-

1416 1638 1517 1684 set.
1549 1631 1833 1695 paruisset,
1866 1631 1995 1681 ultro
2019 1629 2356 1679 intolerabilia

1416 1700 1525 1748 eius
1580 1700 1837 1764 postulata
1889 1697 2223 1760 rettulerunt,
2292 1698 2355 1747 ad

1414 1767 1536 1816 fam.
1572 1770 1649 1820 12,
1684 1770 1735 1829 4,
1769 1768 1816 1817 1.
1847 1794 1919 1805 —-·
1948 1768 2076 1818 Tum
2112 1782 2143 1817 a
2178 1775 2355 1816 senatu

1414 1837 1657 1885 turnultus
1678 1846 1753 1885 est
1770 1837 2003 1885 decretus
2018 1874 2030 1894 ,
2056 1852 2209 1899 quum
2236 1837 2351 1885 belli

1412 1919 1595 1955 nomen
1644 1907 1689 1954 ei
1747 1905 1885 1955 haud
1929 1894 2221 1970 placuisset.
2298 1906 2349 1953 Id

1416 1973 1587 2024 Cicero
1631 1977 1855 2040 graviter
1884 1974 2209 2038 reprehendit
2239 1973 2351 2022 Phi-

1418 2043 1485 2106 lif
1495 2045 1609 2106 pica
1644 2051 1852 2104 octava,
1880 2043 2032 2092 simul
2064 2046 2115 2090 iu
2158 2041 2349 2092 Fufium

1412 2110 1659 2162 Calenum
1683 2113 1905 2162 Antonio
1922 2111 2176 2162 faventem
2198 2117 2247 2160 et
2265 2125 2349 2174 pa-

1417 2195 1525 2230 cem
1548 2182 1903 2231 commendare
1921 2182 2161 2232 nitentem
2176 2216 2191 2242 ‚
2212 2180 2348 2228 item-

1417 2251 1586 2312 quein
1608 2264 1723 2312 eos,
1763 2251 1848 2312 qui
1879 2249 2153 2299 mittendos
2173 2249 2348 2297 iterum

1418 2319 1485 2366 ad
1504 2320 1776 2368 Antonium
1808 2318 2005 2383 legatos
2037 2324 2345 2375 censuerant,

1416 2389 1645 2436 invectus
1676 2395 1782 2449 est,
1826 2385 2060 2436 Pisonem
2084 2400 2285 2449 quoque
2304 2393 2349 2433 et

1415 2455 1705 2520 Philippum
1719 2455 2201 2519 reprehendit‚quod
2217 2469 2349 2503 man-

1416 2526 1533 2574 data
1546 2526 1749 2574 Antonii
1774 2535 2025 2586 tamquam
2048 2525 2159 2572 eius
2180 2523 2349 2586 legati,

1414 2607 1515 2642 non
1548 2601 1804 2655 tamquam
1841 2595 1997 2656 legati
2020 2608 2050 2640 a
2082 2599 2260 2641 senatu
2285 2595 2348 2638 ad

1414 2677 1529 2712 eum
1564 2663 1742 2722 missi,
1785 2661 2086 2725 perferenda
2130 2660 2349 2722 recepis-

1415 2739 1545 2780 sent.
1582 2729 1851 2780 Referente
1870 2738 2037 2780 autem
2052 2729 2216 2778 Pansa
2236 2743 2347 2777 cou-

1412 2799 1521 2848 sule
1547 2799 1611 2848 de
1638 2795 1831 2850 honore
1850 2797 1958 2851 Ser.
1981 2797 2228 2862 Sulpicii,
2266 2799 2346 2858 qui

1414 2869 1466 2915 in
1492 2867 1745 2932 legatione
1766 2869 1833 2918 ad
1852 2869 2129 2917 Antonium
2150 2903 2163 2925 ,
2201 2880 2343 2928 quam

1411 2936 1701 2985 valetudiue
1728 2938 1954 3000 graviter
1987 2929 2220 2986 adfectus
2238 2948 2345 2982 sus-

1412 3014 1633 3067 ceperat,
1649 3020 1801 3067 quum
1818 3006 1918 3054 iam
1940 3005 2005 3054 ad
2024 3016 2344 3067 congressum

1348 3071 1351 3074 ’
1412 3071 1821 3136 colloquiumque
1866 3073 1977 3124 eius
2019 3071 2343 3138 pervenisset,

1412 3142 1479 3191 ad
1502 3157 1652 3204 quem
1672 3151 1777 3191 erat
1798 3143 2004 3202 missus,
2026 3143 2077 3190 in
2098 3143 2214 3205 ipsa
2232 3153 2346 3188 cura

1413 3219 1462 3259 et
1484 3211 1809 3260 meditatione
1833 3211 2049 3260 obeundi
2070 3211 2153 3258 sui
2177 3223 2345 3258 mune-

1412 3282 1483 3328 ris
1512 3290 1719 3328 mortcm
1756 3281 1979 3344 obierat,
2009 3279 2065 3328 P.
2103 3277 2344 3328 Servilius

1412 3349 1709 3398 sententiam
1740 3356 1951 3414 rogatus
1980 3347 2343 3398 decernendum

1414 3417 1460 3466 ei
1486 3415 1689 3480 publice
1708 3417 1998 3482 sepulcrum
2019 3416 2231 3477 censuit,
2246 3424 2344 3464 sta·
