2500 3850
936 187 997 238 c,
1030 188 1262 238 mnus
1293 188 1580 238 CAESAR.
2175 178 2288 240 191

253 347 406 407 709.,
440 345 507 395 ad
528 348 635 396 Att.
663 345 758 406 12,
786 345 883 410 40,
912 345 963 394 1.
1000 372 1069 382 —
1098 345 1214 394 Hir-

252 417 317 465 tii
356 415 580 480 epistola
623 413 853 464 Ciceroni
892 415 1040 476 quasi
1071 408 1212 478 πρό-

257 484 493 548 πλασμα
516 484 720 534 videtur
750 483 859 532 eius
878 485 1211 548 vituperatio-

258 556 342 604 nis
358 591 373 618 ,
409 554 568 616 quam‘
584 554 773 604 Caesar
804 553 1010 618 scripsit
1032 555 1093 603 de
1117 551 1209 602 Ca-

256 633 398 683 tone,
418 625 497 674 Ib.
536 623 619 685 12,
640 623 726 683 21,
762 623 815 674 4.
839 649 905 658 -—-
937 619 1207 672 Caesarem
1250 679 1256 686 „

212 709 221 714 ·
260 685 519 742 σύννοιαν
551 692 763 751 Quirino
799 691 991 740 mavult
1028 691 1205 742 Cicero

257 777 415 825 quam
441 761 623 824 Saluti,
652 761 728 811 lb.
745 759 827 824 12,
848 761 935 822 45,
960 759 1007 810 3.
1040 761 1103 811 cl.
1128 762 1201 814 ib.

258 830 345 890 13,
374 831 461 890 28,
481 830 533 884 3.
557 855 623 866 -
656 831 753 880 Per
785 829 1001 880 ironiam
1021 829 1205 880 Caesa·

259 915 371 949 rem
390 901 739 966 propinquum
754 899 875 948 dicit
896 899 1205 948 Pseudoma·

260 971 327 1019 rii
352 985 400 1018 a.
422 986 475 1019 u.
502 985 547 1019 c.
571 968 713 1032 709.,
744 969 819 1016 11).
849 967 931 1029 12,
955 969 1042 1032 49,
1070 969 1117 1018 l.
1144 993 1201 1005 —

261 1040 526 1090 Ciceronis
568 1037 786 1101 epistola
824 1038 890 1086 ad
935 1037 1206 1088 Caesarem

258 1109 449 1170 missa,
489 1107 563 1157 lb.
590 1107 681 1167 12,
700 1106 794 1168 51,
820 1109 871 1157 2.
902 1133 971 1142 ——
1000 1107 1205 1158 Caesari

258 1184 453 1227 eertum
488 1183 596 1225 erat
626 1175 818 1225 Romae
836 1190 1115 1226 remanere
1152 1191 1200 1228 a.

255 1263 310 1299 n.
348 1262 393 1298 c.
426 1244 579 1308 709.,
616 1259 681 1294 ne
717 1259 773 1294 se
810 1246 1017 1295 absente
1060 1247 1203 1311 leges

256 1329 385 1366 suae
432 1313 842 1380 negligerentur,
898 1315 1030 1363 sicut
1067 1322 1203 1365 esset

254 1382 499 1450 neglecta
524 1384 858 1447 sumptuaria,
881 1384 954 1433 Ib.
972 1383 1055 1443 13,
1076 1387 1126 1448 7,
1151 1384 1197 1438 1.

256 1480 327 1490 —-
347 1455 533 1503 Brutus
552 1467 647 1517 per
668 1453 861 1502 litteras
882 1450 1201 1518 purgatCae·

255 1537 427 1572 sarem
462 1522 529 1571 de
556 1523 761 1570 interitu
792 1521 857 1570 Μ.
892 1521 1119 1572 Marcelli
1148 1529 1209 1577 a.'

254 1606 368 1645 u.c.
384 1589 525 1652 709.,
554 1591 625 1640 11).
642 1590 724 1650 13,
747 1590 831 1651 10,
854 1589 903 1640 3.
926 1617 995 1626 —
1015 1592 1201 1643 ACae-

254 1676 376 1712 sare
414 1661 606 1709 litteras
640 1661 834 1724 accepit
866 1658 1041 1709 Cicero
1078 1677 1200 1710 con-

255 1729 561 1791 solatoriaS,
599 1729 745 1779 datas
777 1729 913 1794 prid.
936 1729 1049 1782 Kal.
1078 1729 1197 1778 Mai.

256 1815 305 1853 a.
343 1815 396 1848 u.
430 1815 475 1852 c.
515 1797 652 1859 709.,
695 1799 768 1848 11).
800 1796 893 1858 13,
918 1798 1003 1858 20,
1048 1800 1096 1850 l.
1134 1825 1201 1834 -—

256 1870 333 1920 De
374 1868 634 1918 Ciceronis
664 1866 882 1933 epistola
918 1869 985 1916 ad
1014 1869 1199 1918 Caesa-

255 1956 364 1990 rem
386 1938 449 1989 de
469 1938 700 1989 Parthico
721 1938 853 1987 bello
878 1938 1083 2003 scripta,
1120 1940 1193 1988 lb.

256 2009 340 2071 13,
372 2009 458 2068 27,
494 2009 538 2059 1.
598 2008 660 2058 cl.
682 2009 751 2056 ib.
779 2005 871 2067 13,
892 2008 989 2070 28,
1018 2008 1067 2060 3.
1127 2010 1197 2057 11).

254 2078 341 2140 13,
364 2077 450 2138 31,
470 2076 519 2127 3.
556 2104 625 2114 -
663 2077 737 2125 De
766 2076 1197 2127 aedificationibus

254 2147 513 2204 CaesariS,
548 2146 611 2195 de
638 2146 825 2207 quibus
856 2148 1113 2211 cogitabat
1148 2161 1194 2195 a.

253 2233 307 2265 u.
332 2233 379 2265 c.
404 2213 548 2276 709.,
585 2215 662 2264 lb.
687 2215 768 2275 13,
792 2215 875 2275 33,
900 2218 951 2266 4.
1004 2216 1079 2265 11).
1112 2214 1195 2277 13,

250 2284 338 2343 35,
365 2286 415 2335 1.
438 2311 509 2321 —·
532 2284 662 2343 Quid
683 2286 744 2334 de
764 2301 824 2334 eo
844 2286 1050 2334 nunciet
1070 2284 1195 2333 Bru-

250 2363 366 2417 tuS,
414 2354 487 2403 Ib.
544 2352 639 2413 13,
680 2354 773 2415 40,
834 2356 880 2404 1.
930 2382 997 2390 -
1063 2352 1195 2411 Quid

252 2423 557 2473 iudicaverit
596 2422 779 2473 Caesar
829 2423 892 2471 de
938 2423 1195 2471 Ciceronis

251 2494 479 2554 itemque
500 2492 563 2541 de
584 2492 723 2541 Bruti
748 2492 937 2541 Catone
955 2530 967 2553 ‚
1010 2494 1082 2545 lb.
1112 2492 1193 2554 13,

249 2562 349 2623 46,
391 2562 439 2611 1.
486 2588 556 2599 —-
601 2560 829 2610 Caesaris
864 2561 979 2610 libri
1022 2568 1195 2611 contra

252 2630 496 2681 Catonem
512 2630 634 2679 lecti
661 2646 691 2680 a
713 2630 957 2680 Cicerone
976 2638 1024 2679 et
1040 2630 1195 2678 velie-

251 2707 449 2749 menter
467 2700 686 2766 probati‚
725 2700 797 2749 Ib.
826 2698 909 2761 13,
935 2699 1021 2763 50,
1050 2698 1095 2747 1.
1122 2698 1189 2746 cl.

248 2770 324 2817 Ib.
352 2769 435 2830 13,
468 2769 552 2829 51,
579 2768 627 2818 1.
664 2796 731 2805 —-
769 2767 1120 2818 Saturnalibus
1141 2784 1187 2820 a.

252 2853 306 2887 u.
330 2854 375 2887 c.
408 2836 528 2888 709.
602 2838 819 2887 devertit
845 2838 985 2902 apud
1002 2837 1191 2901 Philip-

248 2922 373 2971 pum
396 2914 444 2955 et
458 2904 751 2955 Ciceronem
776 2906 1193 2956 cumhominibus

250 2975 367 3029 Clo.
394 2975 516 3027 clo.
541 2984 656 3036 etc„
681 2977 755 3028 lb.
783 2975 864 3036 13,
900 2976 995 3039 52,
1022 2976 1045 3025 1
1072 2985 1120 3025 et
1142 2978 1191 3025 2.

246 3070 315 3079 --
353 3045 585 3093 Caesaris
622 3046 813 3095 dictum
844 3046 906 3093 de
926 3045 991 3093 M.
1016 3045 1189 3108 Brut0,

244 3113 319 3161 lb.
346 3114 439 3174 14,
476 3114 523 3176 1,
552 3114 603 3166 2.
630 3141 695 3149 -
736 3116 933 3163 Dictum
966 3115 1028 3163 de
1048 3113 1192 3164 Cice-

246 3196 387 3245 rone,
411 3183 489 3235 11).
515 3182 595 3247 14,
627 3186 675 3246 2,
704 3182 753 3233 3.
790 3210 855 3217 —
888 3183 963 3231 De
994 3196 1193 3233 summa

249 3250 483 3300 Caesaris
511 3266 636 3316 erga
656 3267 712 3301 se
734 3251 1044 3301 humanitate
1064 3267 1111 3301 a.
1132 3269 1185 3305 u.

248 3336 290 3367 c.
322 3320 445 3372 709.
485 3322 667 3369 scribit
686 3319 877 3382 Cicero,
899 3321 966 3369 ad
987 3320 1110 3370 fam.
1137 3323 1186 3381 4,

248 3388 347 3439 13.
410 3391 460 3437 2.
504 3414 573 3425 —-
612 3390 689 3439 De
728 3389 941 3439 Caesare
980 3392 1190 3451 eiusque

244 3458 371 3521 actis
404 3468 518 3523 post
554 3459 815 3509 victoriam
850 3459 1084 3519 civilem,
1124 3458 1190 3525 ad

1355 345 1482 395 fam.
1505 345 1558 406 6,
1593 345 1747 398 5-8.
1769 373 1836 384 -
1855 347 1928 398 De
1949 347 2164 398 Caesare
2189 362 2292 398 non

1355 415 1520 464 alieno
1569 429 1599 464 a
1637 414 1906 478 Cicerone,
1953 433 2000 468 a.
2047 433 2098 470 u.
2143 415 2290 483 709.,

1352 485 1419 533 ad
1439 484 1559 533 fam.
1581 483 1633 545 6,
1675 485 1757 550 10,
1789 486 1840 536 2.
1869 511 1939 522 -·
1978 487 2103 536 Eius
2143 485 2291 536 fami-

1350 553 1502 602 liares
1521 555 1786 619 praecipui
1805 556 1940 606 circa
1959 571 2006 606 a.
2023 571 2073 606 u.
2095 572 2140 604 c.
2165 555 2286 606 709.

1348 623 1533 686 Pansa,
1571 621 1777 686 Hirtius,
1815 624 2032 686 Balbus,
2073 623 2287 689 Oppius,

1347 691 1552 755 Matina,
1587 692 1902 758 Postumius,
1943 693 2148 744 Cimber
2180 691 2289 742 Til-

1352 760 1482 824 liuS,
1518 763 1592 811 lb.
1616 761 1666 826 6,
1707 762 1791 822 12,
1819 766 1870 815 2.
1910 789 1977 800 -
2015 763 2289 812 Africanae

1349 845 1534 880 causae
1567 832 1744 882 iratior
1777 833 1966 882 diutius
1998 833 2124 883 velle
2143 832 2290 882 vide-

1347 906 1431 947 tur
1460 916 1550 950 eos
1587 900 1778 951 habere
1811 902 2088 967 sollicitos,
2122 917 2152 950 a
2174 901 2287 964 qui-

1349 969 1445 1018 bus
1476 983 1532 1018 se
1563 977 1706 1034 putat
1738 971 2142 1023 diuturnioribus
2175 985 2286 1020 esse

1345 1039 1595 1088 molestiis
1612 1039 1983 1101 conflictatum,
2016 1042 2091 1091 Ib.
2114 1040 2176 1104 6,
2201 1039 2282 1102 13,

1347 1107 1398 1160 3.
1421 1135 1490 1147 ·—-
1506 1107 1630 1156 Eius
1651 1111 1812 1159 oratio
1843 1110 2012 1160 mollis
2035 1119 2082 1161 et
2102 1111 2286 1158 libera—

1345 1176 1412 1225 lis
1431 1176 1496 1226 de
1519 1176 1576 1235 Q.
1597 1177 1826 1244 Ligario.
1867 1181 1940 1230 lb.
1963 1180 2014 1244 6,
2041 1178 2123 1240 13,
2146 1180 2195 1230 2.
2218 1205 2284 1214 —-

1347 1245 1535 1295 Caesar
1569 1247 1862 1298 Deiotarum
1911 1249 2186 1298 tetrarchia
2235 1254 2285 1296 et

1344 1329 1504 1380 regno
1533 1315 1794 1380 multavit,
1835 1318 1901 1366 de
1922 1318 2079 1366 divin.
2108 1317 2167 1378 1,
2202 1315 2284 1375 15,

1344 1385 1431 1435 27.
1474 1384 1544 1432 ib.
1559 1385 1610 1446 2,
1632 1385 1716 1442 37,
1736 1383 1822 1435 79.
1843 1414 1912 1426 —·
1933 1385 2108 1435 Cicero
2133 1385 2284 1433 Deio-

1341 1460 1508 1501 tarum
1539 1467 1716 1517 regem
1757 1455 1898 1518 apud
1927 1452 1982 1506 C.
2017 1452 2284 1502 Caesarem

1345 1521 1600 1585 defendit,
1639 1536 1733 1586 pro
1753 1521 1988 1572 Deiotaro
2018 1522 2076 1586 l,
2120 1523 2144 1572 1
2168 1521 2304 1584 sqq.'

1343 1617 1412 1629 —
1447 1590 1714 1640 Caesarem
1743 1599 2002 1640 exoratum
2035 1606 2064 1639 a
2104 1598 2284 1640 senatu

1343 1661 1408 1708 M.
1433 1659 1670 1710 Marcello
1709 1661 1927 1711 reditum
1966 1661 2283 1711 concessisse

1341 1737 1592 1790 narratur,
1615 1732 1682 1780 ad
1701 1730 1823 1780 fam.
1845 1733 1895 1794 4,
1916 1734 1969 1792 4,
1991 1729 2025 1782 3
2047 1747 2156 1793 sqq.
2211 1729 2278 1782 cf.

1342 1799 1412 1850 ib.
1434 1800 1498 1858 4,
1532 1802 1560 1848 7
1585 1813 1696 1862 sqq.
1775 1799 1948 1851 Cicero
1971 1801 2034 1850 de
2051 1801 2121 1853 M.
2149 1799 2281 1848 Mar-

1343 1867 1471 1917 cello
1494 1867 1700 1918 Caesari
1719 1871 1910 1937 gratias
1935 1871 2060 1936 agit,
2099 1883 2189 1935 pro
2212 1869 2278 1920 M.

1341 1938 1578 1988 Marcello
1600 1940 1646 1999 1,
1673 1940 1700 1989 1
1723 1956 1835 2003 sqq.
1863 1940 2126 1990 —Caesar
2147 1940 2279 2003 ipse,

1341 2010 1429 2069 qui
1447 2006 1856 2059 Massiliensibus
1877 2009 2042 2059 fuerat
2062 2008 2281 2057 iratissi-

1339 2090 1474 2135 mUS‚
1511 2084 1680 2126 tamen
1718 2087 1927 2143 propter
1965 2078 2280 2143 singularem

1339 2148 1449 2195 eius
1469 2148 1688 2195 civitatis
1721 2150 2020 2213 gravitatem
2051 2159 2098 2197 et
2125 2148 2277 2197 iidem

1339 2216 1524 2265 cotidie
1560 2217 1755 2279 aliquid
1783 2218 2076 2268 iracundiae
2105 2219 2278 2267 remit-

1336 2284 1504 2343 tebat,
1535 2285 1758 2351 Philipp.
1790 2287 1854 2348 8,
1877 2288 1936 2345 6,
1961 2288 2045 2339 19.
2085 2314 2150 2321 —-
2191 2285 2278 2335 Ci-

1337 2368 1452 2403 cero
1502 2354 1763 2419 Ligarium
1817 2356 1956 2419 apud
2009 2354 2278 2404 Caesarem

1336 2422 1590 2486 defendit,
1629 2438 1724 2487 pro
1755 2424 1962 2487 Ligario
2001 2424 2056 2485 1,
2092 2424 2118 2471 1
2157 2438 2270 2485 sqq.

1336 2518 1402 2527 -
1430 2489 1621 2539 Sullam
1644 2498 1846 2540 secutus
1877 2499 1951 2540 est
1985 2492 2053 2553 ie,
2096 2492 2185 2552 qui
2223 2492 2275 2539 in

1337 2574 1492 2609 causa
1516 2560 1676 2625 impia
1694 2596 1709 2621 ,
1746 2562 1960 2610 victoria
1980 2562 2131 2609 etiam
2163 2560 2274 2609 foe-

1340 2628 1482 2679 dicre
1502 2665 1515 2688 ,
1571 2644 1671 2679 non
1725 2630 2045 2697 singulorum
2085 2632 2274 2682 civium

1333 2699 1466 2747 bona
1508 2700 1816 2764 publicaret,
1871 2700 1964 2750 sed
2006 2701 2275 2749 universas

1317 2767 1626 2832 provincias
1649 2772 1984 2835 regionesque
2015 2786 2114 2819 uno
2141 2770 2272 2819 cala-

1337 2838 1528 2887 mitatis
1554 2838 1663 2889 iure
1697 2840 2174 2905 comprehenderet,
2209 2840 2271 2889 de

1337 2906 1421 2955 off.
1447 2908 1509 2967 2,
1533 2907 1592 2967 8,
1626 2910 1712 2962 27.
1737 2936 1799 2947 -
1825 2910 2014 2959 Caesar
2032 2909 2272 2959 Sullanas

1334 2976 1654 3027 venditiones
1687 2986 1734 3027 et
1769 2980 2152 3044 adsignationes
2189 2994 2265 3027 ra·

1335 3052 1412 3095 tas
1463 3059 1577 3096 esse
1615 3048 1800 3107 voluit,
1857 3064 1956 3109 quo
2017 3047 2270 3097 firmiores

1332 3115 1742 3164 existimarentur
1759 3132 1909 3175 suae,
1939 3117 2003 3165 ad
2035 3115 2156 3163 fam.
2184 3115 2266 3175 13,

1330 3182 1394 3243 8,
1421 3185 1471 3233 2.
1493 3210 1580 3251 0-
1617 3184 1675 3232 L.
1703 3184 1872 3234 Sullae
1891 3191 1940 3233 et
1960 3184 2009 3233 C.
2037 3183 2266 3233 Caesaris

1331 3245 1662 3317 pecuniarum
1721 3252 1981 3301 translatio
2033 3268 2065 3301 a
2118 3252 2268 3301 iustis

1328 3322 1550 3371 dominis
1581 3321 1646 3368 ad
1673 3320 1864 3372 alienos
1894 3336 1994 3371 non
2024 3321 2171 3370 debet
2203 3319 2266 3367 li-

1331 3390 1516 3438 beralis
1538 3390 1726 3449 videri,
1765 3391 1828 3439 de
1861 3390 1944 3440 off.
1975 3391 2023 3453 l,
2061 3390 2140 3453 14,
2175 3387 2260 3443 43.

1332 3485 1397 3493 -
1412 3457 1657 3525 Lupercis
1672 3460 1888 3525 vectigal
1905 3461 2060 3521 dedit,
2076 3459 2264 3524 fragm.
