2500 3850
223 177 290 223 ι..
324 173 665 223 AURELIUS
697 173 942 222 com-A.
979 193 1053 206 -
1085 173 1150 220 L.
1180 171 1521 221 manuus
1553 171 1878 228 onss‘rns.
2006 161 2088 225 43

86 328 826 462 ῗ-Πὲῗὲηξῖιῗῗεῗιῗῐξιθέἵῑθίξξῶξὲ
835 326 1024 462 3331

85 469 374 531 potestatiS,
407 468 499 528 sed
522 466 785 532 dignitatis
807 467 1020 527 addidit,

91 535 278 586 Cornel.
303 535 456 601 prim.
489 534 673 600 fragm.
704 535 790 586 25.
825 550 877 599 p.
901 533 1018 585 213.

87 630 149 640 —-
163 605 282 654 Eius
297 605 385 654 lex
401 605 464 654 de
481 603 684 652 iudiciis
704 604 914 667 privatis
934 617 1023 651 an-

84 689 144 722 no
164 682 284 738 post
301 687 454 737 quam
472 673 573 721 lata
591 680 666 722 est
684 687 716 720 a
737 671 891 720 fratre
911 673 1022 720 eins

86 744 352 808 abrogata,
377 740 574 793 Cornel.
597 741 746 808 prim.
767 740 947 804 fragm.
967 740 1018 804 8,

81 810 129 863 9.
160 827 215 876 p.
251 809 374 861 210.
403 835 476 847 -
500 809 577 858 Ex
609 809 872 858 consulatu
901 807 1019 858 Gal-

83 880 196 928 liam
222 880 460 941 obtinuit,
481 879 533 927 in
552 879 723 928 Pison.
744 876 829 938 26,
850 876 932 928 62.
952 902 1021 912 ——

83 950 420 998 Academicus
459 947 720 1011 disputans
769 946 1021 995 inducitur

83 1019 132 1064 in
157 1018 309 1066 libris
338 1016 402 1066 de
421 1022 597 1066 natura
623 1016 858 1078 deorum,
892 1015 940 1064 d.
967 1029 1016 1062 n.

84 1086 130 1134 d.
153 1087 202 1147 1,
225 1085 282 1146 6,
304 1084 392 1136 15.
425 1084 490 1133 de
508 1085 665 1134 divin.
697 1083 722 1132 1
741 1119 757 1144 ,
777 1083 838 1147 5,
868 1083 921 1134 8.
949 1109 1020 1118 -

83 1155 200 1203 Eius
231 1153 547 1216 eloquentia,
568 1155 632 1203 de
659 1167 708 1204 n.
733 1152 784 1202 d.
812 1153 862 1211 2,
887 1152 913 1201 1
930 1189 944 1212 ‚
971 1151 1016 1200 l.

84 1225 152 1276 lb.
188 1224 250 1284 2,
297 1221 393 1279 59,
435 1221 550 1275 147.
585 1221 722 1270 Brut.
762 1217 855 1282 49,
899 1217 1016 1270 183.

83 1293 150 1341 Ib.
170 1259 270 1352 86,
301 1288 422 1341 297.
453 1289 664 1340 ——Eius
696 1288 897 1339 dicendi
927 1303 1018 1353 ge-

42 1399 44 1406 .
85 1376 206 1419 nuS,
254 1328 322 1409 ’de
365 1364 492 1407 orat.
533 1359 596 1418 2,
657 1354 888 1417 23,98.
941 1357 1014 1406 11).

85 1428 148 1492 3,
167 1397 230 1492 8,
265 1428 351 1480 31.
387 1427 527 1477 Brut.
558 1427 652 1487 55,
673 1424 791 1476 202.
828 1425 901 1474 11).
929 1425 1014 1487 92,

83 1495 179 1546 317
222 1503 273 1545 et
307 1494 430 1548 318.
469 1503 594 1546 orat.
627 1464 723 1559 30,
768 1493 886 1544 106.
933 1494 1011 1544 11).

85 1563 325 1626 38,132.
358 1589 428 1600 --
449 1532 784 1630 Comparat'ur
809 1578 924 1612 cum
955 1563 1010 1612 P.

84 1632 320 1698 Sulpicio,
345 1631 485 1682 Brut.
505 1633 592 1692 55,
611 1631 732 1686 203.
753 1629 1012 1680 -Cottae

42 1707 45 1712 '
87 1704 238 1754 oratio
275 1717 368 1766 pro
405 1715 464 1751 se
509 1701 622 1766 lege
657 1701 845 1761 Varia,
887 1714 1014 1762 quae

88 1772 385 1832 inscribitur,
413 1770 595 1820 eamL.
615 1769 790 1818 Aelius
810 1770 1015 1832 scripsit

90 1840 252 1889 Cottae
270 1845 469 1906 rogatu,
499 1841 570 1888 lb.
593 1837 677 1901 56,
702 1837 804 1887 205
824 1845 872 1886 et
891 1839 1010 1888 207.

88 1909 157 1958 11).
183 1909 276 1969 57,
298 1899 417 1961 208.
459 1907 533 1958 11).
554 1905 638 1968 86,
659 1875 781 1959 297.
805 1904 1012 1957 -Pul-

82 1992 242 2029 susa.
271 1993 321 2027 u.
345 1994 388 2029 c.
411 1976 552 2037 663„
587 1974 779 2035 Ῑ1).88,
801 1973 1012 2027 303.—

79 2046 309 2095 Defendit
383 2046 442 2096 P.
516 2044 762 2095 Rutilium
823 2044 1012 2093 Rufum

81 2114 378 2164 avunculum
401 2128 578 2177 suum,
603 2114 666 2163 de
685 2110 1010 2175 orat.1‚‚53

79 2182 194 2233 229.
225 2210 295 2221 --
324 2183 382 2231 In
409 2182 470 2233 Ρ.
511 2181 688 2232 Rutilii
719 2181 908 2231 iudicio
947 2182 1011 2230 de

75 2252 304 2315 pecuniis
321 2251 616 2315 repetundis
647 2265 696 2318 a.
726 2266 777 2299 u.
814 2266 859 2299 c.
885 2248 1006 2304 662.

41 2336 238 2384 apauca
287 2321 462 2382 dixit,
519 2319 657 2369 Brut.
723 2316 826 2378 30,
891 2317 1008 2368 115.

71 2416 140 2425 --
173 2389 434 2439 Adversus
474 2403 591 2437 eum
631 2387 804 2437 Cicero
841 2386 1012 2436 adole-

73 2458 328 2507 scentulus
349 2456 495 2507 Sulla
521 2459 639 2507 vivo
658 2455 884 2507 defendit
914 2455 1012 2503 Ar-

71 2527 288 2576 retinum
323 2526 618 2589 mulierem,
663 2539 756 2591 pro
795 2522 1012 2573 Caecina

69 2594 170 2655 33,
196 2595 284 2645 97.
314 2622 382 2631 —-
412 2596 470 2644 In
501 2595 774 2645 ambitione
806 2592 1006 2651 artifex,

72 2665 130 2721 Q.
154 2664 256 2713 Cic.
289 2665 354 2713 de
381 2671 486 2729 pet.
515 2678 657 2713 cons.
699 2661 793 2722 13,
821 2662 906 2711 47.
940 2688 1006 2696 -

69 2732 191 2849 Εὲιιε
231 2734 417 2783 mentio
467 2732 524 2783 fit
567 2732 630 2781 de
673 2731 760 2781 off.
803 2733 876 2789 2,
921 2730 1005 2793 17,

41 2886 65 2914 ι.
105 2866 359 2919 Aurelius
401 2867 572 2921 Cotta
607 2868 735 2934 (cos.
777 2884 823 2918 a.
863 2882 914 2918 u.
958 2882 1004 2919 c.

73 2936 209 3001 610.)
235 2944 502 2987 accusatus
523 2944 602 2987 est
625 2952 655 2987 a
673 2938 730 2987 P.
759 2936 1028 2997 Ai'ricano,

77 3006 290 3066 minore,
346 3006 589 3056 defensus
630 3021 662 3055 a
700 3005 758 3065 Q.
800 3004 1004 3055 Metello

79 3070 388 3126 Macedonico
409 3081 458 3124 et
484 3075 747 3125 absolutus
777 3080 878 3136 est,
908 3088 1002 3139 pro

78 3139 190 3193 Mur
223 3142 323 3207 28,
359 3143 442 3195 58.
485 3145 644 3195 divin.
678 3144 728 3191 in
760 3142 818 3202 Q.
851 3141 999 3192 Caec-

76 3211 151 3269 21,
173 3210 257 3260 69.
287 3225 378 3277 pro
397 3212 544 3263 Font.
568 3200 660 3274 13,
667 3202 768 3262 28.
781 3208 1000 3261 -Βιιιι

51 3280 362 3399 -2A’urelius
413 3348 584 3399 Cotta
620 3348 684 3401 L
720 3346 784 3400 F.
827 3348 890 3401 11.
931 3349 996 3401 Ν.

1163 337 1213 381 et
1248 328 1304 383 C.
1336 327 1601 392 Norbano,
1642 330 1704 379 de
1736 337 1857 379 orat.
1895 332 1954 390 2,
2002 331 2089 391 47,

1163 396 1281 448 197.
1322 397 1382 448 cl.
1405 397 1473 450 ib.
1496 399 1557 460 3,
1587 365 1682 458 ’11,
1704 399 1789 448 42.
1810 399 1959 448 —de
1980 400 2090 447 eius

1162 466 1476 532 eloquentia,
1500 467 1563 516 de
1585 473 1709 516 orat.
1729 464 1779 526 3,
1805 465 1894 528 11,
1915 467 1998 517 42.
2014 465 2089 582 I3,

1162 534 1258 597 12,
1294 534 1379 584 46.
1400 561 1469 572 -
1497 536 1636 585 Brut.
1668 500 1987 594 36,137’.—

1162 605 1257 664 74,
1281 602 1399 653 259.

1091 669 1154 722 L.
1172 670 1433 723 Aurelius
1448 672 1635 738 Cotto,
1658 672 1726 726 M.
1750 672 1921 732 frater,
1941 673 2092 724 homo

1160 740 1525 803 nobilissimus,
1546 751 1813 807 praetura.
1829 758 1878 792 u.
1896 759 1937 792 c.
1952 741 2089 806 684„

1161 808 1326 874 legem
1354 825 1497 862 suam
1528 811 1843 862 iudiciariam
1872 811 2093 876 promul-

1159 879 1327 944 gavit,
1348 881 1494 932 Verr.
1523 886 1742 932 accusat.
1763 881 1823 941 2,
1852 879 1947 941 71,
1973 880 2087 930 174.

1157 972 1228 985 -
1265 946 1428 1012 legem
1467 948 1804 1013 promulgavit
1842 948 1905 998 de
1944 949 2091 998 resti-

1157 1016 1361 1066 tuendis
1406 1018 1609 1066 iudiciis
1656 1019 1876 1080 equestri
1912 1018 2090 1076 ordini,

1158 1085 1209 1132 in
1229 1083 1286 1133 P.
1312 1083 1540 1135 Clodium
1560 1086 1609 1149 7,
1634 1088 1763 1136 2.-
1778 1102 1881 1137 cos.
1902 1100 1947 1136 a.
1970 1102 2021 1135 u.
2043 1103 2087 1140 c.

1157 1151 1277 1204 689.
1304 1169 1416 1206 cum
1440 1155 1498 1207 L.
1522 1155 1705 1204 Manlio
1724 1155 1995 1216 Torquato,
2018 1155 2086 1204 cf.

1158 1220 1222 1270 de
1251 1220 1364 1287 lege
1400 1237 1565 1288 agrar.
1597 1224 1659 1286 2,
1692 1224 1784 1282 17,
1816 1225 1903 1276 44.
1936 1251 2007 1262 -·
2038 1225 2089 1272 in

1158 1289 1305 1340 Catil.
1326 1289 1383 1352 3,
1416 1290 1475 1355 8,
1516 1291 1596 1341 19.
1636 1292 1699 1340 de
1732 1291 1887 1340 divin.
1920 1292 1976 1352 1,
2006 1292 2089 1349 12,

1158 1355 1241 1408 19.
1260 1387 1330 1398 —-
1352 1360 1426 1410 De
1452 1359 1889 1409 animadversione
1920 1360 1973 1407 in
1997 1358 2088 1408 Ca-

1153 1425 1403 1476 tilinarios
1427 1427 1552 1476 dixit
1584 1435 1697 1476 ante
1728 1427 1993 1486 Catonem,
2022 1427 2089 1476 ad

1152 1497 1257 1545 Att.
1278 1495 1344 1545 12
1358 1531 1373 1556 ,
1394 1495 1479 1557 21,
1505 1497 1550 1546 1.
1570 1494 2087 1560 —Supplicationem

1153 1563 1386 1615 Ciceroni
1422 1567 1646 1616 decrevit
1686 1579 1929 1631 oppressa
1969 1580 2087 1616 con·

1155 1634 1404 1685 iuratione
1424 1633 1693 1697 Catilinae,
1715 1635 1936 1700 Philipp.
1962 1636 2013 1695 2,
2034 1635 2083 1685 6.

1157 1701 1238 1751 13.
1267 1729 1340 1740 —-
1367 1703 1615 1754 Defensor
1642 1703 1925 1767 Ciceronis,
1970 1719 2085 1753 cum

1155 1770 1502 1831 discessisset,
1525 1773 1589 1822 de
1611 1773 1713 1838 leg.
1734 1771 1785 1835 3,
1809 1774 1891 1836 19,
1913 1773 1996 1823 45.
2016 1799 2085 1811 -

1150 1843 1216 1890 A.
1251 1855 1303 1890 u.
1337 1856 1382 1892 c.
1412 1841 1532 1892 697.
1564 1843 1803 1907 princeps
1836 1842 1886 1890 in
1908 1849 2087 1890 senatu

1151 1910 1454 1959 sententiam
1470 1909 1601 1959 dixit
1619 1911 1683 1960 de
1701 1911 1983 1961 revocando
2004 1909 2084 1960 Ci-

1151 1992 1360 2039 cerone,
1391 1993 1482 2043 pro
1508 1977 1673 2029 Sestio
1695 1978 1780 2041 34,
1802 1979 1884 2031 73.
1905 2006 1971 2014 -
1989 1978 2083 2027 Le-

1148 2061 1265 2111 gem
1290 2046 1353 2095 de
1378 2062 1491 2096 meo
1519 2048 1684 2096 reditu
1706 2047 1963 2096 ferendam
1982 2062 2083 2097 non

1149 2115 1372 2180 censuit,
1394 2116 1513 2177 quia
1540 2115 1667 2164 nihil
1698 2115 1760 2166 de
1780 2130 1891 2165 meo
1920 2117 2083 2180 capite

1149 2186 1399 2247 potuisset
1418 2184 1566 2244 ferri,
1604 2185 1671 2233 de
1703 2184 1853 2234 domo
1886 2198 1979 2233 sua
1997 2183 2081 2249 26,

1149 2250 1233 2302 68.
1273 2252 1336 2302 cl.
1356 2252 1408 2312 9,
1428 2252 1511 2303 45.
1546 2252 1618 2301 Ib.
1643 2251 1710 2302 32
1725 2290 1740 2314 ,
1772 2251 1857 2304 84.
1878 2278 1943 2291 --
1964 2254 2083 2303 Post

1151 2320 1381 2371 Caesaris
1402 2320 1657 2369 interitum
1678 2322 1845 2370 minus
1864 2323 1917 2369 in
1937 2334 2080 2369 sena-

1147 2395 1254 2439 tum
1282 2389 1449 2449 venit,
1479 2387 1547 2436 ad
1576 2387 1699 2437 farn.
1724 2387 1818 2447 12,
1850 2390 1911 2448 2,
1942 2388 1991 2437 3.
2011 2413 2081 2427 —··

1147 2456 1327 2507 Siccae
1348 2455 1642 2516 familiaris,
1664 2456 1732 2505 ad
1750 2458 1853 2504 Att.
1876 2456 1942 2506 12
1956 2490 1971 2518 ,
1992 2455 2079 2521 23,

1147 2523 1196 2576 3.
1217 2552 1285 2563 -
1303 2524 1427 2575 Eius
1458 2523 1661 2584 villula,
1698 2524 1770 2574 Ib.
1793 2524 1885 2588 12,
1908 2524 2004 2585 27,
2029 2524 2080 2574 1.

1144 2620 1215 2631 -—·
1231 2595 1289 2645 L.
1314 2594 1479 2653 Cotta,
1504 2593 1898 2656 quindecimvir,
1921 2593 2079 2658 signi-

1145 2663 1323 2712 ficatur
1344 2664 1407 2712 de
1426 2664 1586 2713 divin.
1610 2665 1660 2727 2,
1681 2661 1765 2724 54,
1791 2660 1905 2711 110.

1075 2727 1153 2781 Μ.
1184 2728 1444 2781 Aurelius
1476 2729 1643 2781 Cotta
1676 2730 1848 2780 consul
1883 2744 1930 2781 a.
1953 2746 2004 2781 u.
2028 2747 2074 2779 c.

1145 2798 1263 2849 680.
1296 2799 1450 2849 frater
1470 2798 1524 2848 C.
1548 2798 1720 2850 Cottae
1750 2814 1851 2849 cos,
1872 2814 1917 2849 a.
1944 2816 1995 2849 u.
2030 2816 2073 2849 c.

1142 2866 1263 2918 679.
1288 2874 1337 2915 et
1358 2867 1416 2921 L.
1442 2868 1615 2918 Cottae
1635 2882 1739 2921 cos.
1758 2867 1898 2927 689.,
1922 2870 2070 2919 Verr.

1143 2943 1367 2989 accusat.
1405 2937 1464 2998 5,
1507 2936 1597 3000 13,
1634 2936 1717 2988 34.
1744 2964 1817 2976 —-
1843 2936 1998 2986 Terra
2025 2946 2073 2986 et

1142 3006 1268 3054 mari
1288 3004 1417 3054 male
1437 3012 1608 3054 contra
1619 3004 1957 3054 Mithridatem
1978 3020 2073 3069 pu-

1139 3073 1338 3139 gnavit,
1367 3087 1461 3137 pro
1489 3072 1617 3122 Mur.
1651 3072 1745 3136 15,
1776 3070 1860 3122 33.
1884 3071 2067 3138 fragm.

1139 3156 1192 3206 p.
1213 3141 1313 3191 221
1339 3150 1389 3191 et
1411 3141 1529 3193 222.

1067 3208 1147 3259 Μ.
1165 3208 1426 3260 Aurelius
1454 3207 1642 3270 Cotta,
1662 3208 1999 3271 Pompeianus
2019 3224 2066 3257 a.

1113 3294 1190 3327 .u.
1213 3294 1257 3328 c.
1284 3278 1415 3336 705,
1452 3278 1518 3325 ad
1538 3278 1642 3328 Att.
1668 3276 1761 3336 10,
1788 3274 1883 3339 16,
1906 3276 1956 3329 3.
1998 3278 2064 3327 cl.

1139 3347 1208 3395 ib.
1234 3346 1314 3403 12,
1335 3347 1418 3408 22,
1442 3347 1493 3397 2.

41 3366 173 3463 ..tt-ib.
198 3418 268 3481 pl.
289 3433 333 3468 a.
351 3434 402 3467 ιι.
428 3434 474 3471 c.
495 3417 614 3469 659.
638 3432 752 3467 cum
770 3420 826 3468 T.
849 3419 1000 3467 Didio
1069 3414 1132 3465 L.
1162 3410 1424 3463 Aurelius
1448 3411 1707 3473 Orestes,
1738 3426 1841 3463 cos,
1868 3427 1981 3461 cum
1999 3414 2063 3464 M.
