2500 3850
604 193 664 240 c,
684 195 782 240 ΕΤ
808 194 874 241 Ι..
896 175 1169 241 ’ΜΕΜΜΠ
1198 217 1284 226 --
1308 194 1366 242 0.
1383 194 1728 242 MEMMIUS.
2145 179 2276 246 247

164 350 241 401 (J.
282 357 330 399 et
351 349 413 401 L.
434 345 694 400 Memmii
728 349 931 398 fuerunt
962 359 1186 402 oratores

248 420 534 469 mediocres
555 457 567 480 ,
602 427 925 468 accusatores
946 433 1089 469 acres
1112 429 1188 468 at-

250 504 349 550 que
385 489 572 538 acerbi.
646 489 699 536 In
730 488 975 538 iudicium
1006 491 1188 554 capitis

248 558 437 608 multos
460 564 801 619 vocaverunt,
834 572 925 621 pro
960 558 1061 607 reis
1087 573 1189 606 non

251 639 409 690 saepe
459 627 712 685 dixerunt,
749 626 891 674 Brut.
929 624 1017 688 36,
1067 625 1184 678 136.

248 696 469 744 Fuerunt
505 695 593 756 qui
628 697 834 745 eosdem
871 697 1193 745 restituerent

250 778 343 828 pro
364 771 599 828 corrupto
626 763 916 823 Mammea-⁹,
945 779 1039 829 pro
1064 763 1187 814 Sext.

246 833 437 882 Roscio
457 830 542 892 32,
556 832 671 884 90.-

169 899 246 952 20.
286 898 604 950 Memmius.
680 902 735 952 C.
770 902 1038 952 Memmius
1071 903 1186 951 trib.

250 969 323 1034 pl.
350 969 495 1030 643„
519 969 672 1020 homo
692 970 946 1021 nobilitati
967 969 1191 1020 infestis-

250 1040 437 1098 simus,
477 1041 738 1088 accusavit
770 1039 827 1088 L.
861 1039 1189 1104 Calpurnium

214 1107 509 1168 ,Bestiam,
576 1123 606 1157 a
651 1109 897 1173 Iugurtha
957 1109 1188 1171 pecuniis

238 1183 539 1240 ,corruptum
561 1213 575 1238 ,
618 1178 682 1227 de
705 1187 831 1230 orat.
870 1180 920 1239 2,
947 1175 1032 1238 70,
1068 1176 1186 1227 283.

248 1246 317 1294 Μ.
350 1245 555 1294 Aemilii
590 1245 767 1296 Scauri
808 1247 1190 1296 testimonio‘iu

250 1314 306 1362 C.
340 1313 633 1364 Memmium
673 1315 918 1364 creditum
961 1329 1063 1364 non
1095 1321 1187 1376 est,

248 1397 345 1448 pro
366 1383 508 1432 Font.
538 1384 585 1441 7,
625 1385 704 1435 14.
730 1409 799 1421 —-
832 1382 885 1433 C.
920 1383 1189 1435 Memmius

249 1451 431 1501 irrisus
469 1467 499 1499 a
534 1451 593 1499 L.
635 1451 843 1512 Crasso,
885 1453 949 1502 de
983 1459 1113 1502 orat.
1135 1453 1186 1513 2,

250 1518 337 1580 59,
365 1516 483 1569 240.
520 1546 586 1556 —
614 1519 937 1585 significatur
958 1523 1005 1570 is
1038 1523 1187 1572 etiam

250 1589 315 1640 de
335 1595 461 1640 orat.
485 1590 537 1647 2,
576 1588 674 1649 59,
713 1590 829 1640 240.
892 1591 969 1641 Ib.
1002 1591 1067 1648 2,
1102 1589 1187 1651 66,

251 1657 374 1710 267.
416 1683 479 1692 --
526 1657 583 1705 L.
608 1655 907 1708 Saturninus
944 1658 997 1709 C.
1034 1659 1189 1709 Mem·

252 1727 407 1776 mium
432 1726 641 1791 occidit,
676 1727 727 1775 in
737 1727 1145 1794 Q

175 1793 250 1844 C.
288 1793 590 1845 Memmius
644 1793 709 1846 L.
756 1793 822 1844 F.
878 1794 1190 1860 Gemellus,

251 1865 369 1913 trib.
402 1863 509 1929 pL,
550 1879 599 1912 a.
636 1879 687 1913 u.
728 1880 773 1918 c.
810 1864 931 1916 688.
986 1874 1190 1931 praetor

250 1932 371 1984 696.
432 1961 494 1969 -
546 1934 803 1983 Perfectus
841 1935 1057 1996 litteris,
1096 1936 1189 1985 sed

254 2002 481 2063 Graecis,
519 2001 819 2054 fastidiosus
840 2018 964 2055 saue
982 2005 1190 2053 Latina-

251 2086 391 2130 rum,
442 2079 651 2137 argutus
707 2080 875 2123 orator
916 2073 1191 2135 verbisque

250 2140 419 2189 dulcis
438 2176 452 2199 ,
490 2142 583 2191 sed
600 2141 801 2207 fugiens
822 2156 922 2191 non
940 2142 1092 2191 modo
1114 2142 1191 2193 di·

254 2210 430 2267 cendi,
464 2224 639 2260 verum
660 2213 810 2260 etiam
832 2211 1090 2276 cogitandi
1115 2212 1189 2261 la-

251 2280 452 2338 borem,
488 2286 682 2329 tantum
716 2280 816 2329 sibi
852 2280 915 2329 de
954 2279 1190 2330 facultate

250 2347 501 2407 detraxit,
543 2355 785 2411 quantum
830 2349 1086 2397 imminuit
1114 2350 1191 2397 in-

253 2416 478 2465 dustriae
504 2454 517 2477 ,
554 2417 697 2467 Brut.
718 2416 812 2476 70,
854 2418 971 2466 247.
1027 2442 1093 2452 -
1134 2416 1197 2467 C.

251 2486 550 2545 MemmiuS,
574 2493 815 2547 quaestor
844 2486 935 2535 Cn.
958 2485 1192 2550 Pompeii

254 2556 306 2602 in
325 2550 572 2620 Hispania
596 2554 730 2604 bello
752 2552 1038 2606 Sertoriano
1052 2590 1066 2615 ,
1096 2569 1189 2619 pro

252 2624 411 2672 Balbo
434 2624 487 2680 2,
507 2623 557 2673 5.
591 2650 661 2659 —-
695 2623 893 2673 Aedilis
931 2624 1121 2673 curulis
1140 2640 1185 2673 a.

253 2706 305 2743 u.
350 2692 561 2745 e.·694.
614 2708 721 2741 rem
751 2692 929 2744 habuit
967 2708 1083 2743 cum
1122 2694 1190 2741 M.

252 2759 451 2811 Luculli
489 2776 676 2821 uxore,
713 2770 1023 2827 quapropter
1050 2763 1191 2812 Paris

247 2829 541 2949 w...
571 2829 1189 2951 2P‘322522”2‹2233.0221·.2’

256 2966 440 3027 vebat,
478 2967 545 3017 ad
567 2968 625 3027 Q.
648 2968 711 3019 fr.
741 2970 766 3020 1
785 3008 799 3032 ‚
828 2970 861 3019 2
880 3006 895 3030 ,
931 2971 981 3023 5.
1032 2971 1081 3031 5.
1104 2968 1187 3020 15.

246 3062 323 3073 —-·
342 3034 399 3085 C.
437 3036 705 3089 Memmius
742 3046 944 3103 praetor
968 3041 1025 3092 P.
1048 3040 1193 3088 Vati-

256 3106 397 3155 nium
417 3106 599 3156 adesse
629 3108 798 3169 iubet‚
840 3109 1190 3169 quaestionem

255 3176 306 3221 in
338 3190 453 3225 eum
480 3175 747 3225 habiturus
783 3178 899 3241 lege
923 3178 1123 3227 Licinia
1144 3186 1194 3226 et

255 3243 749 3304 iuniminVatinium
775 3246 855 3305 14,
881 3244 966 3297 33.
988 3246 1192 3295 *Eius

256 3310 427 3361 odium
446 3314 499 3361 in
526 3314 584 3366 P.
611 3312 845 3364 Clodium
862 3350 877 3375 ,
911 3316 977 3365 ad
1003 3316 1109 3365 Att.
1140 3315 1192 3364 2.

256 3377 321 3429 12
342 3414 357 3438 ,
408 3383 459 3433 2.
511 3408 582 3419 -—-
627 3382 917 3433 Memmium
962 3382 1195 3434 Caesaris

256 3462 433 3499 omnes
456 3464 579 3515 opes
602 3452 915 3506 confirmant.
974 3452 1101 3503 Cum
1134 3468 1195 3503 eo

1329 351 1608 400 Domitium
1639 351 1872 400 consules
1911 352 2184 402 iunxerunt
2218 365 2273 404 a.

1330 435 1444 470 u.c.
1471 418 1610 476 700.,
1651 421 1716 468 ad
1743 421 1846 471 Au..
1887 422 1947 480 4,
1985 421 2075 481 15,
2109 422 2160 474 7.
2199 446 2273 460 --

1332 489 1558 537 Memmii
1593 490 1743 539 coitio
1775 504 1822 538 a.
1847 504 1897 538 u.
1937 505 1978 538 c.
2012 487 2131 542 700.
2153 524 2168 553 ,
2203 490 2280 542 {td

1333 556 1388 614 Q.
1415 557 1479 606 i'r.
1507 559 1559 618 2,
1586 558 1650 608 14
1671 557 1764 622 (15
1785 557 1859 620 b),
1885 559 1936 606 4.
1959 585 2024 596 --
2047 557 2277 610 Memmii

1335 627 1622 676 enunciatio
1668 627 1820 676 valde
1851 625 2055 675 Caesari
2089 626 2274 694 displi-

1285 699 1289 706 '
1335 694 1456 758 cuit,
1501 695 1568 744 ad
1588 697 1692 743 Att.
1714 698 1765 758 4,
1794 694 1872 754 16,
1897 695 1947 744 6.
1986 697 2276 759 pactionem

1335 765 1468 812 enim
1492 765 1602 828 ipse
1623 771 1670 813 et
1701 765 2000 827 competitor
2019 765 2277 818 Domitius

1339 847 1453 882 cum
1491 834 1658 899 Appio
1707 833 1918 883 Claudio
1962 840 2010 882 et
2048 833 2278 886 Domitio

1334 901 1672 951 Ahenobarbo
1715 917 1848 951 coss.
1891 902 1954 952 de
2007 905 2277 954 consulatu

1331 971 1573 1034 fecerant,
1609 971 1682 1021 Ib.
1703 972 1754 1034 4,
1786 970 1867 1032 18,
1891 973 1942 1022 2.
1960 997 2028 1008 —-
2050 972 2274 1024 Accusat

1335 1040 1604 1089 Domitium
1626 1039 1890 1090 Calvinum
1909 1074 1924 1101 ,
1946 1039 2020 1093 Ib.
2044 1042 2094 1100 4,
2114 1041 2196 1101 18,
2219 1040 2272 1091 8.

1332 1135 1398 1143 -—-
1411 1110 1464 1156 in
1475 1109 1720 1172 petitione
1733 1109 2026 1161 consulatus
2039 1109 2272 1160 Caesaris

1331 1179 1713 1227 commendatur
1732 1178 1996 1238 militibuS,
2021 1179 2094 1231 Ib.
2117 1181 2169 1242 4,
2186 1180 2270 1237 17,

1331 1247 1381 1295 2.
1418 1271 1488 1282 —-
1524 1247 1601 1296 De
1633 1247 1824 1296 ambitu
1841 1246 2130 1312 postulatus
2160 1263 2191 1297 a
2210 1247 2269 1306 Q.

1333 1314 1504 1364 Curtio
1527 1352 1542 1378 ,
1591 1331 1638 1368 a.
1669 1333 1718 1364 u.
1757 1332 1800 1368 c.
1840 1314 1959 1366 700.
2037 1315 2272 1366 Caesaris

1333 1384 1554 1433 adventu
1590 1400 1648 1434 se
1683 1393 1854 1450 sperat
1891 1385 2114 1434 futurum
2151 1401 2274 1436 con-

1334 1453 1516 1501 sulem.
1591 1452 1694 1502 Sed
1737 1455 1924 1504 mirum
1967 1455 2019 1501 in
2062 1455 2274 1505 modum

1331 1523 1478 1582 iacet,
1501 1521 1566 1570 ad
1587 1522 1645 1580 Q.
1664 1521 1725 1570 fr.
1749 1522 1798 1580 3,
1821 1524 1872 1584 2,
1894 1521 1942 1575 3.
1986 1522 2061 1574 Ib.
2084 1522 2134 1586 3,
2149 1523 2201 1584 8,
2219 1523 2270 1574 3.

1333 1589 1385 1641 C.
1411 1591 1678 1640 Memmius
1699 1589 1954 1641 Gemellus
1975 1596 1994 1624 ²
2009 1591 2168 1642 cliens
2187 1591 2272 1642 Ci-

1331 1659 1528 1709 ceronis
1543 1663 1581 1718 '‚
1619 1675 1774 1722 quum
1799 1661 1851 1708 in
1882 1660 2166 1711 calamitate
2185 1677 2272 1711 ex-

1331 1729 1434 1778 silii
1444 1728 1788 1779 suiPatrensis
1801 1730 1929 1785 civis
1942 1729 2106 1782 factus
2119 1738 2270 1792 esset,

1331 1797 1704 1849 adolescentem
1739 1798 1898 1848 filium
1937 1798 2154 1863 Lysonis
2178 1800 2272 1849 Pa-

1330 1868 1576 1916 trensium
1615 1867 1814 1934 legibus
1860 1869 2120 1933 adoptavit
2140 1905 2154 1930 ,
2205 1869 2272 1918 ad

1329 1936 1451 1985 fam.
1483 1936 1577 1999 13,
1603 1937 1694 1995 19,
1719 1938 1768 1987 2.
1791 1964 1857 1973 --
1877 1938 2142 1988 Memmius
2167 1940 2272 2002 pri-

1332 2006 1433 2071 die,
1455 2020 1606 2067 quam
1621 2004 1794 2055 Cicero
1819 2005 2046 2056 Athenas
2064 2008 2200 2057 venit
2218 2023 2265 2061 a.

1331 2091 1382 2124 u.
1391 2072 1582 2133 0:703„
1597 2074 1861 2140 Mytilenas
1873 2076 2133 2140 profectus
2143 2084 2268 2139 erat,

1331 2144 1398 2192 ad
1428 2144 1532 2193 Att.
1563 2143 1628 2207 5,
1652 2144 1712 2193 11
1730 2182 1745 2206 ,
1765 2144 1814 2194 6.
1839 2170 1905 2181 ——
1934 2144 2011 2193 De
2034 2145 2267 2195 Memmio

1331 2212 1668 2275 restituendo,
1689 2220 1745 2262 ut
1771 2212 1920 2263 Curio
1947 2214 2152 2279 cogitet,
2180 2215 2272 2263 At-

1329 2283 1484 2330 ticum
1521 2282 1728 2331 audisse
1762 2289 1906 2346 putat
1941 2282 2114 2334 Cicero
2140 2320 2154 2343 ‚
2195 2284 2270 2333 lb.

1331 2350 1442 2402 Lib.
1473 2350 1614 2414 6,1,
1637 2348 1724 2401 23.
1763 2350 1948 2415 fragm.
1973 2366 2026 2416 p·
2049 2351 2170 2404 256.
2203 2379 2269 2387 -

1329 2443 1400 2455 —-
1444 2418 1698 2469 Ciceronis
1753 2419 2000 2484 epistolae
2049 2420 2116 2469 ad
2155 2435 2271 2469 eum

1331 2488 1538 2549 missae,
1578 2488 1646 2537 ad
1674 2487 1798 2540 fam.
1833 2487 1912 2547 13,
1938 2486 2090 2541 1—3.

1267 2554 1327 2607 G.
1349 2552 1651 2606 Memmius
1667 2591 1682 2618 ,
1718 2557 1950 2605 tribunus
1974 2558 2046 2622 pl.
2073 2571 2188 2607 cum
2205 2558 2266 2609 L.

1333 2626 1574 2691 Captioue
1609 2625 1672 2675 de
1705 2626 1934 2690 pecuniis
1969 2626 2270 2691 repetundis

1331 2693 1608 2758 postulavit
1650 2695 1712 2743 A.
1750 2693 2020 2747 Gabinium
2057 2711 2105 2749 a.
2141 2710 2193 2745 u.
2225 2710 2270 2747 c.

1333 2763 1483 2825 700.,
1520 2764 1587 2813 ad
1607 2764 1664 2822 Q.
1688 2764 1753 2815 fr.
1776 2763 1826 2825 3,
1855 2766 1904 2827 1,
1925 2764 1976 2815 5.
2016 2768 2068 2830 S.
2094 2765 2177 2816 15.
2199 2791 2268 2802 --

1333 2830 1400 2885 cf.
1423 2831 1492 2881 ib.
1530 2834 1580 2896 S.
1606 2831 1688 2887 16.
1751 2834 1825 2884 lb.
1848 2835 1896 2892 3,
1917 2835 1968 2899 2,
2004 2836 2055 2890 1.
2095 2860 2162 2871 -
2194 2834 2270 2885 De
2317 2850 2319 2853 ⁴

1333 2902 1526 2951 ambitu
1555 2902 1834 2967 postulavit
1852 2903 2158 2965 Domitium,
2193 2904 2268 2953 lb.

1331 2973 1383 3033 S.
1421 2968 1474 3023 3.
1522 2998 1591 3010 -
1641 2969 1910 3023 Gabinium
1964 2972 2028 3021 de
2077 2972 2269 3022 ambitu

1332 3055 1477 3090 reum
1503 3038 1624 3089 fecit
1643 3040 1701 3094 P.
1725 3040 1884 3099 Sulla,
1923 3040 2269 3091 subscribente

1333 3110 1574 3227 privigupl
1603 3109 1866 3227 Rffimmifi:
1893 3108 2080 3228 {matre2
2093 3109 2270 3227 Caecg-

1355 3191 1424 3237 ιο,
1500 3192 1606 3227 ua
1689 3194 1766 3241 io,
1861 3204 2266 3239 .‚‚.—-—-.

1335 3246 1605 3296 Memmius
1657 3246 1870 3296 Gabinio
1935 3246 2280 3313 condemnato

1333 3314 1448 3379 lege
1467 3314 1594 3364 Iulia
1624 3314 1688 3365 de
1719 3315 1952 3381 pecuniis
1971 3316 2268 3379 repetundis

1336 3384 1594 3432 accusavit
1623 3384 1688 3433 de
1705 3384 1938 3449 pecuniis
1965 3384 2186 3436 residuis
2208 3382 2263 3434 C.

1336 3450 1598 3503 Rabirium
1639 3452 1936 3505 Postumum
1955 3491 1970 3515 ,
2007 3468 2100 3518 pro
2134 3454 2264 3505 aab.
