2500 3850
273 161 390 223 140

235 320 242 325 “
337 333 489 382 divin
514 331 569 394 1,
592 329 687 390 3ο,
712 329 797 379 62.
826 355 889 366 -
914 329 995 378 Aa
1019 328 1271 392 Aristippi

336 407 621 451 enervatam
650 397 1049 459 muliebremque
1074 405 1273 447 senten-

334 471 457 519 tiam
502 470 627 518 satis
668 467 883 516 docilem
928 481 983 515 se
1022 465 1272 531 Epicurus

336 538 593 604 praebuit,
616 529 977 596 Tuscul.2‚6,
1002 536 1084 586 15.
1108 534 1272 582 -Ex

338 609 449 658 eius
462 607 688 656 doctrina
702 605 859 654 atomi
877 605 1149 666 quamdam
1164 604 1271 653 vim

334 685 499 726 motus
518 675 704 724 habeut
723 675 986 738 gravitatis
1011 681 1059 723 et
1078 673 1272 738 ponde-

333 746 433 808 riS,
463 745 525 793 de
555 744 659 793 fato
678 743 773 803 20,
806 741 889 793 46.
914 768 983 778 —-
1002 742 1273 820 Anticipa-

332 815 521 864 tionem
561 814 769 863 deorum
804 811 1026 876 appellat
1062 801 1272 875 πρόλη-

334 889 441 946 ψιν
476 881 741 946 Epicurus.
779 880 903 928 Eius
938 881 1065 930 liber
1102 881 1164 930 de
1190 895 1272 928 re-

334 951 457 1018 gula
475 959 523 1000 et
543 951 749 1002 iudicio,
786 950 909 998 Eius
936 950 1181 999 sententia
1207 949 1272 998 de

334 1028 513 1070 natura
542 1019 783 1079 deorum,
813 1019 876 1068 de
908 1033 959 1069 ιι.
994 1018 1047 1072 d.
1092 1018 1149 1082 1,
1184 1017 1269 1078 16,

334 1088 401 1139 43
422 1104 533 1151 sqq.
553 1115 616 1123 --
631 1087 835 1151 Epicuri
855 1088 1077 1152 primum
1096 1093 1268 1152 caput,

334 1157 496 1207 ‘Nihil
538 1171 712 1205 curare
750 1157 900 1207 deum
930 1171 1024 1207 nec
1059 1157 1140 1207 sui
1178 1170 1273 1204 nec

334 1228 539 1289 alieni’,
564 1226 627 1275 de
657 1226 755 1290 leg.
782 1225 807 1274 1
827 1262 841 1286 ,
864 1227 895 1276 7
914 1263 927 1285 ,
950 1225 1035 1276 21.
1060 1253 1124 1263 —
1146 1225 1270 1275 Eius

333 1293 577 1360 discipuli
620 1296 851 1345 omnibus
894 1295 1270 1359 superstitionis

332 1365 609 1416 terroribus
642 1365 793 1413 soluti
818 1373 867 1413 et
901 1365 952 1413 in
990 1363 1271 1414 libertatem

330 1437 572 1486 vindicati
608 1448 702 1482 nec
730 1435 1019 1483 metuebant
1051 1433 1174 1484 deos
1218 1438 1270 1480 et

332 1507 417 1570 pie
453 1510 723 1566 sancteque
758 1503 991 1553 colebant
1036 1509 1268 1551 naturam

334 1574 661 1624 excellentem
702 1579 853 1634 atque
911 1576 1268 1636 praestantem,

337 1644 466 1692 den.
493 1643 543 1692 d.
572 1639 599 1688 1
619 1677 633 1700 ,
662 1639 755 1704 20,
788 1640 875 1692 56.
898 1667 963 1676 ——
983 1641 1117 1690 Deos
1138 1639 1271 1688 dixit

332 1711 584 1776 Epicurus
632 1723 797 1770 neque
854 1709 1101 1774 propitios
1163 1707 1271 1758 cui-

334 1793 485 1840 quam
510 1793 623 1826 esse
640 1776 804 1826 solere
824 1791 986 1839 neque
1009 1780 1191 1842 iratos,
1215 1776 1271 1825 in

331 1847 502 1896 Pisou.
536 1847 603 1896 25
620 1883 633 1906 ,
671 1843 757 1894 59.
776 1869 845 1880 —-
864 1846 1115 1908 Epicurus
1147 1846 1270 1893 deos

334 1915 538 1965 iocandi
568 1928 723 1965 causa
750 1914 950 1963 induxit
976 1912 1268 1979 perlucidos

336 1996 384 2035 et
405 1983 693 2050 perflabiles
715 1990 828 2047 etc.,
848 1984 911 2032 de
932 1981 1089 2032 divin.
1112 1982 1163 2042 2,
1185 1982 1269 2040 17,

332 2053 417 2105 40.
434 2052 918 2117 —Mouogrammos
939 2052 1061 2101 deos
1076 2057 1123 2100 et
1144 2050 1271 2101 nihil

335 2130 545 2187 agentes
575 2129 887 2171 commentus
911 2128 1013 2183 est,
1048 2120 1110 2169 de
1140 2134 1189 2167 ιι.
1215 2119 1268 2169 (1.

332 2194 385 2252 2,
416 2189 511 2248 23,
530 2189 617 2243 59,
642 2216 706 2225 -
730 2190 981 2254 Epicurus
1003 2204 1067 2237 ex
1086 2188 1268 2238 animis

331 2259 595 2308 1ιοῐιιίιιιιιιι
622 2259 837 2307 extraxit
872 2258 1113 2306 radicitus
1149 2257 1270 2305 reli-

334 2329 567 2394 gionem,
602 2342 756 2391 quum
790 2327 871 2375 dis
899 2324 1268 2375 immortalibus

334 2406 383 2447 et
406 2411 551 2462 opem
574 2405 622 2447 et
640 2396 854 2463 gratiam
876 2394 1095 2459 sustulit,
1119 2393 1193 2447 Π).
1217 2393 1267 2456 1,

333 2466 418 2526 43,
444 2466 562 2517 121.
576 2466 900 2531 —Epicurus
920 2464 1268 2514 tantummodo

335 2551 523 2601 negare
558 2536 680 2587 deos
712 2548 827 2585 esse
856 2548 956 2585 nou
988 2532 1164 2594 audet,
1205 2546 1270 2581 ne

334 2605 458 2668 quid
479 2605 701 2654 invidiae
719 2603 897 2653 subeat
917 2610 1003 2653 aut
1022 2602 1268 2661 criminis,

330 2674 407 2728 Ib.
444 2672 502 2732 3,
546 2673 601 2730 1,
632 2673 681 2720 2.
730 2672 791 2721 cl.
820 2672 891 2721 ib.
931 2674 985 2733 1,
1012 2672 1109 2733 44,
1146 2668 1265 2721 123.

333 2768 399 2777 -
419 2741 672 2820 Epicurus
693 2740 983 2792 balbutiens
1004 2741 1069 2789 de
1090 2738 1271 2788 natura

332 2810 543 2859 deorum
576 2809 729 2858 etiam
760 2811 1118 2860 divinationem
1154 2822 1270 2857 sus-

332 2878 475 2936 tulit,
516 2877 579 2927 de
619 2877 781 2933 divin.
817 2878 879 2945 l,
917 2877 977 2939 3,
1011 2878 1062 2928 5.
1105 2877 1180 2931 1b.
1217 2876 1266 2936 1,

332 2944 427 3006 39,
473 2940 557 2996 87.
598 2946 662 2996 cl.
696 2948 765 2997 ib.
796 2950 858 3011 2,
864 2914 992 3009 ’'‚65
1043 2946 1161 2996 162.
1200 2970 1270 2981 —-

332 3015 585 3081 Epicurus
609 3014 768 3065 fatum
797 3015 1082 3067 extimescit
1114 3022 1162 3062 et
1203 3013 1268 3062 ab

332 3086 514 3135 atomis
532 3086 660 3150 petit
673 3086 981 3151 praesidium
1002 3096 1189 3143 easque
1205 3082 1270 3131 de

330 3155 417 3203 via
443 3154 673 3217 deducit,
696 3156 758 3205 de
781 3152 956 3212 fato9,
981 3152 1065 3202 18.
1107 3148 1173 3198 ef.
1195 3150 1266 3199 ib.

302 3220 307 3223 ’
334 3222 419 3285 10,
438 3222 522 3275 21.
544 3222 915 3287 —Epicurus
904 3236 955 3269 ιιι
975 3220 1133 3268 altera
1148 3218 1268 3301 phi-

330 3291 597 3357 losephiae
618 3299 789 3355 parte,
814 3304 941 3352 quae
973 3282 1167 3352 λογικὴ
1190 3287 1270 3337 di-

332 3358 489 3419 citur,
523 3360 675 3423 plane
704 3358 915 3408 inermis
934 3366 983 3406 et
1000 3356 1143 3407 rudis
1172 3363 1270 3415 est,

335 3427 398 3477 de
417 3426 503 3478 fin.
526 3429 581 3486 1,
616 3428 674 3485 7,
706 3426 793 3475 22.
814 3451 881 3461 -
899 3425 1149 3490 Epicurus
1170 3440 1271 3487 qua

1124 172 1462 220 EPICURUS
1471 204 1485 219 .

1411 328 1794 378 ratiocinatione
1815 329 2038 393 probarit
2059 343 2206 378 omne
2235 343 2353 378 esse

1411 396 1688 459 infmitum‚
1730 398 1792 446 de
1823 399 1982 451 divin.
2015 399 2078 458 2,
2101 395 2194 456 50,
2229 396 2348 448 103.

1409 493 1480 504 -—
1499 465 1746 530 Epicurus
1775 466 2110 531 explicatione
2139 472 2356 516 naturae

1412 536 1527 585 ideo
1547 535 1811 585 dumtaxat
1839 535 2023 595 utitur,
2047 543 2102 586 ut
2124 534 2354 600 pellatur

1409 605 1587 655 mortis
1605 612 1654 653 et
1671 603 1937 670 religionis
1957 612 2120 653 metus
2135 640 2152 667 ,
2179 604 2244 653 de
2262 605 2350 653 fin.

1408 676 1461 735 4,
1482 673 1533 733 5,
1557 672 1638 723 11.
1668 697 1728 708 -
1747 673 1871 722 Eius
1890 673 2261 732 intermundia,
2287 673 2352 721 de

1409 758 1458 792 n.
1483 743 1532 794 d.
1558 743 1586 792 1
1602 778 1615 798 ,
1635 741 1697 800 8,
1728 742 1812 794 18.
1832 743 2174 808 -Ερὶοιιιιιε
2194 753 2352 806 posse

1409 818 1552 877 putat
1571 811 1722 859 etiam
1749 813 1992 861 minorem
2019 826 2130 860 esse
2165 808 2352 870 solem,

1409 895 1566 942 quam
1597 880 1852 943 videatur,
1893 881 1988 931 sed
2027 894 2128 930 non
2166 879 2349 940 multo,

1343 975 1348 980 ·
1410 965 1504 999 nec
1525 950 1769 999 maiorem
1799 949 2004 1012 quidem
2025 949 2182 998 multo
2205 955 2354 1013 putat

1413 1033 1526 1070 esse
1545 1018 1626 1068 vel
1648 1026 1840 1068 tanturn
1862 1033 1974 1068 esse
1990 1054 2004 1078 ,
2035 1025 2253 1082 quantus
2275 1018 2353 1065 vi-

1413 1089 1616 1144 deatur,
1651 1089 1812 1138 Acad.
1840 1103 1919 1152 pr.
1943 1089 2002 1146 2,
2034 1088 2130 1151 26,
2152 1086 2239 1136 82.
2277 1085 2348 1136 cf.

1408 1157 1478 1206 ib.
1502 1159 1554 1214 2,
1574 1155 1668 1217 39,
1698 1156 1810 1208 123.
1833 1157 2172 1220 *Epicurus
2200 1168 2352 1204 omne

1409 1225 1654 1275 iudicium
1676 1227 1728 1273 in
1759 1227 1996 1275 sensibus
2019 1233 2067 1275 et
2097 1227 2150 1274 in
2179 1239 2353 1274 rerum

1409 1293 1600 1343 notitiis
1621 1302 1670 1343 et
1701 1297 1752 1343 in
1775 1295 2032 1345 voluntate
2067 1293 2350 1353 constituit,

1409 1364 1484 1412 lb.
1505 1364 1537 1411 2
1555 1399 1568 1424 ,
1596 1361 1664 1414 46
1681 1399 1694 1421 ,
1721 1363 1836 1412 142.
1858 1390 1916 1399 -
1948 1363 2110 1427 Caput
2131 1368 2206 1411 est
2228 1361 2352 1426 Epi-

1409 1432 1542 1481 curi:
1561 1430 1624 1482 Sa·
1641 1434 1786 1482 ullum
1806 1447 1982 1482 sensus
1998 1436 2150 1482 visum
2163 1431 2352 1493 falsum

1409 1507 1512 1559 est,
1534 1501 1657 1552 nihil
1673 1509 1838 1563 potest
1845 1503 2048 1564 percipi
2060 1537 2074 1561 ,
2095 1502 2165 1548 Ib.
2189 1499 2240 1556 2,
2261 1497 2348 1558 32,

1410 1567 1530 1620 101.
1553 1597 1621 1606 —
1643 1570 1776 1629 Quid
1803 1570 1864 1620 de
1885 1571 2118 1618 sensibus
2141 1569 2348 1629 iudicet,

1408 1640 1481 1688 lb.
1502 1639 1553 1700 2,
1576 1639 1884 1702 25,79.11).
1906 1641 1966 1702 2,
1990 1639 2046 1697 7,
2072 1636 2156 1687 19.
2179 1663 2249 1673 —
2268 1635 2349 1684 Ab

1406 1707 1662 1772 Epicuro,
1703 1709 1790 1770 qui
1831 1715 1989 1756 totam
2028 1706 2350 1756 dialecticam

1408 1784 1456 1824 et
1477 1779 1752 1826 contemnit
1770 1782 1819 1824 et
1839 1776 2041 1837 irridet,
2064 1790 2164 1825 non
2186 1773 2346 1838 impe-

1407 1850 1541 1893 trant
1591 1845 1870 1906 dialectici,
1920 1852 1975 1894 ut
2013 1859 2190 1895 verum
2235 1856 2350 1892 esse

1409 1913 1680 1974 concedat,
1737 1915 1873 1976 quod
1933 1914 2001 1962 ita
2049 1913 2347 1963 effabimur:

1407 1982 1515 2031 Aut
1527 1984 1654 2031 vivet
1665 1998 1785 2032 cras
1798 1982 2140 2033 Hermarchus
2150 1991 2243 2031 aut
2253 1996 2354 2031 non

1407 2052 1562 2110 vivet,
1583 2050 1657 2101 lb.
1682 2052 1715 2099 2
1731 2087 1742 2107 ,
1767 2050 1851 2110 30,
1872 2050 1957 2103 97.
1983 2078 2047 2086 —
2069 2052 2168 2111 Qui
2192 2050 2353 2101 voluit

1408 2118 1677 2168 subvenire
1703 2118 1958 2168 erroribus
1988 2120 2267 2184 Epicurus,
2305 2120 2352 2167 is

1409 2188 1495 2250 qui
1515 2188 1716 2237 videtur
1733 2188 2029 2237 conturbare
2045 2188 2152 2237 veri
2171 2188 2352 2253 cogni-

1406 2258 1623 2320 tionem,
1665 2257 1895 2319 dixitque
1929 2258 2176 2321 sapientis
2215 2270 2352 2318 esse,

1410 2326 1699 2391 opinionem
1719 2341 1750 2375 a
1783 2327 2144 2393 perspicuitate
2178 2327 2354 2376 seiun-

1409 2410 1555 2461 gere,
1591 2396 1718 2445 nihil
1747 2395 1990 2460 proi'e-cit:
2023 2396 2188 2462 ipsius
2213 2395 2352 2443 enim

1411 2464 1666 2529 opinionis
1679 2478 1896 2515 errorem
1909 2464 2050 2513 nullo
2067 2464 2218 2515 modo
2233 2476 2353 2511 sus-

1409 2533 1553 2597 tulit,
1585 2534 1657 2583 lb.
1681 2538 1740 2595 2,
1775 2537 1864 2599 14,
1897 2534 1983 2583 45.
2005 2532 2350 2597 -Epicurus

1411 2602 1531 2651 dicit
1563 2618 1626 2651 ne
1656 2603 2111 2669 argumentandum
2138 2600 2350 2664 quidem

1411 2686 1523 2721 esse
1539 2673 1603 2721 de
1623 2671 1913 2736 voluptate,
1946 2672 2082 2734 quod
2111 2671 2176 2719 sit
2207 2668 2351 2733 posi-

1407 2746 1515 2789 tum
1537 2741 1646 2789 eius
1665 2741 1946 2790 iudicium
1934 2755 1986 2789 ιιι
2009 2739 2262 2795 sensibus,
2284 2736 2351 2785 de

1407 2804 2344 2869 fln.„313.01...‚,.dend140111

1407 2901 1480 2913 —-·
1517 2878 1710 2926 Verum
1765 2888 1813 2927 et
1862 2879 2083 2945 simplex
2139 2876 2345 2938 bonum,

1411 2943 1560 3006 quale
1592 2947 1685 3008 sit,
1719 2960 1775 2996 se
1805 2955 1958 3013 negat
1988 2946 2192 2996 omnino
2225 2943 2349 3007 Epi-

1411 3026 1564 3063 curus
1611 3016 1724 3064 sine
1761 3015 2103 3081 voluptatibus
2139 3026 2348 3063 sensum

1407 3084 1728 3133 moventibus
1751 3099 1814 3133 ne
1844 3085 2092 3148 suspicari
2121 3082 2346 3145 quidem,

1411 3152 1570 3201 Acad.
1606 3160 1739 3216 post.
1776 3153 1832 3212 1,
1870 3155 1932 3215 2,
1963 3153 2012 3203 7.
2048 3178 2117 3188 -
2139 3149 2348 3215 Epicuri

1405 3218 1540 3281 finis,
1561 3220 1686 3270 nihil
1696 3221 1884 3270 bonum
1897 3222 1996 3271 nisi
2011 3221 2341 3285 voluptatem,

1409 3288 1614 3338 Tuscul.
1638 3290 1688 3350 5,
1709 3288 1794 3349 30,
1813 3290 1900 3343 84.
1937 3290 2010 3339 11).
2032 3292 2084 3351 5,
2103 3287 2188 3347 31,
2211 3285 2278 3337 87
2299 3294 2348 3334 et

1409 3356 1496 3409 89.
1537 3384 1606 3395 —
1640 3327 1803 3423 N'egat
1838 3358 2090 3422 Epicurus
2128 3354 2347 3406 iucunde

1410 3440 1566 3491 posse
1585 3426 1722 3487 vivi,
1753 3426 1854 3477 nisi
1877 3440 2030 3487 quum
2064 3426 2246 3474 virtute
2269 3422 2345 3470 vi-
