2500 3850
341 180 460 242 122
683 163 704 177 ⁶
833 191 896 238 P.
928 191 1178 238 Dncms
1209 161 1463 240 Mus—
1492 193 1910 240 Damnatis,

405 349 705 407 triennium,
757 361 910 409 quum
963 347 1140 395 consul
1187 353 1340 411 esset,

405 418 610 467 devovit
629 433 684 467 se
699 451 714 476 ,
735 415 807 465 11).
831 442 898 450 -
916 415 971 469 P.
993 415 1178 465 Decius
1206 415 1339 480 Mna,

403 487 604 551 collega
633 486 689 534 T.
714 483 892 533 Manlii
921 485 1188 548 Imperiosi
1218 484 1344 534 Tor-

405 557 544 618 quati
571 569 617 603 a.
647 570 698 603 u.
736 569 781 605 c.
818 553 973 615 414.,
1011 555 1250 619 princeps
1288 556 1341 602 in

402 639 460 674 ea
489 623 681 676 familia
701 622 1021 686 consulatuS,
1055 637 1112 672 se
1135 621 1342 674 devovit

401 701 450 744 et
468 709 596 757 equo
617 693 840 742 admisso
862 693 914 739 in
933 691 1155 741 mediam
1180 693 1341 742 aciem

398 763 695 813 Latinorum
729 761 901 821 irruit,
945 761 1010 810 de
1037 759 1124 809 fin.
1159 762 1220 828 2,
1256 761 1338 825 19,

400 832 486 883 61.
527 832 592 880 V.
631 830 834 879 Tuscul.
871 798 931 893 1’,
961 827 1057 893 37,
1085 827 1169 880 89
1190 831 1334 883 -Ρ.

391 883 599 951 Decius
623 900 842 963 primum
879 905 1048 963 pater,
1088 906 1208 962 post
1242 899 1337 948 ali-

399 977 522 1032 quot
546 983 706 1017 annos
733 969 898 1032 patria
928 968 1112 1016 virtute
1134 968 1336 1032 praedi-

396 1046 480 1086 tus
513 1036 646 1086 filius
685 1052 742 1086 se
777 1052 838 1086 ac
874 1037 1028 1086 vitam
1067 1052 1212 1087 suam
1259 1039 1336 1086 in-

400 1113 591 1156 structa
640 1105 748 1154 acie
798 1121 891 1170 pro
947 1105 1111 1154 salute
1155 1105 1337 1171 populi

397 1177 546 1226 Rom.
599 1173 912 1236 victoriaque
957 1175 1186 1233 devovit,
1241 1189 1335 1239 pro

398 1243 531 1294 Sest.
565 1243 658 1304 21,
691 1242 778 1296 48.
819 1244 882 1291 de
903 1258 1015 1296 sen.
1041 1242 1124 1304 13,
1147 1242 1230 1294 43.
1271 1242 1334 1292 ci.

397 1314 464 1363 ad
484 1311 599 1362 Her.
625 1313 675 1374 4,
699 1313 786 1374 44,
807 1313 892 1365 57.

325 1379 396 1434 P.
427 1379 634 1437 Decius
663 1380 791 1432 Mus
822 1381 876 1430 in
908 1382 1172 1432 devotione
1202 1381 1335 1430 vitae

397 1461 446 1502 et
478 1454 528 1501 in
551 1454 665 1517 ipso
686 1465 870 1518 genere
899 1451 1078 1500 mortis
1106 1451 1333 1500 imitatus

395 1529 472 1572 est
500 1530 694 1585 patrem
710 1557 724 1580 ,
757 1535 849 1584 pro
869 1520 998 1570 Rab.
1023 1519 1262 1570 Postumo
1282 1520 1333 1579 1,

396 1593 447 1640 2.
485 1590 548 1636 V.
570 1585 753 1639 Decii.

324 1657 391 1717 P.
440 1654 668 1708 Decius.
734 1657 1026 1722 Ambigitur
1079 1658 1337 1722 ceperitne

395 1733 570 1776 contra
601 1726 742 1790 leges
766 1727 1012 1788 pecunias
1043 1728 1100 1776 P.
1127 1727 1333 1790 DeciuS,

393 1796 458 1845 de
483 1802 610 1843 orat.
633 1795 666 1842 2
682 1827 697 1854 ,
733 1791 797 1842 31
813 1829 828 1853 ,
852 1791 968 1844 135.
1003 1795 1176 1858 partit.
1201 1803 1330 1848 orat.

392 1862 478 1923 30,
498 1860 714 1913 104.·De
733 1862 843 1910 eius
862 1862 1165 1929 eloquentia,
1188 1864 1331 1916 Brut.

319 2001 386 2053 P.
422 1998 661 2064 Decius,
700 1999 896 2065 collega
937 2001 1006 2056 Μ.
1038 2003 1245 2052 Antonii
1278 2004 1332 2053 in

392 2072 780 2136 septemviram,
802 2068 1024 2135 Philipp.
1048 2072 1110 2122 11
1129 2108 1146 2131 ,
1171 2071 1221 2133 6,
1247 2070 1328 2122 13.

391 2140 462 2187 11).
490 2137 573 2198 13,
597 2137 681 2197 13,
701 2140 785 2189 27.

321 2206 391 2272 Q.
411 2204 618 2258 Decius
637 2208 753 2257 trib.
777 2206 848 2271 pl.
872 2222 919 2257 a.
940 2223 990 2260 u.
1012 2224 1056 2261 c.
1075 2207 1197 2260 634.
1220 2224 1328 2259 ma-

385 2277 582 2327 iestatis
609 2276 868 2325 accusavit
886 2276 946 2327 L.
970 2276 1248 2341 Opimium,
1272 2277 1326 2327 C.

389 2345 599 2396 Gracchi
619 2346 1022 2412 interfectorem,
1046 2347 1110 2397 de
1129 2354 1253 2395 orat.
1274 2347 1324 2411 2,

315 2452 553 2535 Decumi
581 2482 648 2547 (s,
677 2481 924 2550 Decimi)
956 2490 1005 2533 et
1026 2482 1220 2543 Clodii,
1261 2482 1325 2532 de

387 2554 555 2619 operis
604 2552 893 2612 Clodianis,
943 2554 1005 2601 de
1046 2551 1194 2601 domo
1231 2566 1327 2603 sua

313 2686 606 2751 Deianira,
621 2688 777 2738 Oenei
790 2688 911 2753 filia,
927 2689 1156 2739 Herculis
1172 2704 1321 2753 uxor,

385 2754 596 2806 Tuscul.
623 2760 674 2819 2,
707 2756 757 2819 8,
785 2758 871 2809 20.
912 2757 974 2807 de
996 2772 1045 2807 n.
1069 2759 1120 2809 d.
1142 2758 1201 2821 3,
1233 2758 1319 2819 28,

383 2825 467 2875 70.

311 2890 616 2945 Deiotarus
635 2908 750 2957 rex,
771 2899 931 2959 pater.
969 2894 1090 2945 Eius
1111 2897 1320 2946 auxiliis

381 2964 584 3028 magnis
621 2977 744 3012 usus
778 2971 854 3015 est
889 2963 1064 3014 Cicero
1097 2965 1150 3013 in
1182 2966 1318 3016 bello

381 3032 626 3083 adversus
669 3030 1035 3082 Pindenissitae
1081 3048 1128 3085 a.
1176 3049 1228 3087 u.
1271 3052 1315 3085 c.

378 3100 497 3153 703.
517 3137 530 3160 ,
551 3101 618 3150 ad
642 3101 746 3150 Att.
769 3102 830 3163 5,
858 3100 941 3165 18,
961 3103 1011 3155 2.
1053 3103 1124 3152 11).
1150 3102 1201 3162 5,
1229 3102 1312 3164 20,

375 3168 428 3220 9.
461 3170 535 3220 11).
558 3170 610 3234 5,
634 3169 720 3232 21,
743 3171 824 3221 14.
861 3170 936 3219 11).
955 3169 1005 3229 6,
1027 3170 1075 3231 1,
1103 3173 1138 3220 4
1157 3179 1207 3220 et
1227 3172 1311 3222 14.

378 3266 445 3276 —
470 3237 738 3289 Deiotarus
762 3254 856 3290 rex
872 3239 1063 3289 iudicio
1087 3247 1311 3301 senatus,

377 3308 441 3355 de
461 3308 673 3372 harusp.
703 3323 840 3374 resp.
867 3309 957 3370 13,
980 3309 1063 3360 29.
1095 3334 1163 3345 --
1189 3310 1313 3359 Eius

377 3374 572 3423 litterae
609 3376 670 3424 de
702 3377 980 3442 irruptione
1011 3376 1313 3427 Parthorum

375 3456 422 3489 a:
444 3457 494 3491 u.
517 3458 562 3490 c.
585 3442 702 3493 703.
718 3479 733 3504 ,
757 3442 892 3493 Cael.
915 3445 982 3493 ad
1004 3443 1124 3494 fam.
1149 3445 1199 3506 8,
1231 3445 1310 3511 10,

1484 349 1510 399 1
1542 355 1593 397 et
1606 350 1655 402 2.
1680 375 1745 388 -·
1770 348 2128 414 Fidelissimus
2151 366 2253 400 rex
2284 362 2415 414 atque

1480 418 1824 467 amicissimus
1861 418 1937 466 rei
1968 419 2115 482 publ.
2144 419 2413 479 Romanae,

1481 486 1547 535 ad
1563 486 1685 539 fam.
1708 486 1791 542 15.
1810 489 1859 544 2,
1877 487 1931 539 2.
1960 487 2035 536 11).
2060 488 2147 548 15,
2171 490 2231 548 4,
2252 489 2289 539 5
2310 498 2355 538 et
2373 494 2409 540 7.

1482 555 1544 605 cl.
1567 556 1637 606 ib.
1662 556 1745 616 15,
1768 555 1814 617 l,
1840 554 1891 605 6.
1910 581 1985 592 —
2003 557 2233 606 Maxime
2254 573 2413 608 neces-

1478 625 1645 674 sarius
1668 625 1728 673 Μ.
1752 622 1945 685 Catoni,
1966 623 2038 674 11).
2065 624 2149 684 15,
2169 629 2227 686 4,
2256 627 2338 679 15.
2360 655 2411 663 —-

1478 691 1628 742 Mittit
1668 692 1864 758 legatos
1900 693 1966 742 ad
2002 694 2408 751 Ariobarzanem,

1480 761 1832 827 Cappadociae
1861 777 2064 827 regem,
2107 763 2171 812 de
2208 767 2413 828 pecunia

1478 831 1539 880 ab
1562 846 1622 880 eo
1644 831 1711 879 M.
1734 831 1889 882 Bruto
1914 831 2116 893 debita,
2146 831 2218 880 ad
2244 835 2350 882 Att.
2368 833 2408 895 6,

1481 899 1506 948 1
1524 937 1539 960 ,
1561 901 1613 948 4.
1639 925 1705 935 —-
1737 899 1998 948 Pinarium
2030 900 2409 966 diligentissime

1478 975 1620 1017 curat
1644 969 1867 1034 graviter
1899 982 2141 1034 aegrum,
2169 971 2250 1019 11).
2280 970 2340 1031 6,
2370 971 2405 1027 1,

1475 1035 1562 1088 23.
1601 1063 1671 1072 —-
1699 1037 1967 1086 Deiotarus
2009 1037 2141 1086 nihil
2176 1053 2407 1101 umquam

1475 1107 1577 1155 nisi
1596 1107 1855 1169 auspicato
1877 1109 2067 1171 gessit,
2094 1109 2161 1156 de
2186 1107 2347 1160 divin.
2368 1107 2404 1169 1,

1479 1174 1573 1234 15,
1604 1174 1690 1226 26.
1732 1175 1799 1224 cl.
1833 1176 1898 1224 ib.
1934 1175 1991 1236 1,
2016 1175 2111 1235 15,
2136 1175 2225 1226 27.
2272 1177 2344 1225 11).
2365 1179 2405 1236 2,

1476 1243 1527 1304 8,
1548 1241 1632 1294 20.
1662 1244 1735 1293 Ib.
1757 1245 1807 1303 2,
1832 1243 1917 1303 37,
1940 1242 2025 1293 78.
2053 1244 2130 1292 Ib.
2154 1246 2204 1304 2,
2226 1245 2319 1306 36,
2334 1245 2404 1294 77.

1474 1337 1545 1350 --
1596 1313 1862 1363 Deiotarus
1912 1311 2178 1362 Caesarem
2238 1315 2405 1364 eodem

1472 1388 1703 1447 tempore
1728 1380 1927 1430 hostem
1964 1389 2013 1431 et
2046 1381 2310 1447 hospitem
2340 1383 2406 1432 vi-

1476 1451 1577 1511 dit,
1599 1451 1671 1499 Ib.
1698 1451 1749 1510 2,
1773 1450 1858 1511 37,
1882 1451 1967 1501 79.
1986 1476 2055 1486 -
2074 1449 2246 1500 Causa
2268 1453 2404 1501 Deio-

1472 1519 1571 1568 tari
1598 1518 1809 1569 defensa
1845 1535 1875 1568 a
1908 1519 1974 1568 Μ.
2010 1518 2163 1568 Bruto
2194 1535 2249 1572 a.
2280 1536 2332 1571 u.
2366 1537 2399 1570 c.

1474 1588 1595 1640 707.
1614 1624 1628 1645 ,
1658 1587 1799 1638 Brut.
1824 1589 1884 1649 5,
1911 1589 1995 1639 21.
2024 1617 2093 1628 ·—
2121 1590 2219 1638 Pro
2250 1605 2311 1639 eo
2333 1605 2405 1638 co·

1474 1671 1583 1706 ram
1608 1655 1821 1706 Caesare
1846 1658 1916 1708 M.
1945 1656 2136 1706 Brutus
2164 1657 2303 1707 dixit
2330 1657 2405 1706 Ni-

1476 1741 1653 1791 caeae,
1678 1725 1747 1776 ad
1775 1727 1880 1778 Att.
1904 1725 1972 1776 14
1990 1762 2003 1786 ,
2036 1726 2063 1775 1
2080 1763 2094 1787 ,
2123 1728 2173 1777 2.
2200 1753 2271 1763 -
2295 1727 2402 1778 Ora-

1470 1796 1662 1844 tionem
1686 1810 1780 1859 pro
1800 1793 2037 1845 Deiotaro
2068 1793 2303 1845 habitam
2332 1795 2403 1846 Gi-

1472 1879 1585 1914 cero
1605 1864 1759 1913 mittit
1769 1862 2058 1915 Dolabellae
2076 1877 2124 1912 a.
2140 1879 2192 1912 u.
2206 1881 2255 1914 c.
2273 1864 2399 1925 709„

1472 1935 1539 1984 ad
1569 1934 1693 1986 fam.
1724 1932 1788 1994 9,
1830 1934 1923 1993 12,
1960 1934 2322 1984 l.—Iocatur
2346 1935 2399 1984 de

1472 2004 1675 2068 exiguis
1711 2003 1934 2052 Deiotari
1971 2004 2298 2065 muneribus,
2335 2004 2395 2053 Ib.

1470 2072 1532 2133 9,
1567 2072 1659 2133 12,
1691 2074 1741 2123 2.
1784 2070 1859 2121 cf.
1894 2075 2051 2121 totam
2091 2087 2167 2122 or.
2206 2071 2398 2122 Deiota-

1467 2141 1679 2193 rianam.
1706 2167 1769 2177 —
1801 2140 1932 2189 Eum
1957 2154 2118 2205 nepos
2148 2140 2330 2191 Castor
2355 2142 2399 2188 in

1470 2209 1739 2259 discrimen
1782 2210 1965 2275 capitis
2012 2210 2266 2270 adduxit,
2318 2223 2395 2275 pro

1468 2277 1632 2328 Deiot.
1658 2279 1705 2339 1,
1727 2281 1775 2329 2.
1792 2304 1861 2314 --
1876 2278 2000 2326 Eius
2016 2276 2308 2343 frugalitas,
2330 2279 2396 2329 11).

1466 2347 1529 2407 9,
1554 2348 1639 2397 27.
1666 2372 1737 2385 -
1769 2347 1891 2396 Eius
1925 2362 2081 2412 gener
2115 2346 2397 2397 Saoconda·

1466 2416 1573 2465 rius
1588 2416 1699 2479 ,11).
1724 2416 1805 2478 11,
1826 2415 1911 2468 30.
1932 2443 2003 2452 -
2022 2416 2217 2481 Magno
2240 2420 2395 2466 animo

1468 2492 1516 2533 et
1539 2492 1704 2535 erecto
1732 2492 1864 2546 erat,
1887 2484 1962 2534 11).
1986 2483 2052 2536 13
2068 2520 2083 2546 ,
2106 2483 2195 2536 36.
2214 2512 2288 2524 --
2310 2486 2394 2535 Ini-

1464 2554 1774 2604 micissimus
1792 2552 2028 2605 Deiotaro
2050 2553 2267 2619 Caesar,
2287 2554 2394 2603 Phi-

1464 2623 1591 2687 lipp.
1615 2625 1675 2681 2,
1706 2624 1803 2682 37,
1836 2622 1904 2673 93
1934 2638 2046 2685 sqq.
2083 2648 2153 2658 —-
2180 2622 2395 2673 Deiotari

1462 2692 1682 2741 ministri
1716 2690 1892 2741 Hieras
1928 2691 2314 2752 et-Blesamius,
2337 2691 2393 2740 ad

1463 2762 1568 2811 Att.
1595 2760 1677 2820 16,
1700 2759 1731 2811 3
1747 2798 1761 2821 ,
1780 2760 1831 2813 6.
1850 2788 1922 2799 —-·
1942 2763 2067 2810 ltem
2092 2761 2391 2826 AntigonuS,

1460 2844 1554 2895 pro
1580 2830 1742 2879 Deiot.
1770 2829 1863 2890 15,
1884 2829 1969 2879 41.
1995 2828 2285 2895 —Dignus
2313 2829 2391 2878 ille

1462 2899 1665 2963 quidem
1696 2899 1833 2947 omni
1857 2913 2043 2963 regno,
2066 2898 2163 2947 sed
2189 2914 2289 2949 non
2310 2912 2389 2963 per

1458 2967 1709 3026 Fulviam,
1730 2968 1796 3016 ad
1815 2968 1921 3016 Att.
1945 2967 2027 3028 14,
2051 2965 2136 3029 12,
2163 2967 2215 3020 1.
2250 2967 2385 3017 cl.ib.

1462 3037 1553 3094 14,
1587 3034 1678 3098 19,
1711 3036 1763 3085 2.
1782 3060 1854 3073 —
1885 3036 2157 3085 Deiotarus
2186 3051 2281 3085 rex
2308 3049 2389 3085 sua

1458 3112 1667 3169 sponte,
1690 3102 1845 3155 nullis
1870 3105 2255 3155 commentariis
2277 3104 2386 3154 Cae-

1455 3175 1584 3223 saris
1596 3211 1611 3237 ,
1633 3174 1785 3223 simul
1805 3182 1954 3237 atque
1970 3172 2171 3223 audivit
2190 3174 2303 3223 eius
2322 3174 2385 3221 in-

1456 3241 1659 3293 teritum
1672 3279 1687 3308 ,
1710 3257 1804 3292 suo
1828 3243 1989 3293 Marte
2007 3256 2090 3291 res
2109 3256 2235 3291 suas
2256 3256 2385 3291 recu·

1452 3312 1650 3375 peravit
1665 3348 1679 3371 ,
1698 3311 1919 3377 Philipp.
1944 3314 1993 3368 2,
2012 3310 2097 3368 37,
2120 3309 2211 3363 95.
2236 3311 2385 3359 —De

1452 3393 1549 3443 ope
1591 3379 1654 3427 ab
1692 3394 1751 3427 eo
1794 3390 1843 3429 et
1881 3381 1990 3429 eius
2024 3378 2131 3427 filio
2177 3378 2383 3444 imperio

1452 3446 1599 3496 Rom.
1621 3446 1861 3513 ferenda,
1896 3448 1971 3497 lb.
2002 3447 2083 3499 11.
2112 3447 2199 3507 12,
2220 3448 2306 3499 31.
2328 3469 2383 3482 --
