2500 3850
160 215 279 276 148

222 397 328 432 rem
376 364 568 447 gessit,
616 379 797 430 foedus
844 393 958 428 cum
1004 379 1159 426 Hera-

223 451 497 502 eliensibus
517 449 655 510 fecit,
678 463 770 513 pro
790 446 944 497 Balbo
964 449 1047 508 22,
1072 447 1155 496 50.

223 549 290 556 -
342 520 463 568 Eius
502 518 719 569 facetum
773 517 962 566 dictum
1009 517 1063 564 in
1104 516 1157 564 P.

470 223 529 272 C.
561 224 649 270 ET
680 224 744 270 L.
780 222 1091 270 FABRICII
1125 243 1211 253 -·
1242 225 1304 270 Τ.
1337 224 1589 270 FADIUS
1625 223 1918 270 GALLUS.

1301 378 1388 439 36,
1404 378 1487 431 78.
1505 406 1570 414 —
1583 377 1748 437 Quum
1771 379 1834 428 de
1855 379 2020 428 reditu
2035 377 2244 430 Cicero·

1299 451 1380 566 [11115
1400 448 1564 567 Ιὲξειῐι
1583 447 1749 508 ferret,
1768 449 1947 512 pulsus
1962 485 1976 509 ,
2008 463 2102 513 pro
2131 447 2242 502 Mil.

224 589 512 640 Cornelium
538 585 811 646 Rufinum,
850 586 913 635 de
950 593 1075 638 orat.
1111 586 1161 642 2,
1230 584 1438 648 Fadia,
1460 585 1566 634 filia
1587 586 1643 644 Q.
1665 587 1806 636 Fadii
1828 587 1972 637 Galli.
2013 587 2073 635 Ei
2094 586 2243 635 liere-

224 658 319 722 66,
354 657 474 710 268.
509 684 579 693 -
608 655 732 706 Cum
769 655 907 720 Papo
944 652 1159 704 Aemilio

219 727 302 776 bis
322 740 422 774 una
442 725 619 776 consul
649 732 699 774 et
730 739 909 774 censor
936 723 1061 784 fuit,
1098 722 1163 771 de

224 811 324 849 am.
342 795 423 855 11,
438 793 522 846 39.
536 793 898 844 —Veneficum
916 793 1161 842 reducen-

224 867 343 915 dum
366 865 559 914 curavit
578 863 645 912 ad
665 862 910 927 Pyrrhum
925 898 940 922 ‚
1071 860 1159 913 off.

222 933 282 994 3,
319 934 413 996 22,
444 931 527 985 86.
569 931 809 992 cl.ib.l,
845 929 940 994 13,
1046 965 1058 978 .
1100 930 1163 980 de

220 1003 306 1052 fin.
332 1003 362 1052 5
378 1041 391 1064 ,
424 1003 490 1052 22
507 1038 522 1065 ,
542 1000 628 1051 64.
651 1027 720 1038 -
740 999 793 1049 G.
814 999 1079 1049 Fabricius
1098 998 1165 1048 ad

220 1071 471 1135 Pyrrhum
509 1070 571 1119 de
608 1070 820 1134 captivis
855 1082 1161 1133 recuperau-

223 1141 303 1191 dis
339 1141 553 1199 missuS,
590 1137 729 1188 Brut.
763 1138 855 1201 14,
886 1137 972 1189 55.
1004 1165 1069 1174 —
1100 1135 1156 1189 C.

219 1210 482 1260 Fabricius
503 1210 555 1256 in
583 1207 833 1270 colloquio
862 1222 975 1257 oum
1007 1205 1161 1256 Cinea

220 1278 432 1328 miratus
480 1285 557 1327 est
609 1291 903 1342 perversam
952 1275 1160 1340 Epicuri

222 1349 529 1410 doctrinam,
553 1347 615 1396 de
635 1361 741 1396 sen.
768 1344 850 1404 13,
872 1345 959 1398 43.
982 1373 1047 1380 —
1068 1344 1160 1394 Se-

222 1433 322 1467 nex
339 1434 449 1468 rein
472 1415 725 1480 publicam
750 1413 964 1465 consilio
991 1421 1040 1462 et
1069 1429 1161 1462 au-

224 1489 448 1537 ctoritate
468 1485 795 1540 defendebat,
816 1485 890 1536 Ib.
914 1482 965 1543 6,
991 1483 1069 1534 15.
1093 1509 1161 1518 --

224 1555 278 1606 C.
300 1555 559 1606 Fabricius
575 1591 589 1615 ,
620 1554 819 1604 virtutis
850 1567 1005 1602 causa
1025 1552 1161 1601 solu-

221 1631 303 1675 tus
345 1625 572 1689 legibus,
616 1629 918 1672 consecutus
954 1628 1058 1685 est,
1108 1627 1163 1669 ut

1303 655 1434 704 ditas
1453 666 1664 719 paterna
1681 657 1924 721 subrepta
1951 671 1979 704 a
1999 656 2053 704 P.
2075 655 2245 705 Sexti-

1303 724 1371 775 lio
1393 723 1524 772 Rufo
1545 762 1558 784 ,
1581 725 1644 772 de
1667 724 1754 774 fin.
1775 726 1824 784 2,
1847 725 1930 785 17,
1955 725 2039 774 55.

1229 790 1437 855 Fadia,
1462 790 1516 846 C,
1542 793 1682 842 Fadii
1701 793 1834 855 fllia,
1857 809 1988 844 uxor
2007 794 2238 854 Antonii,

1301 863 1524 926 Philipp.
1553 859 1632 925 13,
1659 861 1740 924 10,
1764 855 1850 914 2'3.

1230 929 1472 993 Fadius,
1513 930 1658 980 miles
1697 931 2066 994 PompeianuS,
2111 946 2144 980 a
2179 931 2238 979 L.

1305 999 1534 1050 Cornelio
1547 999 1702 1050 Balbo
1723 1001 1916 1049 minore
1936 1001 2082 1049 vivus
2105 1015 2241 1048 com-

1301 1071 1480 1119 bustus
1496 1106 1509 1128 ,
1533 1069 1599 1118 ad
1622 1068 1741 1118 fam.
1765 1067 1848 1129 10,
1869 1067 1953 1132 32,
1979 1068 2030 1119 3.

1233 1137 1296 1188 C.
1323 1135 1442 1203 (Q.)
1472 1136 1701 1188 Fadius.
1744 1138 1800 1197 Q.
1835 1138 2021 1187 Fadius
2050 1137 2242 1188 liberti-

1302 1220 1398 1256 nus
1430 1207 1601 1256 homo.
1635 1205 1798 1257 Huius
1824 1207 1980 1256 filiam
2014 1206 2243 1273 locuple-

1300 1285 1401 1327 tem
1421 1276 1488 1329 M.
1514 1277 1764 1326 Antonius
1786 1275 2082 1326 adolescens
2111 1291 2242 1325 uxo-

1300 1359 1405 1395 rem
1422 1347 1636 1394 duxerat
1656 1361 1720 1394 ex
1741 1361 1900 1408 eaque
1918 1346 2107 1398 liberos
2127 1361 2245 1394 sus-

1300 1414 1514 1474 tulerat,
1545 1413 1768 1481 Philipp.
1800 1416 1861 1478 2,
1893 1417 1956 1477 2,
1986 1413 2037 1468 3.
2077 1415 2140 1464 el.
2177 1415 2244 1465 ad

1301 1488 1404 1534 Att.
1433 1483 1513 1545 16,
1541 1483 1622 1546 11,
1647 1484 1696 1536 l.

1229 1553 1292 1604 L.
1306 1550 1518 1603 Fadius
1539 1551 1720 1604 aedilis
1737 1553 1936 1618 Arpini,
1958 1553 2023 1602 ad
2039 1554 2144 1602 Att.
2159 1553 2244 1612 15,

1303 1623 1386 1678 15,
1414 1623 1461 1670 1.
1488 1623 1560 1670 Ib.
1586 1623 1666 1682 15,
1693 1623 1776 1681 17,
1799 1622 1846 1670 1.
1879 1623 1950 1671 Ib.
1976 1621 2058 1682 15,
2081 1620 2166 1680 20,
2187 1624 2241 1675 4.

224 1701 401 1742 contra
435 1693 600 1757 legem
638 1691 749 1742 XII.
789 1689 1071 1740 tabularum
1114 1692 1165 1738 iu
1230 1689 1310 1742 M.
1334 1687 1544 1740 Fadius
1570 1689 1798 1754 Gallus,
1839 1692 1918 1741 vir
1943 1691 2163 1755 optimus
2195 1701 2246 1740 et.

222 1763 346 1811 urbe
376 1761 707 1824 sepeliretur,
748 1759 812 1809 de
846 1759 945 1824 leg.
982 1761 1044 1819 2,
1074 1757 1162 1820 23,

222 1830 306 1882 58.
330 1829 700 1890 ——Fabriciu5,
723 1837 777 1877 ut
804 1829 1165 1892 Atrtsttdes,1u

222 1909 332 1951 stus
357 1900 669 1958 nominatur,
705 1899 768 1949 de
790 1897 877 1952 off.
900 1895 962 1957 3,
992 1899 1053 1961 4,
1080 1896 1161 1948 16.

223 1994 291 2007 —·
324 1970 447 2020 Eius
468 1970 747 2034 sapientia,
781 1969 844 2017 de
876 1982 976 2020 am.
1002 1964 1163 2025 5,18.

222 2041 295 2089 11).
317 2040 367 2101 8,
390 2038 475 2089 28.
494 2066 557 2074 —-
574 2038 701 2089 Eius
724 2037 1048 2097 coutinentia,
1070 2050 1163 2099 pa-

222 2106 587 2167 rad.1‚,.2l2
626 2104 1163 2167 Ι1),62,.48-Το-

223 2177 452 2228 lerabilis
486 2177 595 2225 eius
629 2181 929 2241 paupertas,
940 2172 1160 2224 Tuscul.

224 2246 273 2307 3,
296 2246 379 2308 23,
403 2245 489 2297 56.
530 2246 593 2295 dc
613 2244 727 2309 lege
748 2248 856 2307 ag'r.
880 2242 929 2301 2,
958 2241 1051 2302 24,
1072 2242 1158 2293 64.

225 2314 456 2365 -Adis
480 2314 720 2374 dilectus,
755 2312 889 2362 den.
916 2312 965 2358 d.
990 2311 1051 2370 2,
1073 2308 1157 2371 66,

226 2384 345 2436 165.
388 2411 453 2419 -
491 2382 614 2432 Cum
646 2380 908 2446 LycurgO,
948 2378 1160 2439 pittace,

222 2452 409 2505 Solone
450 2457 803 2516 comparatur,
846 2448 909 2497 de
948 2455 1073 2497 orat.
1108 2446 1159 2508 3,

227 2521 308 2583 15,
331 2520 415 2573 56.
464 2517 741 2578 Eiuslaus,
765 2532 857 2582 pro
878 2515 1052 2567 Plano.
1075 2514 1159 2576 25,

156 2654 219 2707 G.
242 2664 289 2706 ct
308 2657 369 2707 L.
393 2652 640 2707 Fabricii
666 2654 851 2703 fratres
880 2655 1069 2719 gemini
1100 2670 1163 2703 ex

222 2726 502 2788 municipio
524 2722 820 2785 Aletrinati,
844 2737 937 2788 pro
964 2722 1157 2773 Cluent.

228 2794 317 2852 16,
339 2792 427 2843 46.
450 2818 519 2827 —-—
539 2790 591 2841 C.
614 2791 873 2841 Fabricius
894 2792 1164 2842 insidiatur

225 2861 477 2923 Cluentio,
509 2861 585 2909 Ib.
611 2861 705 2923 16,
736 2862 823 2911 47.
845 2888 911 2897 —·
938 2861 1075 2910 Reus
1098 2862 1161 2909 ab

226 2946 285 2980 eo
310 2931 503 2995 facture,
530 2930 607 2981 Ib.
628 2927 719 2989 20,
738 2929 824 2983 56.
848 2956 917 2965 -
938 2932 1163 2983 Accusa-

222 3008 305 3049 tus
338 3015 367 3050 a
387 3001 443 3050 P.
467 2998 708 3062 Canutio,
737 2998 977 3049 defensus
1002 3014 1033 3048 a
1057 3016 1163 3049 ma-

222 3071 331 3119 ior·
352 3068 1163 3144 Caepasi0‚condemnatu5,1b.

157 3208 227 3275 Q.
248 3174 574 3272 Fabricius,
605 3210 836 3259 tribunus
865 3207 937 3274 pl.
968 3224 1013 3258 a.
1036 3225 1091 3259 u.
1113 3224 1158 3261 c.

224 3277 344 3331 697.
390 3279 574 3328 Fautor
606 3278 884 3343 Ciceronis,
916 3278 983 3328 ad
1010 3279 1067 3337 Q.
1095 3278 1157 3328 fr.

227 3348 274 3403 1,
295 3348 353 3407 4,
379 3345 431 3400 3.
469 3357 585 3412 post
615 3348 723 3399 red.
756 3348 806 3396 in
837 3362 944 3400 sen.
979 3346 1039 3407 8,
1076 3349 1160 3398 22.

226 3417 447 3477 Impetus
476 3418 528 3464 in
550 3432 665 3466 eum
698 3417 861 3466 factus
898 3417 961 3465 ab
993 3417 1163 3478 operis

228 3482 516 3543 Clodianis„
558 3500 650 3549 pro
680 3484 814 3539 sest,
836 3483 929 3547 35,
958 3483 1041 3531 75.
1081 3484 1157 3535 Ib.

1301 1759 1455 1808 homo
1479 1760 1832 1820 doctissimus,
1855 1759 2060 1809 ad‘fam.
2083 1761 2134 1818 2,
2161 1760 2244 1818 14,

1309 1828 1355 1880 1.
1373 1853 1442 1864 -
1468 1829 1698 1878 Caesaris
1717 1828 1946 1893 legatus,
1971 1830 2038 1878 ad
2061 1829 2164 1878 Att.
2195 1832 2244 1888 7,

1303 1896 1355 1958 3,
1375 1895 1424 1947 3.
1449 1896 1511 1945 cl.
1537 1895 1603 1945 ib.
1627 1897 1678 1957 8,
1701 1896 1750 1960 3,
1773 1898 1824 1949 7.
1851 1925 1918 1934 -
1938 1899 2244 1949 Amantissi-

1303 1980 1418 2015 mus
1438 1964 1593 2013 Attici
1613 1974 1660 2015 et
1681 1965 1938 2015 Ciceronis
1953 2004 1966 2027 ‚
1990 1969 2061 2017 Ib.
2084 1967 2134 2027 8,
2159 1968 2244 2031 12,

1306 2034 1456 2083 l.-—
1485 2034 1598 2082 Fuit
1621 2034 1906 2099 Epicurius·
1963 2036 2092 2086 Eum
2128 2052 2243 2085 oum

1305 2102 1364 2161 Q.
1389 2102 1544 2151 Fadio
1566 2101 1721 2152 fratre
1753 2103 2039 2168 litigantem
2067 2105 2245 2154 Cicero

1304 2170 1625 2221 commendat
1656 2173 1809 2222 Paeto
1841 2187 1888 2223 a.
1929 2188 1980 2221 u.
2013 2190 2058 2226 c.
2098 2171 2240 2235 708„

1303 2241 1370 2290 ad
1389 2239 1511 2292 fam.
1541 2238 1604 2302 9,
1637 2241 1704 2291 25
1721 2278 1732 2298 ,
1763 2242 1815 2294 2.
1837 2268 1901 2277 -—
1924 2242 1966 2290 A
1990 2242 2043 2292 G.
2067 2240 2244 2293 Cassio

1304 2310 1535 2359 Ciceroni
1583 2311 1994 2375 commendatae,
2045 2312 2116 2363 Ib.
2159 2311 2242 2371 15,

1302 2379 1371 2429 14
1388 2415 1398 2429 .
1423 2377 1469 2427 1.
1493 2406 1564 2416 -
1585 2378 1973 2429 Commendatur
1993 2378 2048 2430 C.
2075 2379 2242 2431 Curtio

1302 2446 1661 2509 Peducaeano,
1684 2450 1756 2498 Ib.
1783 2448 1847 2499 13
1863 2484 1876 2508 ,
1897 2450 1983 2503 59.
2007 2476 2072 2485 -—
2095 2450 2241 2501 Falso
2298 2494 2303 2499 .

1301 2516 1600 2578 verebatur,
1631 2533 1693 2567 ne
1720 2518 2074 2569 destitueretur
2103 2535 2134 2569 a
2161 2518 2242 2569 Ci-

1302 2600 1484 2635 cerone
1505 2594 1716 2651 patrono
1748 2602 1795 2637 a.
1827 2603 1878 2636 u.
1913 2603 1956 2636 c.
1987 2587 2107 2638 709.
2128 2625 2143 2649 ,
2175 2590 2241 2635 ad

1306 2656 1408 2707 Att.
1434 2654 1517 2716 13,
1532 2656 1616 2719 49,
1639 2656 1689 2705 2.
1705 2682 1772 2693 --
1787 2656 1868 2705 Ad
1889 2672 2004 2707 eum
2021 2658 2242 2721 scriptae

1303 2732 1420 2773 suut
1451 2739 1565 2788 epp.
1588 2725 1652 2773 ad
1681 2723 1804 2779 fam.
1836 2726 1897 2787 7,
1921 2726 2144 2777 23-27.
2173 2753 2241 2761 -

1305 2793 1522 2857 Scripsit
1549 2793 1889 2844 laudationem
1911 2794 2114 2847 Catonis
2133 2794 2241 2845 Uti-

1305 2864 1496 2921 censis,
1522 2863 1594 2911 Ib.
1618 2864 1666 2921 7,
1687 2864 1770 2922 24,
1793 2866 1844 2915 2.

1235 2931 1306 2998 Q.
1331 2928 1542 2981 Fadius
1565 2929 1786 2984 Gallus.
1819 2932 1941 2981 Eius
1963 2931 2238 2993 hereditas,
2314 2941 2320 2949 ·’

1305 3002 1369 3051 de
1386 3000 1472 3050 fin.
1496 3002 1547 3060 2,
1574 3000 1658 3061 17,
1679 3000 1762 3051 55.
1803 3002 1872 3050 Ib.
1898 3002 1946 3059 2,
1970 3001 2051 3061 18,
2074 3002 2243 3051 57.—

1307 3072 1367 3129 Q.
1391 3070 1606 3131 Fadius,
1627 3069 1776 3118 homo
1801 3085 1902 3119 non
1921 3072 2156 3135 sapiens,
2183 3071 2242 3119 li-

1305 3141 1434 3205 tigat
1453 3155 1566 3189 cum
1587 3138 1652 3187 M.
1669 3138 1826 3199 Fadio
1847 3138 2018 3201 fratre,
2040 3140 2106 3189 ad
2117 3140 2236 3189 fam.

1305 3208 1356 3272 9,
1381 3210 1464 3270 25,
1487 3208 1538 3260 3.

1234 3276 1362 3329 Sex.
1382 3274 1619 3339 Fadius,
1652 3277 1859 3327 Niconis
1881 3278 2066 3327 medici
2089 3278 2244 3328 disci-

1305 3348 1486 3411 pulus,
1515 3346 1578 3394 ad
1606 3344 1726 3398 fam.
1750 3348 1800 3406 7,
1828 3346 1913 3409 20,
1937 3335 1986 3398 3.

1234 3414 1306 3465 Τ.
1330 3411 1540 3464 Fadius
1565 3412 1781 3464 Gallus.
1815 3415 2068 3466 Tribunus
2097 3415 2167 3480 pl.
2190 3431 2239 3471 a.

1305 3500 1357 3535 u.
1396 3500 1440 3532 c.
1474 3481 1624 3542 696„
1658 3483 1721 3531 ad
1744 3483 1798 3541 Q.
1823 3484 1886 3535 fr.
1913 3484 1970 3543 1,
2000 3487 2062 3550 4,
2093 3485 2144 3536 3.
2173 3510 2244 3520 —-
