<?xml version="1.0" encoding="UTF-8"?>
<!DOCTYPE html PUBLIC "-//W3C//DTD XHTML 1.0 Transitional//EN"
    "http://www.w3.org/TR/xhtml1/DTD/xhtml1-transitional.dtd">
<html xmlns="http://www.w3.org/1999/xhtml" xml:lang="en" lang="en">
 <head>
  <title>
</title>
<meta http-equiv="Content-Type" content="text/html;charset=utf-8" />
  <meta name='ocr-system' content='tesseract 3.04.00' />
  <meta name='ocr-capabilities' content='ocr_page ocr_carea ocr_par ocr_line ocrx_word'/>
</head>
<body>
  <div class='ocr_page' id='page_1' title='image "./scriptaquaemans04mlgoog_0457.png"; bbox 0 0 2500 3850; ppageno 0'>
   <div class='ocr_carea' id='block_1_1' title="bbox 1191 277 1398 325">
    <p class='ocr_par' dir='ltr' id='par_1_1' title="bbox 1191 277 1398 325">
     <span class='ocr_line' id='line_1_1' title="bbox 1191 277 1398 325; baseline 0 0"><span class='ocrx_word' id='word_1_1' title='bbox 1191 277 1398 325; x_wconf 80' lang='lat' dir='ltr'><strong>ZENO.</strong></span> 
     </span>
    </p>
   </div>
   <div class='ocr_carea' id='block_1_2' title="bbox 311 432 1269 3455">
    <p class='ocr_par' dir='ltr' id='par_1_2' title="bbox 311 432 1269 3171">
     <span class='ocr_line' id='line_1_2' title="bbox 315 432 1254 494; baseline -0.004 -9"><span class='ocrx_word' id='word_1_2' title='bbox 315 436 615 494; x_wconf 80' lang='lat' dir='ltr'><strong>commotio,</strong></span> <span class='ocrx_word' id='word_1_3' title='bbox 651 432 855 484; x_wconf 86' lang='lat' dir='ltr'><strong>Tuscul.</strong></span> <span class='ocrx_word' id='word_1_4' title='bbox 885 434 948 493; x_wconf 89' lang='lat'><strong>4,</strong></span> <span class='ocrx_word' id='word_1_5' title='bbox 977 432 1040 492; x_wconf 89' lang='lat'><strong>6,</strong></span> <span class='ocrx_word' id='word_1_6' title='bbox 1065 434 1149 483; x_wconf 84' lang='grc'><strong>11.</strong></span> <span class='ocrx_word' id='word_1_7' title='bbox 1186 434 1254 483; x_wconf 91' lang='lat' dir='ltr'><strong>cl.</strong></span> 
     </span>
     <span class='ocr_line' id='line_1_3' title="bbox 316 502 1257 566; baseline -0.002 -13"><span class='ocrx_word' id='word_1_8' title='bbox 316 506 384 557; x_wconf 89' lang='lat' dir='ltr'><strong>ib.</strong></span> <span class='ocrx_word' id='word_1_9' title='bbox 405 506 438 554; x_wconf 89' lang='grc'><strong>4</strong></span> <span class='ocrx_word' id='word_1_10' title='bbox 453 540 466 564; x_wconf 93' lang='grc'><strong>,</strong></span> <span class='ocrx_word' id='word_1_11' title='bbox 503 505 567 554; x_wconf 91' lang='grc'><strong>21</strong></span> <span class='ocrx_word' id='word_1_12' title='bbox 590 540 604 563; x_wconf 94' lang='grc'><strong>,</strong></span> <span class='ocrx_word' id='word_1_13' title='bbox 635 504 719 552; x_wconf 88' lang='grc'><strong>47.</strong></span> <span class='ocrx_word' id='word_1_14' title='bbox 741 528 808 539; x_wconf 74' lang='grc'><strong>--·</strong></span> <span class='ocrx_word' id='word_1_15' title='bbox 826 502 958 553; x_wconf 89' lang='lat' dir='ltr'><strong>Zeno</strong></span> <span class='ocrx_word' id='word_1_16' title='bbox 980 504 1257 566; x_wconf 84' lang='lat' dir='ltr'><strong>aegritudi-</strong></span> 
     </span>
     <span class='ocr_line' id='line_1_4' title="bbox 313 570 1258 635; baseline -0.002 -12"><span class='ocrx_word' id='word_1_17' title='bbox 313 588 428 623; x_wconf 86' lang='lat' dir='ltr'><strong>nem</strong></span> <span class='ocrx_word' id='word_1_18' title='bbox 447 573 522 622; x_wconf 90' lang='lat' dir='ltr'><strong>sic</strong></span> <span class='ocrx_word' id='word_1_19' title='bbox 542 570 734 630; x_wconf 87' lang='lat' dir='ltr'><strong>definit,</strong></span> <span class='ocrx_word' id='word_1_20' title='bbox 757 578 811 618; x_wconf 90' lang='lat' dir='ltr'><strong>ut</strong></span> <span class='ocrx_word' id='word_1_21' title='bbox 829 571 896 619; x_wconf 91' lang='lat' dir='ltr'><strong>sit</strong></span> <span class='ocrx_word' id='word_1_22' title='bbox 915 570 1089 633; x_wconf 90' lang='lat' dir='ltr'><strong>opinio</strong></span> <span class='ocrx_word' id='word_1_23' title='bbox 1110 584 1258 635; x_wconf 88' lang='lat' dir='ltr'><strong>prae-</strong></span> 
     </span>
     <span class='ocr_line' id='line_1_5' title="bbox 313 638 1256 701; baseline -0.004 -8"><span class='ocrx_word' id='word_1_24' title='bbox 313 643 472 693; x_wconf 83' lang='lat' dir='ltr'><strong>sentis</strong></span> <span class='ocrx_word' id='word_1_25' title='bbox 519 639 641 690; x_wconf 88' lang='lat' dir='ltr'><strong>mali</strong></span> <span class='ocrx_word' id='word_1_26' title='bbox 689 654 866 689; x_wconf 89' lang='lat' dir='ltr'><strong>recens</strong></span> <span class='ocrx_word' id='word_1_27' title='bbox 886 674 900 696; x_wconf 93' lang='lat'><strong>,</strong></span> <span class='ocrx_word' id='word_1_28' title='bbox 951 638 1156 691; x_wconf 87' lang='lat' dir='ltr'><strong>Tuscul.</strong></span> <span class='ocrx_word' id='word_1_29' title='bbox 1204 638 1256 701; x_wconf 85' lang='lat'><strong>3,</strong></span> 
     </span>
     <span class='ocr_line' id='line_1_6' title="bbox 313 706 1258 771; baseline -0.001 -12"><span class='ocrx_word' id='word_1_30' title='bbox 313 710 377 762; x_wconf 85' lang='lat'><strong>31</strong></span> <span class='ocrx_word' id='word_1_31' title='bbox 394 746 409 771; x_wconf 93' lang='lat'><strong>,</strong></span> <span class='ocrx_word' id='word_1_32' title='bbox 443 710 528 763; x_wconf 85' lang='lat'><strong>75.</strong></span> <span class='ocrx_word' id='word_1_33' title='bbox 550 736 624 747; x_wconf 92' lang='lat'><em>-</em></span> <span class='ocrx_word' id='word_1_34' title='bbox 641 706 803 767; x_wconf 88' lang='lat' dir='ltr'><strong>Quum</strong></span> <span class='ocrx_word' id='word_1_35' title='bbox 839 715 1164 771; x_wconf 86' lang='lat' dir='ltr'><strong>quaereretur</strong></span> <span class='ocrx_word' id='word_1_36' title='bbox 1194 710 1258 759; x_wconf 93' lang='lat' dir='ltr'><strong>de</strong></span> 
     </span>
     <span class='ocr_line' id='line_1_7' title="bbox 313 778 1257 844; baseline -0.004 -16"><span class='ocrx_word' id='word_1_37' title='bbox 313 780 527 835; x_wconf 89' lang='lat' dir='ltr'><strong>animis,</strong></span> <span class='ocrx_word' id='word_1_38' title='bbox 589 778 736 828; x_wconf 85' lang='lat' dir='ltr'><strong>euius</strong></span> <span class='ocrx_word' id='word_1_39' title='bbox 797 778 1001 844; x_wconf 81' lang='lat' dir='ltr'><strong>generis</strong></span> <span class='ocrx_word' id='word_1_40' title='bbox 1065 786 1257 837; x_wconf 88' lang='lat' dir='ltr'><strong>essent,</strong></span> 
     </span>
     <span class='ocr_line' id='line_1_8' title="bbox 311 846 1256 910; baseline 0 -13"><span class='ocrx_word' id='word_1_41' title='bbox 311 848 445 897; x_wconf 88' lang='lat' dir='ltr'><strong>Zeno</strong></span> <span class='ocrx_word' id='word_1_42' title='bbox 476 848 531 896; x_wconf 81' lang='lat' dir='ltr'><strong>id</strong></span> <span class='ocrx_word' id='word_1_43' title='bbox 560 846 686 897; x_wconf 73' lang='lat' dir='ltr'><strong>dixit</strong></span> <span class='ocrx_word' id='word_1_44' title='bbox 717 860 829 894; x_wconf 87' lang='lat' dir='ltr'><strong>esse</strong></span> <span class='ocrx_word' id='word_1_45' title='bbox 853 846 1052 910; x_wconf 88' lang='lat' dir='ltr'><strong>ignem,</strong></span> <span class='ocrx_word' id='word_1_46' title='bbox 1083 846 1148 895; x_wconf 91' lang='lat' dir='ltr'><strong>de</strong></span> <span class='ocrx_word' id='word_1_47' title='bbox 1167 846 1256 899; x_wconf 84' lang='lat' dir='ltr'><strong>fin.</strong></span> 
     </span>
     <span class='ocr_line' id='line_1_9' title="bbox 312 914 1254 977; baseline -0.005 -9"><span class='ocrx_word' id='word_1_48' title='bbox 312 918 376 976; x_wconf 90' lang='grc'><strong>4,</strong></span> <span class='ocrx_word' id='word_1_49' title='bbox 428 916 491 975; x_wconf 88' lang='grc'><strong>5,</strong></span> <span class='ocrx_word' id='word_1_50' title='bbox 551 914 632 965; x_wconf 97' lang='grc'><strong>12.</strong></span> <span class='ocrx_word' id='word_1_51' title='bbox 679 939 750 950; x_wconf 92' lang='grc'><strong>-</strong></span> <span class='ocrx_word' id='word_1_52' title='bbox 796 914 959 976; x_wconf 85' lang='lat' dir='ltr'><strong>Zeno,</strong></span> <span class='ocrx_word' id='word_1_53' title='bbox 1012 914 1150 977; x_wconf 87' lang='lat' dir='ltr'><strong>quod</strong></span> <span class='ocrx_word' id='word_1_54' title='bbox 1187 914 1254 964; x_wconf 84' lang='lat' dir='ltr'><strong>ad</strong></span> 
     </span>
     <span class='ocr_line' id='line_1_10' title="bbox 315 983 1259 1043; baseline -0.004 -8"><span class='ocrx_word' id='word_1_55' title='bbox 315 983 677 1035; x_wconf 87' lang='lat' dir='ltr'><strong>divinationem</strong></span> <span class='ocrx_word' id='word_1_56' title='bbox 714 984 919 1043; x_wconf 78' lang='lat' dir='ltr'><strong>attinet,</strong></span> <span class='ocrx_word' id='word_1_57' title='bbox 973 984 1158 1033; x_wconf 87' lang='lat' dir='ltr'><strong>mansit</strong></span> <span class='ocrx_word' id='word_1_58' title='bbox 1205 984 1259 1032; x_wconf 82' lang='lat' dir='ltr'><strong>in</strong></span> 
     </span>
     <span class='ocr_line' id='line_1_11' title="bbox 314 1050 1258 1116; baseline -0.001 -14"><span class='ocrx_word' id='word_1_59' title='bbox 314 1054 637 1116; x_wconf 86' lang='lat' dir='ltr'><strong>antiquorum</strong></span> <span class='ocrx_word' id='word_1_60' title='bbox 681 1050 1102 1116; x_wconf 85' lang='lat' dir='ltr'><strong>philosophorum</strong></span> <span class='ocrx_word' id='word_1_61' title='bbox 1145 1066 1258 1101; x_wconf 90' lang='lat' dir='ltr'><strong>sen-</strong></span> 
     </span>
     <span class='ocr_line' id='line_1_12' title="bbox 312 1120 1260 1186; baseline -0.001 -16"><span class='ocrx_word' id='word_1_62' title='bbox 312 1123 500 1186; x_wconf 79' lang='lat' dir='ltr'><strong>tentia,</strong></span> <span class='ocrx_word' id='word_1_63' title='bbox 536 1122 599 1170; x_wconf 86' lang='lat' dir='ltr'><strong>de</strong></span> <span class='ocrx_word' id='word_1_64' title='bbox 631 1120 791 1170; x_wconf 83' lang='lat' dir='ltr'><strong>divin.</strong></span> <span class='ocrx_word' id='word_1_65' title='bbox 828 1120 852 1169; x_wconf 97' lang='lat' dir='ltr'><strong>l</strong></span> <span class='ocrx_word' id='word_1_66' title='bbox 876 1157 890 1185; x_wconf 91' lang='lat'><strong>,</strong></span> <span class='ocrx_word' id='word_1_67' title='bbox 917 1120 982 1181; x_wconf 88' lang='lat'><strong>3,</strong></span> <span class='ocrx_word' id='word_1_68' title='bbox 1011 1122 1063 1173; x_wconf 84' lang='lat'><strong>5.</strong></span> <span class='ocrx_word' id='word_1_69' title='bbox 1099 1146 1172 1158; x_wconf 90' lang='lat'><strong>—·</strong></span> <span class='ocrx_word' id='word_1_70' title='bbox 1202 1122 1260 1170; x_wconf 84' lang='lat' dir='ltr'><strong>Iu</strong></span> 
     </span>
     <span class='ocr_line' id='line_1_13' title="bbox 314 1189 1259 1242; baseline -0.001 -2"><span class='ocrx_word' id='word_1_71' title='bbox 314 1192 424 1242; x_wconf 87' lang='lat' dir='ltr'><strong>suis</strong></span> <span class='ocrx_word' id='word_1_72' title='bbox 472 1190 842 1241; x_wconf 78' lang='lat' dir='ltr'><strong>commentariis</strong></span> <span class='ocrx_word' id='word_1_73' title='bbox 894 1190 1152 1241; x_wconf 82' lang='lat' dir='ltr'><strong>doctrinae</strong></span> <span class='ocrx_word' id='word_1_74' title='bbox 1193 1189 1259 1239; x_wconf 88' lang='lat' dir='ltr'><strong>de</strong></span> 
     </span>
     <span class='ocr_line' id='line_1_14' title="bbox 317 1258 1259 1323; baseline -0.002 -13"><span class='ocrx_word' id='word_1_75' title='bbox 317 1260 627 1311; x_wconf 80' lang='lat' dir='ltr'><strong>divinatione</strong></span> <span class='ocrx_word' id='word_1_76' title='bbox 668 1258 816 1321; x_wconf 88' lang='lat' dir='ltr'><strong>quasi</strong></span> <span class='ocrx_word' id='word_1_77' title='bbox 869 1261 1065 1309; x_wconf 86' lang='lat' dir='ltr'><strong>semina</strong></span> <span class='ocrx_word' id='word_1_78' title='bbox 1101 1274 1259 1323; x_wconf 85' lang='lat' dir='ltr'><strong>quae-</strong></span> 
     </span>
     <span class='ocr_line' id='line_1_15' title="bbox 316 1325 1259 1393; baseline -0.002 -14"><span class='ocrx_word' id='word_1_79' title='bbox 316 1330 433 1379; x_wconf 85' lang='lat' dir='ltr'><strong>dam</strong></span> <span class='ocrx_word' id='word_1_80' title='bbox 451 1328 667 1393; x_wconf 78' lang='lat' dir='ltr'><strong>sparsit,</strong></span> <span class='ocrx_word' id='word_1_81' title='bbox 701 1328 774 1377; x_wconf 88' lang='lat' dir='ltr'><strong>Ib.</strong></span> <span class='ocrx_word' id='word_1_82' title='bbox 812 1327 837 1377; x_wconf 84' lang='lat'>1</span> <span class='ocrx_word' id='word_1_83' title='bbox 855 1363 870 1391; x_wconf 91' lang='lat'><strong>,</strong></span> <span class='ocrx_word' id='word_1_84' title='bbox 905 1325 965 1390; x_wconf 85' lang='lat'><strong>3,</strong></span> <span class='ocrx_word' id='word_1_85' title='bbox 999 1326 1053 1378; x_wconf 82' lang='lat'><strong>6.</strong></span> <span class='ocrx_word' id='word_1_86' title='bbox 1073 1355 1140 1363; x_wconf 91' lang='lat'>—</span> <span class='ocrx_word' id='word_1_87' title='bbox 1168 1327 1259 1377; x_wconf 90' lang='lat' dir='ltr'><strong>Ze·</strong></span> 
     </span>
     <span class='ocr_line' id='line_1_16' title="bbox 315 1394 1261 1459; baseline -0.003 -12"><span class='ocrx_word' id='word_1_88' title='bbox 315 1399 434 1447; x_wconf 90' lang='lat' dir='ltr'><strong>noni</strong></span> <span class='ocrx_word' id='word_1_89' title='bbox 455 1403 504 1447; x_wconf 86' lang='lat' dir='ltr'><strong>et</strong></span> <span class='ocrx_word' id='word_1_90' title='bbox 519 1395 730 1459; x_wconf 86' lang='lat' dir='ltr'><strong>reliquis</strong></span> <span class='ocrx_word' id='word_1_91' title='bbox 749 1395 859 1445; x_wconf 81' lang='lat' dir='ltr'><strong>fere</strong></span> <span class='ocrx_word' id='word_1_92' title='bbox 877 1394 1064 1445; x_wconf 87' lang='lat' dir='ltr'><strong>Stoicis</strong></span> <span class='ocrx_word' id='word_1_93' title='bbox 1085 1394 1261 1448; x_wconf 86' lang='lat' dir='ltr'><strong>aether</strong></span> 
     </span>
     <span class='ocr_line' id='line_1_17' title="bbox 317 1464 1260 1530; baseline 0.001 -16"><span class='ocrx_word' id='word_1_94' title='bbox 317 1467 519 1516; x_wconf 88' lang='lat' dir='ltr'><strong>videtur</strong></span> <span class='ocrx_word' id='word_1_95' title='bbox 533 1477 762 1516; x_wconf 89' lang='lat' dir='ltr'><strong>summus</strong></span> <span class='ocrx_word' id='word_1_96' title='bbox 776 1464 920 1523; x_wconf 91' lang='lat' dir='ltr'><strong>deus,</strong></span> <span class='ocrx_word' id='word_1_97' title='bbox 931 1470 1099 1515; x_wconf 88' lang='lat' dir='ltr'><strong>mente</strong></span> <span class='ocrx_word' id='word_1_98' title='bbox 1109 1479 1260 1530; x_wconf 88' lang='lat' dir='ltr'><strong>prae-</strong></span> 
     </span>
     <span class='ocr_line' id='line_1_18' title="bbox 317 1533 1258 1598; baseline 0 -13"><span class='ocrx_word' id='word_1_99' title='bbox 317 1535 479 1595; x_wconf 87' lang='lat' dir='ltr'><strong>ditus,</strong></span> <span class='ocrx_word' id='word_1_100' title='bbox 499 1549 598 1596; x_wconf 85' lang='lat' dir='ltr'><strong>qua</strong></span> <span class='ocrx_word' id='word_1_101' title='bbox 617 1533 790 1583; x_wconf 88' lang='lat' dir='ltr'><strong>omnia</strong></span> <span class='ocrx_word' id='word_1_102' title='bbox 806 1538 1073 1598; x_wconf 86' lang='lat' dir='ltr'><strong>regantur,</strong></span> <span class='ocrx_word' id='word_1_103' title='bbox 1095 1534 1258 1586; x_wconf 87' lang='lat' dir='ltr'><strong>Acad.</strong></span> 
     </span>
     <span class='ocr_line' id='line_1_19' title="bbox 315 1600 1262 1670; baseline -0.001 -18"><span class='ocrx_word' id='word_1_104' title='bbox 315 1619 395 1670; x_wconf 88' lang='lat' dir='ltr'><strong>pr.</strong></span> <span class='ocrx_word' id='word_1_105' title='bbox 419 1605 469 1664; x_wconf 90' lang='lat'><strong>2,</strong></span> <span class='ocrx_word' id='word_1_106' title='bbox 489 1604 574 1665; x_wconf 83' lang='lat'><strong>41,</strong></span> <span class='ocrx_word' id='word_1_107' title='bbox 599 1600 719 1667; x_wconf 79' lang='lat'><strong>126.</strong></span> <span class='ocrx_word' id='word_1_108' title='bbox 737 1628 807 1639; x_wconf 91' lang='lat'>—</span> <span class='ocrx_word' id='word_1_109' title='bbox 825 1602 957 1653; x_wconf 90' lang='lat' dir='ltr'><strong>Zeno</strong></span> <span class='ocrx_word' id='word_1_110' title='bbox 977 1602 1262 1652; x_wconf 83' lang='lat' dir='ltr'><strong>naturalem</strong></span> 
     </span>
     <span class='ocr_line' id='line_1_20' title="bbox 315 1672 1261 1738; baseline 0 -17"><span class='ocrx_word' id='word_1_111' title='bbox 315 1675 482 1738; x_wconf 86' lang='lat' dir='ltr'><strong>legem</strong></span> <span class='ocrx_word' id='word_1_112' title='bbox 517 1672 745 1721; x_wconf 87' lang='lat' dir='ltr'><strong>divinam</strong></span> <span class='ocrx_word' id='word_1_113' title='bbox 785 1685 898 1721; x_wconf 88' lang='lat' dir='ltr'><strong>esse</strong></span> <span class='ocrx_word' id='word_1_114' title='bbox 923 1678 1094 1721; x_wconf 88' lang='lat' dir='ltr'><strong>censet</strong></span> <span class='ocrx_word' id='word_1_115' title='bbox 1123 1686 1261 1721; x_wconf 88' lang='lat' dir='ltr'><strong>eam-</strong></span> 
     </span>
     <span class='ocr_line' id='line_1_21' title="bbox 316 1740 1262 1805; baseline -0.001 -14"><span class='ocrx_word' id='word_1_116' title='bbox 316 1757 415 1805; x_wconf 89' lang='lat' dir='ltr'><strong>que</strong></span> <span class='ocrx_word' id='word_1_117' title='bbox 445 1742 548 1791; x_wconf 88' lang='lat' dir='ltr'><strong>vim</strong></span> <span class='ocrx_word' id='word_1_118' title='bbox 583 1740 810 1791; x_wconf 87' lang='lat' dir='ltr'><strong>obtinere</strong></span> <span class='ocrx_word' id='word_1_119' title='bbox 837 1746 972 1789; x_wconf 87' lang='lat' dir='ltr'><strong>recta</strong></span> <span class='ocrx_word' id='word_1_120' title='bbox 1004 1740 1262 1805; x_wconf 86' lang='lat' dir='ltr'><strong>imperan-</strong></span> 
     </span>
     <span class='ocr_line' id='line_1_22' title="bbox 315 1809 1263 1875; baseline 0.004 -16"><span class='ocrx_word' id='word_1_121' title='bbox 315 1821 416 1861; x_wconf 83' lang='lat' dir='ltr'><strong>tem</strong></span> <span class='ocrx_word' id='word_1_122' title='bbox 437 1809 888 1875; x_wconf 81' lang='lat' dir='ltr'><strong>prohibentemque</strong></span> <span class='ocrx_word' id='word_1_123' title='bbox 905 1810 1176 1863; x_wconf 84' lang='lat' dir='ltr'><strong>contraria.</strong></span> <span class='ocrx_word' id='word_1_124' title='bbox 1194 1835 1263 1846; x_wconf 90' lang='lat'><strong>-—·</strong></span> 
     </span>
     <span class='ocr_line' id='line_1_23' title="bbox 315 1877 1264 1931; baseline -0.002 -1"><span class='ocrx_word' id='word_1_125' title='bbox 315 1880 456 1931; x_wconf 85' lang='lat' dir='ltr'><strong>Idem</strong></span> <span class='ocrx_word' id='word_1_126' title='bbox 475 1878 577 1929; x_wconf 86' lang='lat' dir='ltr'><strong>alio</strong></span> <span class='ocrx_word' id='word_1_127' title='bbox 599 1878 711 1929; x_wconf 88' lang='lat' dir='ltr'><strong>loco</strong></span> <span class='ocrx_word' id='word_1_128' title='bbox 731 1877 935 1929; x_wconf 79' lang='lat' dir='ltr'><strong>aethera</strong></span> <span class='ocrx_word' id='word_1_129' title='bbox 961 1879 1115 1929; x_wconf 84' lang='lat' dir='ltr'><strong>deum</strong></span> <span class='ocrx_word' id='word_1_130' title='bbox 1140 1879 1264 1930; x_wconf 88' lang='lat' dir='ltr'><strong>dicit</strong></span> 
     </span>
     <span class='ocr_line' id='line_1_24' title="bbox 315 1947 1264 2005; baseline -0.002 -6"><span class='ocrx_word' id='word_1_131' title='bbox 315 1964 429 2005; x_wconf 80' lang='lat' dir='ltr'><strong>esse</strong></span> <span class='ocrx_word' id='word_1_132' title='bbox 443 1975 511 1986; x_wconf 90' lang='lat'><strong>--</strong></span> <span class='ocrx_word' id='word_1_133' title='bbox 527 1947 641 1999; x_wconf 88' lang='lat' dir='ltr'><strong>aliis</strong></span> <span class='ocrx_word' id='word_1_134' title='bbox 660 1956 828 1999; x_wconf 86' lang='lat' dir='ltr'><strong>autem</strong></span> <span class='ocrx_word' id='word_1_135' title='bbox 848 1948 993 1999; x_wconf 87' lang='lat' dir='ltr'><strong>libris</strong></span> <span class='ocrx_word' id='word_1_136' title='bbox 1012 1949 1264 1999; x_wconf 83' lang='lat' dir='ltr'><strong>rationem</strong></span> 
     </span>
     <span class='ocr_line' id='line_1_25' title="bbox 317 2018 1265 2083; baseline -0.002 -15"><span class='ocrx_word' id='word_1_137' title='bbox 317 2018 590 2082; x_wconf 86' lang='lat' dir='ltr'><strong>quamdam</strong></span> <span class='ocrx_word' id='word_1_138' title='bbox 622 2032 716 2083; x_wconf 85' lang='lat' dir='ltr'><strong>per</strong></span> <span class='ocrx_word' id='word_1_139' title='bbox 756 2018 983 2068; x_wconf 88' lang='lat' dir='ltr'><strong>omnium</strong></span> <span class='ocrx_word' id='word_1_140' title='bbox 1029 2025 1265 2068; x_wconf 78' lang='lat' dir='ltr'><strong>naturam</strong></span> 
     </span>
     <span class='ocr_line' id='line_1_26' title="bbox 317 2086 1264 2152; baseline -0.001 -15"><span class='ocrx_word' id='word_1_141' title='bbox 317 2102 483 2139; x_wconf 83' lang='lat' dir='ltr'><strong>rernm</strong></span> <span class='ocrx_word' id='word_1_142' title='bbox 511 2088 842 2152; x_wconf 82' lang='lat' dir='ltr'><strong>pertinentem</strong></span> <span class='ocrx_word' id='word_1_143' title='bbox 863 2087 914 2136; x_wconf 86' lang='lat' dir='ltr'><strong>vi</strong></span> <span class='ocrx_word' id='word_1_144' title='bbox 946 2086 1120 2137; x_wconf 87' lang='lat' dir='ltr'><strong>divina</strong></span> <span class='ocrx_word' id='word_1_145' title='bbox 1149 2100 1264 2137; x_wconf 88' lang='lat' dir='ltr'><strong>esse</strong></span> 
     </span>
     <span class='ocr_line' id='line_1_27' title="bbox 317 2154 1264 2219; baseline -0.002 -13"><span class='ocrx_word' id='word_1_146' title='bbox 317 2155 569 2206; x_wconf 77' lang='lat' dir='ltr'><strong>adfectam</strong></span> <span class='ocrx_word' id='word_1_147' title='bbox 599 2162 759 2219; x_wconf 86' lang='lat' dir='ltr'><strong>putat.</strong></span> <span class='ocrx_word' id='word_1_148' title='bbox 804 2155 944 2206; x_wconf 88' lang='lat' dir='ltr'><strong>Idem</strong></span> <span class='ocrx_word' id='word_1_149' title='bbox 974 2157 1124 2207; x_wconf 86' lang='lat' dir='ltr'><strong>astris</strong></span> <span class='ocrx_word' id='word_1_150' title='bbox 1163 2154 1264 2205; x_wconf 87' lang='lat' dir='ltr'><strong>hoe</strong></span> 
     </span>
     <span class='ocr_line' id='line_1_28' title="bbox 316 2224 1266 2289; baseline -0.001 -15"><span class='ocrx_word' id='word_1_151' title='bbox 316 2225 452 2274; x_wconf 88' lang='lat' dir='ltr'><strong>idem</strong></span> <span class='ocrx_word' id='word_1_152' title='bbox 482 2224 682 2283; x_wconf 87' lang='lat' dir='ltr'><strong>tribuit,</strong></span> <span class='ocrx_word' id='word_1_153' title='bbox 716 2231 822 2273; x_wconf 88' lang='lat' dir='ltr'><strong>tum</strong></span> <span class='ocrx_word' id='word_1_154' title='bbox 862 2227 1038 2289; x_wconf 82' lang='lat' dir='ltr'><strong>annis,</strong></span> <span class='ocrx_word' id='word_1_155' title='bbox 1076 2225 1266 2274; x_wconf 90' lang='lat' dir='ltr'><strong>mensi-</strong></span> 
     </span>
     <span class='ocr_line' id='line_1_29' title="bbox 318 2293 1262 2354; baseline 0.001 -11"><span class='ocrx_word' id='word_1_156' title='bbox 318 2295 415 2343; x_wconf 89' lang='lat' dir='ltr'><strong>bus</strong></span> <span class='ocrx_word' id='word_1_157' title='bbox 475 2305 823 2354; x_wconf 88' lang='lat' dir='ltr'><strong>annorumque</strong></span> <span class='ocrx_word' id='word_1_158' title='bbox 879 2293 1262 2346; x_wconf 85' lang='lat' dir='ltr'><strong>mutationibus.</strong></span> 
     </span>
     <span class='ocr_line' id='line_1_30' title="bbox 318 2360 1263 2428; baseline 0.001 -17"><span class='ocrx_word' id='word_1_159' title='bbox 318 2361 484 2421; x_wconf 86' lang='lat' dir='ltr'><strong>Quum</strong></span> <span class='ocrx_word' id='word_1_160' title='bbox 516 2374 636 2410; x_wconf 88' lang='lat' dir='ltr'><strong>vero</strong></span> <span class='ocrx_word' id='word_1_161' title='bbox 670 2360 877 2411; x_wconf 83' lang='lat' dir='ltr'><strong>Hesiodi</strong></span> <span class='ocrx_word' id='word_1_162' title='bbox 912 2362 1263 2428; x_wconf 84' lang='lat' dir='ltr'><strong>Theogoniam</strong></span> 
     </span>
     <span class='ocr_line' id='line_1_31' title="bbox 320 2429 1265 2494; baseline 0 -14"><span class='ocrx_word' id='word_1_163' title='bbox 320 2432 703 2494; x_wconf 89' lang='lat' dir='ltr'><strong>interpretatur,</strong></span> <span class='ocrx_word' id='word_1_164' title='bbox 728 2429 858 2479; x_wconf 91' lang='lat' dir='ltr'><strong>tollit</strong></span> <span class='ocrx_word' id='word_1_165' title='bbox 877 2431 1079 2480; x_wconf 88' lang='lat' dir='ltr'><strong>omnino</strong></span> <span class='ocrx_word' id='word_1_166' title='bbox 1103 2431 1265 2480; x_wconf 87' lang='lat' dir='ltr'><strong>usita-</strong></span> 
     </span>
     <span class='ocr_line' id='line_1_32' title="bbox 318 2500 1264 2565; baseline 0 -17"><span class='ocrx_word' id='word_1_167' title='bbox 318 2506 397 2550; x_wconf 86' lang='lat' dir='ltr'><strong>tas</strong></span> <span class='ocrx_word' id='word_1_168' title='bbox 416 2508 785 2565; x_wconf 82' lang='lat' dir='ltr'><strong>perceptasque</strong></span> <span class='ocrx_word' id='word_1_169' title='bbox 808 2500 1122 2564; x_wconf 80' lang='lat' dir='ltr'><strong>cognitiones</strong></span> <span class='ocrx_word' id='word_1_170' title='bbox 1143 2500 1264 2549; x_wconf 88' lang='lat' dir='ltr'><strong>deo-</strong></span> 
     </span>
     <span class='ocr_line' id='line_1_33' title="bbox 319 2568 1265 2630; baseline 0.002 -14"><span class='ocrx_word' id='word_1_171' title='bbox 319 2583 456 2616; x_wconf 87' lang='lat' dir='ltr'><strong>rum:</strong></span> <span class='ocrx_word' id='word_1_172' title='bbox 479 2581 642 2630; x_wconf 89' lang='lat' dir='ltr'><strong>neque</strong></span> <span class='ocrx_word' id='word_1_173' title='bbox 661 2568 796 2616; x_wconf 85' lang='lat' dir='ltr'><strong>enim</strong></span> <span class='ocrx_word' id='word_1_174' title='bbox 813 2569 986 2618; x_wconf 86' lang='lat' dir='ltr'><strong>Iovem</strong></span> <span class='ocrx_word' id='word_1_175' title='bbox 1005 2582 1168 2629; x_wconf 85' lang='lat' dir='ltr'><strong>neque</strong></span> <span class='ocrx_word' id='word_1_176' title='bbox 1185 2570 1265 2618; x_wconf 89' lang='lat' dir='ltr'><strong>Iu-</strong></span> 
     </span>
     <span class='ocr_line' id='line_1_34' title="bbox 317 2636 1267 2698; baseline 0.001 -13"><span class='ocrx_word' id='word_1_177' title='bbox 317 2651 502 2687; x_wconf 88' lang='lat' dir='ltr'><strong>nonem</strong></span> <span class='ocrx_word' id='word_1_178' title='bbox 523 2650 684 2698; x_wconf 88' lang='lat' dir='ltr'><strong>neque</strong></span> <span class='ocrx_word' id='word_1_179' title='bbox 703 2636 914 2686; x_wconf 83' lang='lat' dir='ltr'><strong>Vestam</strong></span> <span class='ocrx_word' id='word_1_180' title='bbox 940 2645 1036 2686; x_wconf 89' lang='lat' dir='ltr'><strong>etc.</strong></span> <span class='ocrx_word' id='word_1_181' title='bbox 1069 2637 1122 2686; x_wconf 88' lang='lat' dir='ltr'><strong>in</strong></span> <span class='ocrx_word' id='word_1_182' title='bbox 1142 2637 1267 2688; x_wconf 88' lang='lat' dir='ltr'><strong>deo-</strong></span> 
     </span>
     <span class='ocr_line' id='line_1_35' title="bbox 317 2705 1267 2765; baseline 0 -11"><span class='ocrx_word' id='word_1_183' title='bbox 317 2720 426 2754; x_wconf 88' lang='lat' dir='ltr'><strong>rum</strong></span> <span class='ocrx_word' id='word_1_184' title='bbox 447 2705 600 2754; x_wconf 79' lang='lat' dir='ltr'><strong>habet</strong></span> <span class='ocrx_word' id='word_1_185' title='bbox 622 2719 830 2754; x_wconf 88' lang='lat' dir='ltr'><strong>numero</strong></span> <span class='ocrx_word' id='word_1_186' title='bbox 846 2741 863 2765; x_wconf 89' lang='lat'><strong>,</strong></span> <span class='ocrx_word' id='word_1_187' title='bbox 893 2705 987 2755; x_wconf 88' lang='lat' dir='ltr'><strong>sed</strong></span> <span class='ocrx_word' id='word_1_188' title='bbox 1009 2706 1161 2755; x_wconf 87' lang='lat' dir='ltr'><strong>rebus</strong></span> <span class='ocrx_word' id='word_1_189' title='bbox 1187 2707 1267 2756; x_wconf 90' lang='lat' dir='ltr'><strong>in-</strong></span> 
     </span>
     <span class='ocr_line' id='line_1_36' title="bbox 319 2774 1266 2840; baseline 0.002 -18"><span class='ocrx_word' id='word_1_190' title='bbox 319 2774 502 2822; x_wconf 87' lang='lat' dir='ltr'><strong>animis</strong></span> <span class='ocrx_word' id='word_1_191' title='bbox 527 2780 679 2836; x_wconf 88' lang='lat' dir='ltr'><strong>atque</strong></span> <span class='ocrx_word' id='word_1_192' title='bbox 701 2775 857 2822; x_wconf 86' lang='lat' dir='ltr'><strong>mutis</strong></span> <span class='ocrx_word' id='word_1_193' title='bbox 873 2790 966 2840; x_wconf 91' lang='lat' dir='ltr'><strong>per</strong></span> <span class='ocrx_word' id='word_1_194' title='bbox 993 2775 1266 2836; x_wconf 86' lang='lat' dir='ltr'><strong>quamdam</strong></span> 
     </span>
     <span class='ocr_line' id='line_1_37' title="bbox 321 2841 1267 2906; baseline 0.002 -16"><span class='ocrx_word' id='word_1_195' title='bbox 321 2841 742 2906; x_wconf 79' lang='lat' dir='ltr'><strong>significationem</strong></span> <span class='ocrx_word' id='word_1_196' title='bbox 761 2841 886 2892; x_wconf 88' lang='lat' dir='ltr'><strong>haec</strong></span> <span class='ocrx_word' id='word_1_197' title='bbox 908 2843 1054 2892; x_wconf 86' lang='lat' dir='ltr'><strong>docet</strong></span> <span class='ocrx_word' id='word_1_198' title='bbox 1076 2843 1267 2893; x_wconf 87' lang='lat' dir='ltr'><strong>tributa</strong></span> 
     </span>
     <span class='ocr_line' id='line_1_38' title="bbox 321 2909 1267 2972; baseline 0.002 -14"><span class='ocrx_word' id='word_1_199' title='bbox 321 2911 556 2970; x_wconf 89' lang='lat' dir='ltr'><strong>nomina,</strong></span> <span class='ocrx_word' id='word_1_200' title='bbox 575 2909 640 2960; x_wconf 91' lang='lat' dir='ltr'><strong>de</strong></span> <span class='ocrx_word' id='word_1_201' title='bbox 659 2925 709 2964; x_wconf 90' lang='lat' dir='ltr'><strong>n.</strong></span> <span class='ocrx_word' id='word_1_202' title='bbox 733 2913 785 2961; x_wconf 88' lang='lat' dir='ltr'><strong>d.</strong></span> <span class='ocrx_word' id='word_1_203' title='bbox 811 2911 859 2970; x_wconf 92' lang='lat'><strong>1,</strong></span> <span class='ocrx_word' id='word_1_204' title='bbox 884 2911 968 2972; x_wconf 87' lang='lat'><strong>14,</strong></span> <span class='ocrx_word' id='word_1_205' title='bbox 989 2911 1074 2962; x_wconf 87' lang='grc'><strong>36.</strong></span> <span class='ocrx_word' id='word_1_206' title='bbox 1097 2913 1267 2961; x_wconf 64' lang='lat' dir='ltr'><strong>—sIn-</strong></span> 
     </span>
     <span class='ocr_line' id='line_1_39' title="bbox 320 2979 1266 3044; baseline -0.001 -15"><span class='ocrx_word' id='word_1_207' title='bbox 320 2988 396 3029; x_wconf 89' lang='lat' dir='ltr'><strong>ter</strong></span> <span class='ocrx_word' id='word_1_208' title='bbox 414 2979 662 3028; x_wconf 86' lang='lat' dir='ltr'><strong>Zenonem</strong></span> <span class='ocrx_word' id='word_1_209' title='bbox 691 2987 740 3028; x_wconf 91' lang='lat' dir='ltr'><strong>et</strong></span> <span class='ocrx_word' id='word_1_210' title='bbox 756 2979 1119 3044; x_wconf 75' lang='lat' dir='ltr'><strong>Peripateticos</strong></span> <span class='ocrx_word' id='word_1_211' title='bbox 1139 2981 1266 3030; x_wconf 87' lang='lat' dir='ltr'><strong>nihil</strong></span> 
     </span>
     <span class='ocr_line' id='line_1_40' title="bbox 317 3047 1269 3113; baseline 0.002 -17"><span class='ocrx_word' id='word_1_212' title='bbox 317 3055 518 3113; x_wconf 87' lang='lat' dir='ltr'><strong>praeter</strong></span> <span class='ocrx_word' id='word_1_213' title='bbox 533 3047 804 3099; x_wconf 86' lang='lat' dir='ltr'><strong>verborum</strong></span> <span class='ocrx_word' id='word_1_214' title='bbox 821 3049 1096 3100; x_wconf 89' lang='lat' dir='ltr'><strong>novitatem</strong></span> <span class='ocrx_word' id='word_1_215' title='bbox 1113 3050 1269 3100; x_wconf 88' lang='lat' dir='ltr'><strong>inter-</strong></span> 
     </span>
     <span class='ocr_line' id='line_1_41' title="bbox 320 3116 1266 3183; baseline 0.003 -18"><span class='ocrx_word' id='word_1_216' title='bbox 320 3124 424 3180; x_wconf 88' lang='lat' dir='ltr'><strong>est,</strong></span> <span class='ocrx_word' id='word_1_217' title='bbox 445 3116 647 3166; x_wconf 87' lang='lat' dir='ltr'><strong>Tuscul.</strong></span> <span class='ocrx_word' id='word_1_218' title='bbox 674 3117 735 3182; x_wconf 84' lang='lat'><strong>5,</strong></span> <span class='ocrx_word' id='word_1_219' title='bbox 761 3117 852 3178; x_wconf 89' lang='lat'><strong>11,</strong></span> <span class='ocrx_word' id='word_1_220' title='bbox 881 3119 966 3171; x_wconf 88' lang='lat'><strong>32.</strong></span> <span class='ocrx_word' id='word_1_221' title='bbox 1005 3118 1081 3172; x_wconf 88' lang='lat' dir='ltr'><strong>lb.</strong></span> <span class='ocrx_word' id='word_1_222' title='bbox 1102 3119 1154 3178; x_wconf 88' lang='lat'><strong>5,</strong></span> <span class='ocrx_word' id='word_1_223' title='bbox 1180 3119 1266 3183; x_wconf 82' lang='lat'><strong>11,</strong></span> 
     </span>
    </p>

    <p class='ocr_par' dir='ltr' id='par_1_3' title="bbox 321 3184 1269 3321">
     <span class='ocr_line' id='line_1_42' title="bbox 321 3184 1269 3237; baseline 0 -1"><span class='ocrx_word' id='word_1_224' title='bbox 321 3184 408 3237; x_wconf 90' lang='lat'><strong>33.</strong></span> <span class='ocrx_word' id='word_1_225' title='bbox 436 3211 510 3224; x_wconf 87' lang='lat'><strong>--</strong></span> <span class='ocrx_word' id='word_1_226' title='bbox 538 3185 670 3236; x_wconf 90' lang='lat' dir='ltr'><strong>Zeno</strong></span> <span class='ocrx_word' id='word_1_227' title='bbox 692 3187 845 3236; x_wconf 88' lang='lat' dir='ltr'><strong>rebus</strong></span> <span class='ocrx_word' id='word_1_228' title='bbox 865 3201 966 3236; x_wconf 89' lang='lat' dir='ltr'><strong>non</strong></span> <span class='ocrx_word' id='word_1_229' title='bbox 989 3193 1269 3237; x_wconf 88' lang='lat' dir='ltr'><strong>commuta-</strong></span> 
     </span>
     <span class='ocr_line' id='line_1_43' title="bbox 323 3253 1263 3321; baseline 0.004 -21"><span class='ocrx_word' id='word_1_230' title='bbox 323 3253 386 3301; x_wconf 89' lang='lat' dir='ltr'><strong>tis</strong></span> <span class='ocrx_word' id='word_1_231' title='bbox 406 3254 688 3303; x_wconf 84' lang='lat' dir='ltr'><strong>immutavit</strong></span> <span class='ocrx_word' id='word_1_232' title='bbox 705 3254 977 3313; x_wconf 80' lang='lat' dir='ltr'><strong>vocabula,</strong></span> <span class='ocrx_word' id='word_1_233' title='bbox 1007 3257 1072 3306; x_wconf 90' lang='lat' dir='ltr'><strong>de</strong></span> <span class='ocrx_word' id='word_1_234' title='bbox 1090 3255 1190 3321; x_wconf 86' lang='lat' dir='ltr'><strong>leg.</strong></span> <span class='ocrx_word' id='word_1_235' title='bbox 1215 3255 1263 3320; x_wconf 87' lang='lat'><strong>1,</strong></span> 
     </span>
    </p>

    <p class='ocr_par' dir='ltr' id='par_1_4' title="bbox 320 3320 1268 3444">
     <span class='ocr_line' id='line_1_44' title="bbox 326 3320 1265 3385; baseline 0.005 -16"><span class='ocrx_word' id='word_1_236' title='bbox 326 3320 406 3380; x_wconf 81' lang='lat'><strong>13,</strong></span> <span class='ocrx_word' id='word_1_237' title='bbox 425 3321 513 3374; x_wconf 86' lang='grc'><strong>38</strong></span> <span class='ocrx_word' id='word_1_238' title='bbox 551 3320 617 3374; x_wconf 89' lang='lat' dir='ltr'><strong>cl.</strong></span> <span class='ocrx_word' id='word_1_239' title='bbox 641 3323 710 3371; x_wconf 88' lang='lat' dir='ltr'><strong>ib.</strong></span> <span class='ocrx_word' id='word_1_240' title='bbox 735 3323 792 3382; x_wconf 95' lang='lat'><strong>1,</strong></span> <span class='ocrx_word' id='word_1_241' title='bbox 813 3321 912 3385; x_wconf 88' lang='grc'><strong>20,</strong></span> <span class='ocrx_word' id='word_1_242' title='bbox 932 3323 1018 3377; x_wconf 84' lang='lat'><strong>53.</strong></span> <span class='ocrx_word' id='word_1_243' title='bbox 1043 3323 1265 3374; x_wconf 89' lang='lat' dir='ltr'><strong>-Zeno</strong></span> 
     </span>
     <span class='ocr_line' id='line_1_45' title="bbox 320 3390 1268 3455; baseline 0.005 -17"><span class='ocrx_word' id='word_1_244' title='bbox 320 3403 436 3438; x_wconf 86' lang='lat' dir='ltr'><strong>cum</strong></span> <span class='ocrx_word' id='word_1_245' title='bbox 459 3390 696 3440; x_wconf 80' lang='lat' dir='ltr'><strong>Aristone</strong></span> <span class='ocrx_word' id='word_1_246' title='bbox 726 3393 898 3442; x_wconf 83' lang='lat' dir='ltr'><strong>verbis</strong></span> <span class='ocrx_word' id='word_1_247' title='bbox 927 3392 1188 3455; x_wconf 82' lang='lat' dir='ltr'><strong>consistit,</strong></span> <span class='ocrx_word' id='word_1_248' title='bbox 1210 3409 1268 3444; x_wconf 90' lang='lat' dir='ltr'><strong>re</strong></span> 
     </span>
    </p>
   </div>
   <div class='ocr_carea' id='block_1_3' title="bbox 323 3457 1327 3510">
    <p class='ocr_par' dir='ltr' id='par_1_5' title="bbox 323 3457 1327 3510">
     <span class='ocr_line' id='line_1_46' title="bbox 323 3457 1327 3510; baseline 0.003 -3"><span class='ocrx_word' id='word_1_249' title='bbox 323 3457 565 3508; x_wconf 83' lang='lat' dir='ltr'><strong>dissidet:</strong></span> <span class='ocrx_word' id='word_1_250' title='bbox 595 3472 708 3508; x_wconf 85' lang='lat' dir='ltr'><strong>cum</strong></span> <span class='ocrx_word' id='word_1_251' title='bbox 746 3460 1020 3510; x_wconf 84' lang='lat' dir='ltr'><strong>Aristotele</strong></span> <span class='ocrx_word' id='word_1_252' title='bbox 1053 3475 1110 3510; x_wconf 89' lang='lat' dir='ltr'><strong>re</strong></span> <span class='ocrx_word' id='word_1_253' title='bbox 1147 3476 1268 3510; x_wconf 89' lang='lat' dir='ltr'><strong>con-</strong></span> <span class='ocrx_word' id='word_1_254' title='bbox 1322 3481 1327 3484; x_wconf 96' lang='lat'>·</span> 
     </span>
    </p>
   </div>
   <div class='ocr_carea' id='block_1_4' title="bbox 321 3526 1266 3594">
    <p class='ocr_par' dir='ltr' id='par_1_6' title="bbox 321 3526 1266 3594">
     <span class='ocr_line' id='line_1_47' title="bbox 321 3526 1266 3594; baseline 0.003 -19"><span class='ocrx_word' id='word_1_255' title='bbox 321 3528 502 3588; x_wconf 87' lang='lat' dir='ltr'><strong>sentit,</strong></span> <span class='ocrx_word' id='word_1_256' title='bbox 521 3526 691 3576; x_wconf 79' lang='lat' dir='ltr'><strong>verbis</strong></span> <span class='ocrx_word' id='word_1_257' title='bbox 711 3527 964 3594; x_wconf 83' lang='lat' dir='ltr'><strong>discrepat</strong></span> <span class='ocrx_word' id='word_1_258' title='bbox 990 3529 1040 3578; x_wconf 89' lang='lat' dir='ltr'><strong>in</strong></span> <span class='ocrx_word' id='word_1_259' title='bbox 1059 3529 1157 3579; x_wconf 83' lang='lat' dir='ltr'><strong>fine</strong></span> <span class='ocrx_word' id='word_1_260' title='bbox 1175 3531 1266 3578; x_wconf 92' lang='lat' dir='ltr'><strong>bo-</strong></span> 
     </span>
    </p>
   </div>
   <div class='ocr_carea' id='block_1_5' title="bbox 2187 266 2337 346">
    <p class='ocr_par' dir='ltr' id='par_1_7' title="bbox 2187 266 2337 346">
     <span class='ocr_line' id='line_1_48' title="bbox 2187 266 2337 346; baseline 0.02 -21"><span class='ocrx_word' id='word_1_261' title='bbox 2187 266 2337 346; x_wconf 13' lang='lat'><strong>*451</strong></span> 
     </span>
    </p>
   </div>
   <div class='ocr_carea' id='block_1_6' title="bbox 1397 432 2405 514">
    <p class='ocr_par' dir='ltr' id='par_1_8' title="bbox 1397 404 2484 514">
     <span class='ocr_line' id='line_1_49' title="bbox 1397 432 2405 514; baseline -0.008 -33"><span class='ocrx_word' id='word_1_262' title='bbox 1397 446 1579 483; x_wconf 88' lang='lat' dir='ltr'><strong>norum</strong></span> <span class='ocrx_word' id='word_1_263' title='bbox 1615 432 1911 491; x_wconf 85' lang='lat' dir='ltr'><strong>statuendo,</strong></span> <span class='ocrx_word' id='word_1_264' title='bbox 1946 433 2009 482; x_wconf 87' lang='lat' dir='ltr'><strong>de</strong></span> <span class='ocrx_word' id='word_1_265' title='bbox 2040 432 2127 481; x_wconf 83' lang='lat' dir='ltr'><strong>fin.</strong></span> <span class='ocrx_word' id='word_1_266' title='bbox 2160 436 2219 490; x_wconf 85' lang='grc'><strong>4,</strong></span> <span class='ocrx_word' id='word_1_267' title='bbox 2256 435 2341 514; x_wconf 63' lang='grc' dir='ltr'><strong>26ξ</strong></span> <span class='ocrx_word' id='word_1_268' title='bbox 2402 470 2405 473; x_wconf 80' lang='grc'><strong>,</strong></span> 
     </span>
    </p>
   </div>
   <div class='ocr_carea' id='block_1_7' title="bbox 1918 492 2197 513">
    <p class='ocr_par' dir='ltr' id='par_1_9' title="bbox 1918 492 2197 513">
     <span class='ocr_line' id='line_1_50' title="bbox 1918 492 2197 513; baseline -0.007 0"><span class='ocrx_word' id='word_1_269' title='bbox 1918 492 2197 513; x_wconf 68' lang='lat'><strong>.....</strong></span> 
     </span>
    </p>
   </div>
   <div class='ocr_carea' id='block_1_8' title="bbox 1370 538 2346 635">
    <p class='ocr_par' dir='ltr' id='par_1_10' title="bbox 1370 538 2346 635">
     <span class='ocr_line' id='line_1_51' title="bbox 1370 538 2346 635; baseline 0.002 -16"><span class='ocrx_word' id='word_1_270' title='bbox 1370 598 1375 600; x_wconf 90' lang='lat'>-</span> <span class='ocrx_word' id='word_1_271' title='bbox 1399 586 1430 619; x_wconf 79' lang='lat' dir='ltr'><strong>a</strong></span> <span class='ocrx_word' id='word_1_272' title='bbox 1450 538 1825 635; x_wconf 58' lang='lat' dir='ltr'><strong>Peripateticis,</strong></span> <span class='ocrx_word' id='word_1_273' title='bbox 1860 570 1933 619; x_wconf 86' lang='lat' dir='ltr'><strong>lb.</strong></span> <span class='ocrx_word' id='word_1_274' title='bbox 1957 569 1990 619; x_wconf 86' lang='lat'>5</span> <span class='ocrx_word' id='word_1_275' title='bbox 2006 607 2022 634; x_wconf 91' lang='lat'><strong>,</strong></span> <span class='ocrx_word' id='word_1_276' title='bbox 2044 572 2142 634; x_wconf 84' lang='lat'><strong>29,</strong></span> <span class='ocrx_word' id='word_1_277' title='bbox 2167 570 2253 621; x_wconf 83' lang='lat'><strong>88.</strong></span> <span class='ocrx_word' id='word_1_278' title='bbox 2275 598 2346 609; x_wconf 93' lang='grc'>-</span> 
     </span>
    </p>
   </div>
   <div class='ocr_carea' id='block_1_9' title="bbox 1396 638 2352 1806">
    <p class='ocr_par' dir='ltr' id='par_1_11' title="bbox 1396 638 2352 1806">
     <span class='ocr_line' id='line_1_52' title="bbox 1399 638 2349 701; baseline 0.001 -12"><span class='ocrx_word' id='word_1_279' title='bbox 1399 641 1532 691; x_wconf 89' lang='lat' dir='ltr'><strong>Zeno</strong></span> <span class='ocrx_word' id='word_1_280' title='bbox 1564 638 1803 697; x_wconf 65' lang='lat' dir='ltr'><strong>cutiens,</strong></span> <span class='ocrx_word' id='word_1_281' title='bbox 1837 639 2034 689; x_wconf 86' lang='lat' dir='ltr'><strong>advena</strong></span> <span class='ocrx_word' id='word_1_282' title='bbox 2062 638 2267 701; x_wconf 85' lang='lat' dir='ltr'><strong>quidam</strong></span> <span class='ocrx_word' id='word_1_283' title='bbox 2297 649 2349 690; x_wconf 87' lang='lat' dir='ltr'><strong>et</strong></span> 
     </span>
     <span class='ocr_line' id='line_1_53' title="bbox 1398 706 2347 774; baseline 0 -17"><span class='ocrx_word' id='word_1_284' title='bbox 1398 708 1641 774; x_wconf 88' lang='lat' dir='ltr'><strong>ignobilis</strong></span> <span class='ocrx_word' id='word_1_285' title='bbox 1674 706 1941 759; x_wconf 87' lang='lat' dir='ltr'><strong>verborum</strong></span> <span class='ocrx_word' id='word_1_286' title='bbox 1972 708 2183 768; x_wconf 77' lang='lat' dir='ltr'><strong>artifex,</strong></span> <span class='ocrx_word' id='word_1_287' title='bbox 2221 709 2347 759; x_wconf 87' lang='lat' dir='ltr'><strong>insi-</strong></span> 
     </span>
     <span class='ocr_line' id='line_1_54' title="bbox 1398 744 2348 842; baseline 0 -15"><span class='ocrx_word' id='word_1_288' title='bbox 1398 792 1585 827; x_wconf 87' lang='lat' dir='ltr'><strong>nuasse</strong></span> <span class='ocrx_word' id='word_1_289' title='bbox 1620 791 1677 825; x_wconf 88' lang='lat' dir='ltr'><strong>se</strong></span> <span class='ocrx_word' id='word_1_290' title='bbox 1715 776 1769 823; x_wconf 89' lang='lat' dir='ltr'><strong>in</strong></span> <span class='ocrx_word' id='word_1_291' title='bbox 1814 776 2075 839; x_wconf 86' lang='lat' dir='ltr'><strong>antiquam</strong></span> <span class='ocrx_word' id='word_1_292' title='bbox 2120 744 2348 842; x_wconf 63' lang='lat' dir='ltr'><strong>pl’iiloso-</strong></span> 
     </span>
     <span class='ocr_line' id='line_1_55' title="bbox 1396 844 2343 912; baseline 0.001 -17"><span class='ocrx_word' id='word_1_293' title='bbox 1396 845 1571 912; x_wconf 87' lang='lat' dir='ltr'><strong>phiam</strong></span> <span class='ocrx_word' id='word_1_294' title='bbox 1588 846 1817 904; x_wconf 84' lang='lat' dir='ltr'><strong>videtur,</strong></span> <span class='ocrx_word' id='word_1_295' title='bbox 1841 846 2049 895; x_wconf 85' lang='lat' dir='ltr'><strong>Tuscul.</strong></span> <span class='ocrx_word' id='word_1_296' title='bbox 2070 844 2132 905; x_wconf 91' lang='grc'><strong>5,</strong></span> <span class='ocrx_word' id='word_1_297' title='bbox 2158 846 2237 897; x_wconf 87' lang='grc'><strong>12.</strong></span> <span class='ocrx_word' id='word_1_298' title='bbox 2260 845 2343 897; x_wconf 87' lang='grc'><strong>34</strong></span> 
     </span>
     <span class='ocr_line' id='line_1_56' title="bbox 1397 882 2349 979; baseline 0 -16"><span class='ocrx_word' id='word_1_299' title='bbox 1397 939 1467 952; x_wconf 93' lang='lat'><strong>—·</strong></span> <span class='ocrx_word' id='word_1_300' title='bbox 1484 914 1606 963; x_wconf 86' lang='lat' dir='ltr'><strong>Eius</strong></span> <span class='ocrx_word' id='word_1_301' title='bbox 1625 921 1901 979; x_wconf 86' lang='lat' dir='ltr'><strong>praecepta</strong></span> <span class='ocrx_word' id='word_1_302' title='bbox 1918 914 2087 978; x_wconf 88' lang='lat' dir='ltr'><strong>lepide</strong></span> <span class='ocrx_word' id='word_1_303' title='bbox 2113 882 2349 964; x_wconf 72' lang='lat' dir='ltr'><strong>deriden-</strong></span> 
     </span>
     <span class='ocr_line' id='line_1_57' title="bbox 1399 982 2349 1049; baseline -0.001 -16"><span class='ocrx_word' id='word_1_304' title='bbox 1399 992 1510 1041; x_wconf 88' lang='lat' dir='ltr'><strong>tur,</strong></span> <span class='ocrx_word' id='word_1_305' title='bbox 1538 997 1633 1049; x_wconf 86' lang='lat' dir='ltr'><strong>pro</strong></span> <span class='ocrx_word' id='word_1_306' title='bbox 1654 982 1782 1032; x_wconf 89' lang='lat' dir='ltr'><strong>Mur.</strong></span> <span class='ocrx_word' id='word_1_307' title='bbox 1818 983 1911 1044; x_wconf 86' lang='lat'><strong>29,</strong></span> <span class='ocrx_word' id='word_1_308' title='bbox 1945 982 2033 1035; x_wconf 84' lang='lat'><strong>61.</strong></span> <span class='ocrx_word' id='word_1_309' title='bbox 2056 1010 2129 1023; x_wconf 85' lang='lat'><strong>-·</strong></span> <span class='ocrx_word' id='word_1_310' title='bbox 2147 983 2279 1033; x_wconf 89' lang='lat' dir='ltr'><strong>Zeno</strong></span> <span class='ocrx_word' id='word_1_311' title='bbox 2302 991 2349 1033; x_wconf 85' lang='lat' dir='ltr'><strong>et</strong></span> 
     </span>
     <span class='ocr_line' id='line_1_58' title="bbox 1400 1050 2348 1103; baseline -0.001 -1"><span class='ocrx_word' id='word_1_312' title='bbox 1400 1052 1659 1103; x_wconf 81' lang='lat' dir='ltr'><strong>Arcesilas</strong></span> <span class='ocrx_word' id='word_1_313' title='bbox 1686 1050 2013 1103; x_wconf 87' lang='lat' dir='ltr'><strong>Polemonem</strong></span> <span class='ocrx_word' id='word_1_314' title='bbox 2046 1053 2348 1103; x_wconf 87' lang='lat' dir='ltr'><strong>audiverant</strong></span> 
     </span>
     <span class='ocr_line' id='line_1_59' title="bbox 1399 1119 2349 1183; baseline -0.002 -10"><span class='ocrx_word' id='word_1_315' title='bbox 1399 1122 1633 1173; x_wconf 87' lang='lat' dir='ltr'><strong>adsidue.</strong></span> <span class='ocrx_word' id='word_1_316' title='bbox 1671 1119 1776 1171; x_wconf 85' lang='lat' dir='ltr'><strong>Sed</strong></span> <span class='ocrx_word' id='word_1_317' title='bbox 1794 1121 1928 1171; x_wconf 90' lang='lat' dir='ltr'><strong>Zeno</strong></span> <span class='ocrx_word' id='word_1_318' title='bbox 1957 1136 2115 1183; x_wconf 89' lang='lat' dir='ltr'><strong>quum</strong></span> <span class='ocrx_word' id='word_1_319' title='bbox 2144 1120 2349 1171; x_wconf 87' lang='lat' dir='ltr'><strong>Arcesi-</strong></span> 
     </span>
     <span class='ocr_line' id='line_1_60' title="bbox 1400 1190 2347 1254; baseline -0.001 -14"><span class='ocrx_word' id='word_1_320' title='bbox 1400 1192 1503 1240; x_wconf 88' lang='lat' dir='ltr'><strong>lam</strong></span> <span class='ocrx_word' id='word_1_321' title='bbox 1529 1190 1743 1240; x_wconf 86' lang='lat' dir='ltr'><strong>anteiret</strong></span> <span class='ocrx_word' id='word_1_322' title='bbox 1767 1196 1931 1240; x_wconf 86' lang='lat' dir='ltr'><strong>aetate</strong></span> <span class='ocrx_word' id='word_1_323' title='bbox 1953 1190 2205 1254; x_wconf 86' lang='lat' dir='ltr'><strong>valdeque</strong></span> <span class='ocrx_word' id='word_1_324' title='bbox 2226 1191 2347 1240; x_wconf 90' lang='lat' dir='ltr'><strong>sub-</strong></span> 
     </span>
     <span class='ocr_line' id='line_1_61' title="bbox 1399 1259 2349 1324; baseline 0 -15"><span class='ocrx_word' id='word_1_325' title='bbox 1399 1259 1557 1309; x_wconf 87' lang='lat' dir='ltr'><strong>tiliter</strong></span> <span class='ocrx_word' id='word_1_326' title='bbox 1580 1260 1855 1309; x_wconf 86' lang='lat' dir='ltr'><strong>dissereret</strong></span> <span class='ocrx_word' id='word_1_327' title='bbox 1879 1266 1931 1308; x_wconf 86' lang='lat' dir='ltr'><strong>et</strong></span> <span class='ocrx_word' id='word_1_328' title='bbox 1964 1266 2205 1324; x_wconf 88' lang='lat' dir='ltr'><strong>peracute</strong></span> <span class='ocrx_word' id='word_1_329' title='bbox 2240 1274 2349 1309; x_wconf 90' lang='lat' dir='ltr'><strong>mo-</strong></span> 
     </span>
     <span class='ocr_line' id='line_1_62' title="bbox 1397 1328 2351 1392; baseline -0.003 -13"><span class='ocrx_word' id='word_1_330' title='bbox 1397 1335 1625 1389; x_wconf 87' lang='lat' dir='ltr'><strong>veretur,</strong></span> <span class='ocrx_word' id='word_1_331' title='bbox 1660 1328 1915 1392; x_wconf 83' lang='lat' dir='ltr'><strong>corrigere</strong></span> <span class='ocrx_word' id='word_1_332' title='bbox 1938 1336 2149 1378; x_wconf 85' lang='lat' dir='ltr'><strong>conatus</strong></span> <span class='ocrx_word' id='word_1_333' title='bbox 2170 1337 2247 1377; x_wconf 86' lang='lat' dir='ltr'><strong>est</strong></span> <span class='ocrx_word' id='word_1_334' title='bbox 2274 1330 2351 1377; x_wconf 86' lang='lat' dir='ltr'><strong>di-</strong></span> 
     </span>
     <span class='ocr_line' id='line_1_63' title="bbox 1398 1394 2350 1462; baseline -0.001 -16"><span class='ocrx_word' id='word_1_335' title='bbox 1398 1396 1667 1462; x_wconf 84' lang='lat' dir='ltr'><strong>sciplinam</strong></span> <span class='ocrx_word' id='word_1_336' title='bbox 1720 1394 2172 1460; x_wconf 84' lang='lat' dir='ltr'><strong>(Academicorum</strong></span> <span class='ocrx_word' id='word_1_337' title='bbox 2209 1405 2350 1447; x_wconf 84' lang='lat' dir='ltr'><strong>vete-</strong></span> 
     </span>
     <span class='ocr_line' id='line_1_64' title="bbox 1398 1464 2351 1531; baseline -0.002 -14"><span class='ocrx_word' id='word_1_338' title='bbox 1398 1464 1565 1529; x_wconf 87' lang='lat' dir='ltr'><strong>rum),</strong></span> <span class='ocrx_word' id='word_1_339' title='bbox 1595 1465 1759 1515; x_wconf 88' lang='lat' dir='ltr'><strong>Acad.</strong></span> <span class='ocrx_word' id='word_1_340' title='bbox 1797 1472 1932 1529; x_wconf 89' lang='lat' dir='ltr'><strong>post.</strong></span> <span class='ocrx_word' id='word_1_341' title='bbox 1973 1465 2032 1526; x_wconf 92' lang='lat'><strong>1,</strong></span> <span class='ocrx_word' id='word_1_342' title='bbox 2069 1466 2131 1531; x_wconf 82' lang='lat'><strong>9,</strong></span> <span class='ocrx_word' id='word_1_343' title='bbox 2169 1464 2253 1517; x_wconf 85' lang='lat'><strong>35.</strong></span> <span class='ocrx_word' id='word_1_344' title='bbox 2280 1492 2351 1503; x_wconf 90' lang='lat'><strong>—-</strong></span> 
     </span>
     <span class='ocr_line' id='line_1_65' title="bbox 1403 1532 2351 1598; baseline -0.002 -13"><span class='ocrx_word' id='word_1_345' title='bbox 1403 1534 1657 1585; x_wconf 87' lang='lat' dir='ltr'><strong>Arcesilas</strong></span> <span class='ocrx_word' id='word_1_346' title='bbox 1688 1532 1906 1598; x_wconf 89' lang='lat' dir='ltr'><strong>Zenoni,</strong></span> <span class='ocrx_word' id='word_1_347' title='bbox 1949 1533 2076 1583; x_wconf 87' lang='lat' dir='ltr'><strong>nihil</strong></span> <span class='ocrx_word' id='word_1_348' title='bbox 2115 1536 2238 1585; x_wconf 90' lang='lat' dir='ltr'><strong>novi</strong></span> <span class='ocrx_word' id='word_1_349' title='bbox 2271 1550 2351 1584; x_wconf 88' lang='lat' dir='ltr'><strong>re-</strong></span> 
     </span>
     <span class='ocr_line' id='line_1_66' title="bbox 1400 1602 2351 1669; baseline 0.002 -16"><span class='ocrx_word' id='word_1_350' title='bbox 1400 1602 1645 1669; x_wconf 89' lang='lat' dir='ltr'><strong>perienti,</strong></span> <span class='ocrx_word' id='word_1_351' title='bbox 1674 1602 1769 1653; x_wconf 88' lang='lat' dir='ltr'><strong>sed</strong></span> <span class='ocrx_word' id='word_1_352' title='bbox 1796 1602 2085 1653; x_wconf 87' lang='lat' dir='ltr'><strong>emendanti</strong></span> <span class='ocrx_word' id='word_1_353' title='bbox 2115 1605 2351 1669; x_wconf 86' lang='lat' dir='ltr'><strong>superio-</strong></span> 
     </span>
     <span class='ocr_line' id='line_1_67' title="bbox 1402 1672 2352 1723; baseline 0.001 -2"><span class='ocrx_word' id='word_1_354' title='bbox 1402 1688 1484 1723; x_wconf 87' lang='lat' dir='ltr'><strong>res</strong></span> <span class='ocrx_word' id='word_1_355' title='bbox 1505 1672 1851 1722; x_wconf 88' lang='lat' dir='ltr'><strong>immutatione</strong></span> <span class='ocrx_word' id='word_1_356' title='bbox 1886 1672 2156 1722; x_wconf 87' lang='lat' dir='ltr'><strong>verborum</strong></span> <span class='ocrx_word' id='word_1_357' title='bbox 2184 1674 2352 1723; x_wconf 86' lang='lat' dir='ltr'><strong>obtre-</strong></span> 
     </span>
     <span class='ocr_line' id='line_1_68' title="bbox 1403 1740 2351 1806; baseline -0.001 -14"><span class='ocrx_word' id='word_1_358' title='bbox 1403 1742 1575 1802; x_wconf 84' lang='lat' dir='ltr'><strong>ctavit,</strong></span> <span class='ocrx_word' id='word_1_359' title='bbox 1598 1741 1759 1793; x_wconf 91' lang='lat' dir='ltr'><strong>Acad.</strong></span> <span class='ocrx_word' id='word_1_360' title='bbox 1782 1755 1862 1806; x_wconf 87' lang='lat' dir='ltr'><strong>pr.</strong></span> <span class='ocrx_word' id='word_1_361' title='bbox 1885 1742 1933 1799; x_wconf 86' lang='lat'><strong>2,</strong></span> <span class='ocrx_word' id='word_1_362' title='bbox 1954 1740 2007 1805; x_wconf 85' lang='lat'><strong>6,</strong></span> <span class='ocrx_word' id='word_1_363' title='bbox 2032 1741 2114 1794; x_wconf 88' lang='grc'><strong>16.</strong></span> <span class='ocrx_word' id='word_1_364' title='bbox 2136 1768 2207 1779; x_wconf 89' lang='lat'><em>-</em></span> <span class='ocrx_word' id='word_1_365' title='bbox 2226 1740 2351 1793; x_wconf 85' lang='lat' dir='ltr'><strong>Cum</strong></span> 
     </span>
    </p>
   </div>
   <div class='ocr_carea' id='block_1_10' title="bbox 1402 1808 2447 1875">
    <p class='ocr_par' dir='ltr' id='par_1_12' title="bbox 1402 1808 2447 1875">
     <span class='ocr_line' id='line_1_69' title="bbox 1402 1808 2447 1875; baseline -0.002 -14"><span class='ocrx_word' id='word_1_366' title='bbox 1402 1825 1463 1861; x_wconf 89' lang='lat' dir='ltr'><strong>eo</strong></span> <span class='ocrx_word' id='word_1_367' title='bbox 1480 1824 1581 1861; x_wconf 88' lang='lat' dir='ltr'><strong>non</strong></span> <span class='ocrx_word' id='word_1_368' title='bbox 1604 1810 1918 1861; x_wconf 88' lang='lat' dir='ltr'><strong>obtrectandi</strong></span> <span class='ocrx_word' id='word_1_369' title='bbox 1938 1808 2183 1875; x_wconf 86' lang='lat' dir='ltr'><strong>(tantum)</strong></span> <span class='ocrx_word' id='word_1_370' title='bbox 2196 1826 2350 1860; x_wconf 87' lang='lat' dir='ltr'><strong>causa</strong></span> <span class='ocrx_word' id='word_1_371' title='bbox 2442 1848 2447 1851; x_wconf 88' lang='lat'><strong>.</strong></span> 
     </span>
    </p>
   </div>
   <div class='ocr_carea' id='block_1_11' title="bbox 1400 1878 2355 2425">
    <p class='ocr_par' dir='ltr' id='par_1_13' title="bbox 1400 1878 2355 2425">
     <span class='ocr_line' id='line_1_70' title="bbox 1401 1878 2354 1946; baseline -0.002 -15"><span class='ocrx_word' id='word_1_372' title='bbox 1401 1878 1687 1931; x_wconf 82' lang='lat' dir='ltr'><strong>Arcesilam</strong></span> <span class='ocrx_word' id='word_1_373' title='bbox 1722 1880 2063 1946; x_wconf 78' lang='lat' dir='ltr'><strong>pugnavisse,</strong></span> <span class='ocrx_word' id='word_1_374' title='bbox 2102 1880 2236 1933; x_wconf 83' lang='lat' dir='ltr'><strong>unde</strong></span> <span class='ocrx_word' id='word_1_375' title='bbox 2274 1880 2354 1929; x_wconf 84' lang='lat' dir='ltr'><strong>in-</strong></span> 
     </span>
     <span class='ocr_line' id='line_1_71' title="bbox 1400 1948 2353 2015; baseline -0.001 -16"><span class='ocrx_word' id='word_1_376' title='bbox 1400 1949 1689 2015; x_wconf 85' lang='lat' dir='ltr'><strong>telligatur,</strong></span> <span class='ocrx_word' id='word_1_377' title='bbox 1726 1949 1803 2003; x_wconf 81' lang='lat' dir='ltr'><strong>lb.</strong></span> <span class='ocrx_word' id='word_1_378' title='bbox 1838 1949 1902 2008; x_wconf 88' lang='lat'><strong>2,</strong></span> <span class='ocrx_word' id='word_1_379' title='bbox 1935 1950 2034 2013; x_wconf 86' lang='lat'><strong>24,</strong></span> <span class='ocrx_word' id='word_1_380' title='bbox 2067 1949 2154 2003; x_wconf 85' lang='lat'><strong>76.</strong></span> <span class='ocrx_word' id='word_1_381' title='bbox 2189 1948 2353 1999; x_wconf 87' lang='lat' dir='ltr'><strong>—De</strong></span> 
     </span>
     <span class='ocr_line' id='line_1_72' title="bbox 1405 2017 2351 2084; baseline -0.004 -14"><span class='ocrx_word' id='word_1_382' title='bbox 1405 2017 1687 2070; x_wconf 86' lang='lat' dir='ltr'><strong>dialecticis</strong></span> <span class='ocrx_word' id='word_1_383' title='bbox 1707 2018 1802 2068; x_wconf 87' lang='lat' dir='ltr'><strong>etsi</strong></span> <span class='ocrx_word' id='word_1_384' title='bbox 1832 2033 1864 2068; x_wconf 90' lang='lat' dir='ltr'><strong>a</strong></span> <span class='ocrx_word' id='word_1_385' title='bbox 1884 2017 2168 2084; x_wconf 73' lang='lat' dir='ltr'><strong>Chrysippo</strong></span> <span class='ocrx_word' id='word_1_386' title='bbox 2188 2019 2351 2070; x_wconf 78' lang='lat' dir='ltr'><strong>maxi-</strong></span> 
     </span>
     <span class='ocr_line' id='line_1_73' title="bbox 1404 2087 2351 2147; baseline -0.002 -9"><span class='ocrx_word' id='word_1_387' title='bbox 1404 2102 1489 2138; x_wconf 85' lang='lat' dir='ltr'><strong>me</strong></span> <span class='ocrx_word' id='word_1_388' title='bbox 1514 2094 1591 2137; x_wconf 90' lang='lat' dir='ltr'><strong>est</strong></span> <span class='ocrx_word' id='word_1_389' title='bbox 1623 2087 1935 2138; x_wconf 84' lang='lat' dir='ltr'><strong>elaboratum</strong></span> <span class='ocrx_word' id='word_1_390' title='bbox 1954 2122 1969 2147; x_wconf 88' lang='lat'>‚</span> <span class='ocrx_word' id='word_1_391' title='bbox 2003 2093 2172 2138; x_wconf 86' lang='lat' dir='ltr'><strong>tamen</strong></span> <span class='ocrx_word' id='word_1_392' title='bbox 2202 2103 2233 2137; x_wconf 85' lang='lat' dir='ltr'><strong>a</strong></span> <span class='ocrx_word' id='word_1_393' title='bbox 2262 2087 2351 2136; x_wconf 88' lang='lat' dir='ltr'><strong>Ze-</strong></span> 
     </span>
     <span class='ocr_line' id='line_1_74' title="bbox 1404 2155 2353 2218; baseline -0.001 -12"><span class='ocrx_word' id='word_1_394' title='bbox 1404 2172 1536 2208; x_wconf 88' lang='lat' dir='ltr'><strong>none</strong></span> <span class='ocrx_word' id='word_1_395' title='bbox 1559 2157 1731 2206; x_wconf 87' lang='lat' dir='ltr'><strong>minus</strong></span> <span class='ocrx_word' id='word_1_396' title='bbox 1756 2155 1913 2206; x_wconf 88' lang='lat' dir='ltr'><strong>multo</strong></span> <span class='ocrx_word' id='word_1_397' title='bbox 1945 2171 2098 2218; x_wconf 87' lang='lat' dir='ltr'><strong>quam</strong></span> <span class='ocrx_word' id='word_1_398' title='bbox 2128 2158 2191 2206; x_wconf 87' lang='lat' dir='ltr'><strong>ab</strong></span> <span class='ocrx_word' id='word_1_399' title='bbox 2222 2158 2353 2206; x_wconf 84' lang='lat' dir='ltr'><strong>anti-</strong></span> 
     </span>
     <span class='ocr_line' id='line_1_75' title="bbox 1405 2219 2354 2291; baseline -0.003 -14"><span class='ocrx_word' id='word_1_400' title='bbox 1405 2227 1549 2291; x_wconf 86' lang='lat' dir='ltr'><strong>quis,</strong></span> <span class='ocrx_word' id='word_1_401' title='bbox 1580 2226 1645 2276; x_wconf 89' lang='lat' dir='ltr'><strong>de</strong></span> <span class='ocrx_word' id='word_1_402' title='bbox 1678 2219 1938 2286; x_wconf 69' lang='lat' dir='ltr'><strong>finl4,4‚</strong></span> <span class='ocrx_word' id='word_1_403' title='bbox 1962 2223 2014 2275; x_wconf 91' lang='grc'><strong>9.</strong></span> <span class='ocrx_word' id='word_1_404' title='bbox 2040 2250 2103 2262; x_wconf 91' lang='lat'><strong>--</strong></span> <span class='ocrx_word' id='word_1_405' title='bbox 2126 2225 2289 2284; x_wconf 86' lang='lat' dir='ltr'><strong>Zeno,</strong></span> <span class='ocrx_word' id='word_1_406' title='bbox 2324 2239 2354 2274; x_wconf 91' lang='lat' dir='ltr'><strong>a</strong></span> 
     </span>
     <span class='ocr_line' id='line_1_76' title="bbox 1405 2293 2355 2361; baseline -0.007 -13"><span class='ocrx_word' id='word_1_407' title='bbox 1405 2310 1505 2358; x_wconf 89' lang='lat' dir='ltr'><strong>quo</strong></span> <span class='ocrx_word' id='word_1_408' title='bbox 1525 2293 1799 2361; x_wconf 86' lang='lat' dir='ltr'><strong>disciplina</strong></span> <span class='ocrx_word' id='word_1_409' title='bbox 1816 2293 2099 2346; x_wconf 83' lang='lat' dir='ltr'><strong>Stoicorum</strong></span> <span class='ocrx_word' id='word_1_410' title='bbox 2122 2304 2218 2353; x_wconf 87' lang='lat' dir='ltr'><strong>est,</strong></span> <span class='ocrx_word' id='word_1_411' title='bbox 2244 2309 2355 2342; x_wconf 82' lang='lat' dir='ltr'><strong>ma-</strong></span> 
     </span>
     <span class='ocr_line' id='line_1_77' title="bbox 1404 2363 2355 2425; baseline -0.002 -11"><span class='ocrx_word' id='word_1_412' title='bbox 1404 2379 1475 2414; x_wconf 89' lang='lat' dir='ltr'><strong>nu</strong></span> <span class='ocrx_word' id='word_1_413' title='bbox 1494 2364 1841 2414; x_wconf 80' lang='lat' dir='ltr'><strong>demonstrare</strong></span> <span class='ocrx_word' id='word_1_414' title='bbox 1860 2363 2057 2412; x_wconf 80' lang='lat' dir='ltr'><strong>solebat</strong></span> <span class='ocrx_word' id='word_1_415' title='bbox 2083 2363 2205 2425; x_wconf 90' lang='lat' dir='ltr'><strong>quid</strong></span> <span class='ocrx_word' id='word_1_416' title='bbox 2224 2364 2355 2412; x_wconf 88' lang='lat' dir='ltr'><strong>inter</strong></span> 
     </span>
    </p>
   </div>
   <div class='ocr_carea' id='block_1_12' title="bbox 1403 2430 2354 2560">
    <p class='ocr_par' dir='ltr' id='par_1_14' title="bbox 1403 2430 2354 2560">
     <span class='ocr_line' id='line_1_78' title="bbox 1403 2430 2354 2483; baseline -0.004 0"><span class='ocrx_word' id='word_1_417' title='bbox 1403 2433 1708 2483; x_wconf 87' lang='lat' dir='ltr'><strong>rhetoricam</strong></span> <span class='ocrx_word' id='word_1_418' title='bbox 1750 2440 1799 2480; x_wconf 91' lang='lat' dir='ltr'><strong>et</strong></span> <span class='ocrx_word' id='word_1_419' title='bbox 1837 2430 2155 2482; x_wconf 86' lang='lat' dir='ltr'><strong>dialecticam</strong></span> <span class='ocrx_word' id='word_1_420' title='bbox 2199 2431 2354 2481; x_wconf 82' lang='lat' dir='ltr'><strong>inter-</strong></span> 
     </span>
     <span class='ocr_line' id='line_1_79' title="bbox 1404 2499 2353 2560; baseline -0.002 -8"><span class='ocrx_word' id='word_1_421' title='bbox 1404 2508 1567 2560; x_wconf 83' lang='lat' dir='ltr'><strong>esset,</strong></span> <span class='ocrx_word' id='word_1_422' title='bbox 1590 2509 1715 2550; x_wconf 83' lang='lat' dir='ltr'><strong>orat.</strong></span> <span class='ocrx_word' id='word_1_423' title='bbox 1738 2499 1805 2551; x_wconf 89' lang='grc'><strong>32</strong></span> <span class='ocrx_word' id='word_1_424' title='bbox 1823 2537 1837 2560; x_wconf 94' lang='grc'><strong>,</strong></span> <span class='ocrx_word' id='word_1_425' title='bbox 1864 2499 1979 2550; x_wconf 88' lang='grc'><strong>113.</strong></span> <span class='ocrx_word' id='word_1_426' title='bbox 2017 2499 2081 2550; x_wconf 89' lang='lat' dir='ltr'><strong>el.</strong></span> <span class='ocrx_word' id='word_1_427' title='bbox 2103 2500 2168 2549; x_wconf 91' lang='lat' dir='ltr'><strong>de</strong></span> <span class='ocrx_word' id='word_1_428' title='bbox 2186 2499 2273 2548; x_wconf 87' lang='lat' dir='ltr'><strong>fin.</strong></span> <span class='ocrx_word' id='word_1_429' title='bbox 2298 2501 2353 2560; x_wconf 91' lang='grc'><strong>2,</strong></span> 
     </span>
    </p>
   </div>
   <div class='ocr_carea' id='block_1_13' title="bbox 1404 2569 2399 2634">
    <p class='ocr_par' dir='ltr' id='par_1_15' title="bbox 1404 2569 2399 2634">
     <span class='ocr_line' id='line_1_80' title="bbox 1404 2569 2399 2634; baseline -0.007 -12"><span class='ocrx_word' id='word_1_430' title='bbox 1404 2571 1455 2626; x_wconf 84' lang='lat'><strong>6.</strong></span> <span class='ocrx_word' id='word_1_431' title='bbox 1478 2569 1560 2620; x_wconf 83' lang='lat'><strong>17.</strong></span> <span class='ocrx_word' id='word_1_432' title='bbox 1584 2569 1858 2619; x_wconf 89' lang='lat' dir='ltr'><strong>—Zenoni</strong></span> <span class='ocrx_word' id='word_1_433' title='bbox 1877 2569 2043 2634; x_wconf 86' lang='lat' dir='ltr'><strong>placet</strong></span> <span class='ocrx_word' id='word_1_434' title='bbox 2062 2584 2153 2620; x_wconf 87' lang='lat' dir='ltr'><strong>suo</strong></span> <span class='ocrx_word' id='word_1_435' title='bbox 2176 2583 2353 2631; x_wconf 83' lang='lat' dir='ltr'><strong>quam·</strong></span> <span class='ocrx_word' id='word_1_436' title='bbox 2381 2610 2399 2631; x_wconf 38' lang='lat'><strong>.-</strong></span> 
     </span>
    </p>
   </div>
   <div class='ocr_carea' id='block_1_14' title="bbox 1406 2635 2357 3044">
    <p class='ocr_par' dir='ltr' id='par_1_16' title="bbox 1406 2635 2357 3044">
     <span class='ocr_line' id='line_1_81' title="bbox 1406 2635 2351 2702; baseline -0.002 -14"><span class='ocrx_word' id='word_1_437' title='bbox 1406 2653 1503 2702; x_wconf 88' lang='lat' dir='ltr'><strong>que</strong></span> <span class='ocrx_word' id='word_1_438' title='bbox 1528 2653 1637 2686; x_wconf 89' lang='lat' dir='ltr'><strong>rem</strong></span> <span class='ocrx_word' id='word_1_439' title='bbox 1670 2639 1875 2688; x_wconf 89' lang='lat' dir='ltr'><strong>nomine</strong></span> <span class='ocrx_word' id='word_1_440' title='bbox 1905 2635 2191 2700; x_wconf 83' lang='lat' dir='ltr'><strong>appellare.</strong></span> <span class='ocrx_word' id='word_1_441' title='bbox 2222 2637 2351 2686; x_wconf 87' lang='lat' dir='ltr'><strong>nihil</strong></span> 
     </span>
     <span class='ocr_line' id='line_1_82' title="bbox 1407 2705 2351 2771; baseline -0.002 -15"><span class='ocrx_word' id='word_1_442' title='bbox 1407 2721 1521 2756; x_wconf 91' lang='lat' dir='ltr'><strong>esse</strong></span> <span class='ocrx_word' id='word_1_443' title='bbox 1540 2707 1866 2769; x_wconf 87' lang='lat' dir='ltr'><strong>obscoenum,</strong></span> <span class='ocrx_word' id='word_1_444' title='bbox 1881 2705 2009 2755; x_wconf 89' lang='lat' dir='ltr'><strong>nihil</strong></span> <span class='ocrx_word' id='word_1_445' title='bbox 2030 2714 2177 2771; x_wconf 82' lang='lat' dir='ltr'><strong>turpe</strong></span> <span class='ocrx_word' id='word_1_446' title='bbox 2196 2707 2351 2766; x_wconf 88' lang='lat' dir='ltr'><strong>dictu,</strong></span> 
     </span>
     <span class='ocr_line' id='line_1_83' title="bbox 1408 2769 2357 2840; baseline -0.002 -15"><span class='ocrx_word' id='word_1_447' title='bbox 1408 2776 1475 2826; x_wconf 87' lang='lat' dir='ltr'><strong>ad</strong></span> <span class='ocrx_word' id='word_1_448' title='bbox 1496 2774 1616 2825; x_wconf 80' lang='lat' dir='ltr'><strong>fam.</strong></span> <span class='ocrx_word' id='word_1_449' title='bbox 1641 2775 1701 2837; x_wconf 94' lang='grc'><strong>9,</strong></span> <span class='ocrx_word' id='word_1_450' title='bbox 1734 2777 1831 2834; x_wconf 89' lang='grc'><strong>22,</strong></span> <span class='ocrx_word' id='word_1_451' title='bbox 1870 2776 1917 2825; x_wconf 92' lang='grc'><strong>1.</strong></span> <span class='ocrx_word' id='word_1_452' title='bbox 1940 2800 2006 2811; x_wconf 88' lang='lat'><em>-</em></span> <span class='ocrx_word' id='word_1_453' title='bbox 2031 2775 2164 2825; x_wconf 89' lang='lat' dir='ltr'><strong>Zeno</strong></span> <span class='ocrx_word' id='word_1_454' title='bbox 2190 2769 2357 2840; x_wconf 84' lang='lat' dir='ltr'><strong>magi-</strong></span> 
     </span>
     <span class='ocr_line' id='line_1_84' title="bbox 1408 2842 2352 2910; baseline -0.002 -16"><span class='ocrx_word' id='word_1_455' title='bbox 1408 2852 1514 2894; x_wconf 87' lang='lat' dir='ltr'><strong>ster</strong></span> <span class='ocrx_word' id='word_1_456' title='bbox 1541 2842 1773 2910; x_wconf 73' lang='lat' dir='ltr'><strong>Dionysii</strong></span> <span class='ocrx_word' id='word_1_457' title='bbox 1804 2843 2163 2908; x_wconf 87' lang='lat' dir='ltr'><strong>Heracleotae,</strong></span> <span class='ocrx_word' id='word_1_458' title='bbox 2190 2843 2352 2893; x_wconf 82' lang='lat' dir='ltr'><strong>Acad.</strong></span> 
     </span>
     <span class='ocr_line' id='line_1_85' title="bbox 1406 2880 2353 2978; baseline 0 -17"><span class='ocrx_word' id='word_1_459' title='bbox 1406 2929 1489 2978; x_wconf 87' lang='lat' dir='ltr'><strong>pr.</strong></span> <span class='ocrx_word' id='word_1_460' title='bbox 1535 2914 1601 2973; x_wconf 85' lang='lat'><strong>2,</strong></span> <span class='ocrx_word' id='word_1_461' title='bbox 1648 2914 1745 2974; x_wconf 88' lang='lat'><strong>22,</strong></span> <span class='ocrx_word' id='word_1_462' title='bbox 1794 2913 1879 2962; x_wconf 89' lang='grc'><strong>71.</strong></span> <span class='ocrx_word' id='word_1_463' title='bbox 1932 2913 1996 2961; x_wconf 92' lang='lat' dir='ltr'><strong>cl.</strong></span> <span class='ocrx_word' id='word_1_464' title='bbox 2043 2913 2113 2962; x_wconf 90' lang='lat' dir='ltr'><strong>ib.</strong></span> <span class='ocrx_word' id='word_1_465' title='bbox 2146 2880 2217 2971; x_wconf 74' lang='lat'><strong>⁹2,</strong></span> <span class='ocrx_word' id='word_1_466' title='bbox 2267 2911 2353 2974; x_wconf 83' lang='lat'><strong>35,</strong></span> 
     </span>
     <span class='ocr_line' id='line_1_86' title="bbox 1410 2981 2355 3044; baseline -0.003 -12"><span class='ocrx_word' id='word_1_467' title='bbox 1410 2981 1531 3033; x_wconf 88' lang='grc'><strong>113.</strong></span> <span class='ocrx_word' id='word_1_468' title='bbox 1572 2981 1779 3032; x_wconf 88' lang='lat' dir='ltr'><strong>Tuscul.</strong></span> <span class='ocrx_word' id='word_1_469' title='bbox 1800 2982 1863 3042; x_wconf 89' lang='lat'><strong>2,</strong></span> <span class='ocrx_word' id='word_1_470' title='bbox 1884 2982 1917 3032; x_wconf 89' lang='lat'><strong>6</strong></span> <span class='ocrx_word' id='word_1_471' title='bbox 1934 2981 2055 3040; x_wconf 84' lang='lat'><strong>,15.</strong></span> <span class='ocrx_word' id='word_1_472' title='bbox 2096 2982 2169 3031; x_wconf 87' lang='lat' dir='ltr'><strong>lb.</strong></span> <span class='ocrx_word' id='word_1_473' title='bbox 2194 2981 2244 3041; x_wconf 87' lang='lat'><strong>5,</strong></span> <span class='ocrx_word' id='word_1_474' title='bbox 2267 2982 2355 3044; x_wconf 88' lang='lat'><strong>37,</strong></span> 
     </span>
    </p>
   </div>
   <div class='ocr_carea' id='block_1_15' title="bbox 1340 3117 2358 3184">
    <p class='ocr_par' dir='ltr' id='par_1_17' title="bbox 1340 3117 2358 3184">
     <span class='ocr_line' id='line_1_87' title="bbox 1340 3117 2358 3184; baseline -0.003 -15"><span class='ocrx_word' id='word_1_475' title='bbox 1340 3118 1524 3182; x_wconf 83' lang='lat' dir='ltr'><strong>Zeno,</strong></span> <span class='ocrx_word' id='word_1_476' title='bbox 1570 3118 1787 3172; x_wconf 86' lang='lat' dir='ltr'><strong>Eleates.</strong></span> <span class='ocrx_word' id='word_1_477' title='bbox 1840 3146 1903 3156; x_wconf 92' lang='grc'>-</span> <span class='ocrx_word' id='word_1_478' title='bbox 1952 3117 2233 3184; x_wconf 86' lang='lat' dir='ltr'><strong>Perpessus</strong></span> <span class='ocrx_word' id='word_1_479' title='bbox 2280 3125 2358 3167; x_wconf 89' lang='lat' dir='ltr'><strong>est</strong></span> 
     </span>
    </p>
   </div>
   <div class='ocr_carea' id='block_1_16' title="bbox 1406 3187 2360 3649">
    <p class='ocr_par' dir='ltr' id='par_1_18' title="bbox 1406 3187 2360 3649">
     <span class='ocr_line' id='line_1_88' title="bbox 1410 3187 2356 3254; baseline -0.005 -15"><span class='ocrx_word' id='word_1_480' title='bbox 1410 3189 1580 3239; x_wconf 88' lang='lat' dir='ltr'><strong>omnia</strong></span> <span class='ocrx_word' id='word_1_481' title='bbox 1607 3188 1781 3254; x_wconf 87' lang='lat' dir='ltr'><strong>potius</strong></span> <span class='ocrx_word' id='word_1_482' title='bbox 1822 3202 1973 3251; x_wconf 88' lang='lat' dir='ltr'><strong>quam</strong></span> <span class='ocrx_word' id='word_1_483' title='bbox 2004 3187 2237 3236; x_wconf 88' lang='lat' dir='ltr'><strong>conscios</strong></span> <span class='ocrx_word' id='word_1_484' title='bbox 2268 3187 2356 3235; x_wconf 81' lang='lat' dir='ltr'><strong>de-</strong></span> 
     </span>
     <span class='ocr_line' id='line_1_89' title="bbox 1408 3252 2359 3322; baseline -0.001 -17"><span class='ocrx_word' id='word_1_485' title='bbox 1408 3256 1589 3306; x_wconf 85' lang='lat' dir='ltr'><strong>lendae</strong></span> <span class='ocrx_word' id='word_1_486' title='bbox 1620 3257 1907 3322; x_wconf 72' lang='lat' dir='ltr'><strong>tyrannidis</strong></span> <span class='ocrx_word' id='word_1_487' title='bbox 1938 3257 2215 3314; x_wconf 82' lang='lat' dir='ltr'><strong>indicaret,</strong></span> <span class='ocrx_word' id='word_1_488' title='bbox 2253 3252 2359 3304; x_wconf 82' lang='lat' dir='ltr'><strong>Tu-</strong></span> 
     </span>
     <span class='ocr_line' id='line_1_90' title="bbox 1407 3291 2357 3388; baseline -0.002 -14"><span class='ocrx_word' id='word_1_489' title='bbox 1407 3325 1535 3376; x_wconf 84' lang='lat' dir='ltr'><strong>scul.</strong></span> <span class='ocrx_word' id='word_1_490' title='bbox 1558 3325 1621 3386; x_wconf 86' lang='lat'><strong>2,</strong></span> <span class='ocrx_word' id='word_1_491' title='bbox 1646 3327 1732 3388; x_wconf 90' lang='lat'><strong>22,</strong></span> <span class='ocrx_word' id='word_1_492' title='bbox 1754 3326 1841 3377; x_wconf 89' lang='lat'><strong>52.</strong></span> <span class='ocrx_word' id='word_1_493' title='bbox 1880 3324 1946 3379; x_wconf 89' lang='lat' dir='ltr'><strong>cl.</strong></span> <span class='ocrx_word' id='word_1_494' title='bbox 1969 3326 2102 3375; x_wconf 88' lang='lat' dir='ltr'><strong>den.</strong></span> <span class='ocrx_word' id='word_1_495' title='bbox 2124 3323 2174 3376; x_wconf 90' lang='lat' dir='ltr'><strong>d.</strong></span> <span class='ocrx_word' id='word_1_496' title='bbox 2198 3291 2245 3375; x_wconf 85' lang='lat'><strong>3.</strong></span> <span class='ocrx_word' id='word_1_497' title='bbox 2268 3322 2357 3386; x_wconf 89' lang='grc'><strong>33,</strong></span> 
     </span>
     <span class='ocr_line' id='line_1_91' title="bbox 1406 3392 2360 3446; baseline -0.005 -1"><span class='ocrx_word' id='word_1_498' title='bbox 1406 3394 1497 3446; x_wconf 85' lang='grc'><strong>82.</strong></span> <span class='ocrx_word' id='word_1_499' title='bbox 1515 3419 1585 3432; x_wconf 91' lang='lat'><strong>-·-</strong></span> <span class='ocrx_word' id='word_1_500' title='bbox 1606 3396 1653 3445; x_wconf 89' lang='lat' dir='ltr'><strong>A</strong></span> <span class='ocrx_word' id='word_1_501' title='bbox 1672 3395 1871 3443; x_wconf 87' lang='lat' dir='ltr'><strong>Zenone</strong></span> <span class='ocrx_word' id='word_1_502' title='bbox 1893 3394 2062 3443; x_wconf 88' lang='lat' dir='ltr'><strong>Eleate</strong></span> <span class='ocrx_word' id='word_1_503' title='bbox 2082 3400 2132 3443; x_wconf 88' lang='lat' dir='ltr'><strong>et</strong></span> <span class='ocrx_word' id='word_1_504' title='bbox 2154 3392 2249 3441; x_wconf 82' lang='lat' dir='ltr'><strong>Pat</strong></span> <span class='ocrx_word' id='word_1_505' title='bbox 2254 3408 2360 3440; x_wconf 87' lang='lat' dir='ltr'><strong>me-</strong></span> 
     </span>
     <span class='ocr_line' id='line_1_92' title="bbox 1408 3461 2359 3528; baseline -0.001 -17"><span class='ocrx_word' id='word_1_506' title='bbox 1408 3462 1530 3512; x_wconf 87' lang='lat' dir='ltr'><strong>nide</strong></span> <span class='ocrx_word' id='word_1_507' title='bbox 1550 3463 1762 3513; x_wconf 85' lang='lat' dir='ltr'><strong>Eleatici</strong></span> <span class='ocrx_word' id='word_1_508' title='bbox 1797 3461 2095 3528; x_wconf 87' lang='lat' dir='ltr'><strong>philosophi</strong></span> <span class='ocrx_word' id='word_1_509' title='bbox 2128 3461 2359 3510; x_wconf 88' lang='lat' dir='ltr'><strong>nomina·</strong></span> 
     </span>
     <span class='ocr_line' id='line_1_93' title="bbox 1407 3529 2225 3649; baseline -0.002 -69"><span class='ocrx_word' id='word_1_510' title='bbox 1407 3531 1619 3594; x_wconf 87' lang='lat' dir='ltr'><strong>bantur,</strong></span> <span class='ocrx_word' id='word_1_511' title='bbox 1641 3531 1801 3581; x_wconf 84' lang='lat' dir='ltr'><strong>Acad.</strong></span> <span class='ocrx_word' id='word_1_512' title='bbox 1825 3545 1903 3649; x_wconf 58' lang='lat' dir='ltr'><strong>mil</strong></span> <span class='ocrx_word' id='word_1_513' title='bbox 1915 3532 1974 3628; x_wconf 64' lang='grc' dir='ltr'><strong>Ξ,</strong></span> <span class='ocrx_word' id='word_1_514' title='bbox 2001 3533 2087 3592; x_wconf 83' lang='grc'><strong>42,</strong></span> <span class='ocrx_word' id='word_1_515' title='bbox 2110 3529 2225 3581; x_wconf 84' lang='grc'><strong>129.</strong></span> 
     </span>
    </p>
   </div>
  </div>
 </body>
</html>
