2500 3850
165 0 224 31 ἢ

220 188 345 250 218
388 206 459 251 M.
487 187 681 273 (Lm.)
710 202 1003 250 caassus
1032 225 1107 234 --
1132 204 1193 249 P.
1219 201 1353 253 mc.
1379 201 1610 252 caasa.
1637 205 1780 251 mv.
1807 204 2135 254 LUSITAN.

290 360 444 410 ——Ex
458 360 523 408 iis
540 357 829 408 hominibus
850 357 961 416 fuit,
978 360 1062 419 qui
1077 359 1225 422 quid-

288 430 368 478 vis
411 429 761 494 perpetiuntur
778 464 790 486 ,
849 427 1011 476 cuivis
1054 428 1226 476 deser-

287 499 463 556 viunt,
506 498 623 547 dum
666 497 803 559 quod
835 496 1009 545 volunt
1048 511 1225 546 conse-

286 574 519 630 quantur,
540 566 602 615 de
622 566 706 615 off.
732 565 780 625 1,
800 563 887 627 30,
912 564 1108 616 109.-
1129 565 1220 620 Cn,

286 636 517 700 Pompeii
562 636 732 700 Magni
786 647 1068 698 cognomen
1122 648 1225 683 una

287 720 404 755 cum
458 703 628 753 Crassi
675 704 861 753 Divitis
924 704 1225 766 cognomine

286 787 647 825 consenescere
683 774 893 829 dicitur,
930 771 997 819 ad
1030 772 1133 820 Att.
1172 773 1225 835 2,

288 843 373 906 13,
392 845 443 894 2.
466 869 537 880 —-
556 843 679 893 Eius
698 841 907 891 divitiae
928 840 980 889 in
1013 855 1223 904 prover-

284 913 357 962 bii
392 911 805 962 consuetudinem
841 910 1101 970 abierunt,
1146 909 1221 958 lb.

288 984 347 1040 2,
376 983 437 1041 4,
470 981 520 1032 2.
547 1007 613 1015 -
638 981 693 1027 In
720 993 835 1028 eum
865 977 1223 1026 declamatiun-

286 1049 425 1111 cula,
459 1048 635 1111 parad.
659 1046 719 1107 6,
753 1046 778 1096 1
797 1084 812 1107 ,
833 1047 900 1095 42
920 1061 1031 1109 sqq.
1052 1073 1125 1083 —
1142 1047 1222 1096 An

282 1119 439 1167 miser
456 1116 700 1165 dicendus
720 1121 837 1181 post
856 1123 1067 1164 mortem
1083 1151 1097 1175 ,
1121 1117 1222 1163 Tu-

182 1234 191 1240 .
286 1185 412 1236 scul.
439 1186 495 1245 1,
520 1185 581 1244 6,
604 1185 669 1234 12
694 1199 805 1246 sqq.
842 1184 907 1232 ad
936 1182 997 1242 Q.
1018 1183 1167 1246 fr.2‚
1193 1184 1225 1232 7

289 1253 397 1318 (9),
419 1255 469 1306 2.
509 1253 581 1302 De
605 1269 726 1318 rege
759 1253 909 1302 Alex.
940 1252 1123 1317 fragm.
1154 1255 1221 1303 11.

289 1325 314 1374 1
348 1331 395 1372 et
426 1324 475 1376 4.
512 1337 565 1388 p.
591 1322 711 1374 201.
732 1351 806 1360 -
830 1321 887 1380 Q,
911 1321 1091 1371 Arrius
1128 1321 1225 1370 fuit

282 1392 351 1442 M.
370 1390 535 1440 Crassi
554 1393 701 1455 quasi
716 1392 1067 1451 secundarum,
1080 1389 1217 1443 Brut.

284 1461 369 1520 69,
395 1463 512 1515 242.
537 1489 605 1498 -—
626 1464 687 1512 V.
710 1458 929 1512 Licinia
949 1458 1057 1509 lex.

281 1566 293 1577 .
318 1527 615 1596 (Licinius)
644 1529 880 1580 Crassus
914 1545 945 1578 a
965 1530 1221 1578 Mamerti-

284 1601 364 1648 nis
396 1601 665 1662 repetituS,
692 1601 809 1660 quia
832 1614 897 1648 ex
930 1599 1227 1647 Mamertino

287 1676 373 1716 aut
391 1669 519 1726 civis
540 1667 701 1717 factus
733 1677 839 1717 erat
858 1668 1115 1716 Romanus
1143 1674 1228 1716 aut

288 1752 341 1784 se
364 1751 453 1799 pro
474 1736 562 1783 tali
582 1737 817 1800 gerebat,
839 1751 931 1800 pro
954 1736 1115 1786 Balbo
1141 1734 1225 1796 23,

288 1805 353 1854 50

324 1837 371 1854 2.

219 1870 284 1922 P.
330 1869 579 1922 Licinius
632 1871 871 1939 Crassus
928 1872 1227 1937 cognomine

283 1940 455 1993 Dives
476 1958 521 1992 a.
543 1959 593 1991 ιι.
609 1957 651 1995 c.
671 1942 795 1993 542.
816 1941 1047 2006 pontifex
1068 1956 1223 2001 mam,

286 2027 389 2061 cos,
416 2027 529 2061 cum
552 2012 811 2076 superiore
838 2009 1075 2060 Africano
1101 2026 1148 2059 a.
1170 2026 1223 2059 u.

286 2097 330 2129 c.
362 2080 482 2131 549.
521 2082 645 2131 obiit
672 2096 721 2130 a.
752 2097 802 2129 u.
844 2096 885 2131 c.
919 2080 1039 2133 571.
1062 2107 1127 2115 -
1152 2078 1227 2127 De

287 2150 395 2197 eius
414 2152 684 2213 sapientia,
706 2150 770 2199 de
789 2149 913 2197 or'at.
935 2146 985 2209 3,
1001 2147 1084 2205 33,
1105 2146 1220 2197 134.

285 2216 423 2265 Brut.
447 2218 530 2278 19,
555 2220 642 2266 77.

218 2283 281 2333 P.
311 2283 560 2337 Licinius
590 2284 829 2336 Crassus
864 2299 968 2335 cos.
1008 2301 1055 2340 a.
1090 2300 1141 2334 u.
1176 2302 1220 2339 c.

287 2355 409 2407 583.
442 2356 521 2405 Ab
545 2372 603 2406 eo
624 2356 736 2407 iura
757 2354 951 2405 civibus
971 2356 1225 2419 praescri-

284 2426 557 2486 bebantur,
599 2426 709 2475 eius
747 2438 909 2486 usque
946 2424 1013 2474 ad
1060 2431 1224 2473 extre-

288 2510 425 2545 mum
456 2495 689 2559 spiritum
726 2501 803 2545 est
839 2499 1077 2558 provecta
1102 2508 1223 2559 pru-

288 2565 491 2620 dentia,
529 2564 593 2613 de
628 2578 738 2613 sen.
778 2563 840 2623 9,
878 2565 963 2614 27.
1006 2588 1077 2597 —
1103 2562 1225 2610 Exi-

287 2634 443 2680 mium
467 2634 518 2680 in
540 2645 599 2680 eo
634 2638 681 2680 et
702 2630 944 2695 pontificii
974 2638 1023 2679 et
1053 2631 1223 2680 civilis

286 2701 409 2748 iuris
429 2700 655 2749 studium
670 2736 683 2763 ‚
707 2700 779 2751 lb.
805 2699 887 2757 14,
907 2698 993 2749 50.
1012 2725 1081 2735 —
1100 2700 1223 2748 Eius

286 2769 560 2816 auctoritas
578 2802 592 2826 ,
616 2768 690 2817 lb.
720 2769 801 2827 17,
822 2766 906 2817 61.

214 2830 281 2883 Ρ.
332 2831 581 2885 Licinius
637 2834 877 2885 Crassus
922 2834 1217 2888 Mucianus

281 2901 484 2967 Dives,
516 2903 573 2953 P.
598 2906 749 2958 Mucii
768 2903 1049 2955 Scaevolae
1062 2906 1217 2968 filius,

286 2972 557 3039 adoptatus
574 2988 605 3023 a
622 2974 678 3023 P.
708 2973 901 3023 Licinio
922 2972 1101 3025 Crasso
1131 2977 1217 3025 Di-

286 3044 414 3103 vite,
449 3043 506 3097 P.
541 3042 696 3093 Mucii
728 3042 1217 3106 Scaevolaerrater,

284 3110 463 3162 consul
489 3125 535 3167 a.
561 3127 611 3161 u.
634 3129 677 3163 c.
702 3110 845 3174 623„
866 3112 1017 3163 valde
1034 3115 1218 3178 proba-

281 3187 363 3229 tus
385 3187 581 3232 orator:
611 3182 745 3231 domi
764 3182 845 3231 ius
864 3181 1010 3231 civile
1029 3197 1219 3248 cogno-

282 3258 439 3302 verat.
477 3249 845 3302 Consulebatur
868 3251 1142 3315 plurimum
1170 3259 1220 3302 et

282 3316 501 3378 dicebat,
522 3320 659 3369 Brut.
686 3320 773 3381 26,
794 3319 881 3371 98.
918 3320 981 3374 cl.
1009 3322 1071 3371 de
1090 3329 1215 3372 orat.

287 3386 331 3438 1,
357 3385 439 3447 37,
469 3386 583 3439 170.
623 3388 697 3441 Ib.
723 3389 751 3439 1
768 3424 781 3448 ,
804 3387 891 3447 50,
915 3388 1035 3441 216.
1076 3390 1213 3439 Brut.

279 3451 375 3527 33,
403 3454 519 3503 127.
540 3483 607 3493 --
624 3456 739 3506 Fuit
756 3458 809 3505 iu
829 3471 1035 3508 numero
1056 3458 1215 3507 diser-

1365 367 1528 409 torum
1542 394 1558 419 ,
1591 359 1685 408 sed
1701 373 1792 423 par
1809 358 1919 412 Ser.
1951 343 2145 410 Galbae
2166 365 2326 414 nuno

1365 429 1543 492 modo,
1582 428 1645 476 de
1684 434 1806 477 orat.
1858 428 1884 477 1
1902 465 1917 492 ,
1954 430 2022 481 56
2039 466 2054 489 ,
2091 428 2196 482 239
2233 447 2320 494 sq.

1366 524 1432 533 -
1450 496 1634 545 Fautor
1662 497 1738 548 Ti.
1767 497 1982 547 Gracchi
2001 499 2324 550 obtrectator

1366 573 1414 614 et
1439 564 1643 614 invidus
1677 563 1928 630 Scipionis
1961 567 2193 616 Africani
2215 571 2322 618 mi-

1365 634 1530 694 noris,
1557 633 1621 682 de
1643 649 1682 681 r.
1715 649 1768 698 p.
1796 635 1843 696 1,
1870 635 1934 686 19
1953 671 1968 698 ,
2007 635 2090 686 31.
2116 661 2184 672 —-·
2205 639 2322 688 Au·

1364 710 1470 750 ctor
1488 717 1603 751 cum
1615 702 1670 750 P.
1689 701 1932 754 Scaevola
1950 703 2107 754 fratre
2123 720 2218 758 suo
2239 706 2320 755 le-

1365 786 1486 834 gum
1507 771 1586 822 Ti.
1615 770 1856 836 Gracchi,
1883 771 2044 826 Acad.
2076 788 2158 836 pr.
2184 777 2235 834 2,
2261 775 2316 834 5,

1369 839 1448 890 13.
1470 867 1536 876 —-
1558 838 1681 888 Cum
1701 840 1988 890 Aristonico
2009 841 2199 891 bellum
2221 859 2318 908 ge-

1363 910 1576 958 rendum
1591 908 1691 958 fuit
1711 911 1766 958 P.
1791 910 1986 960 Licinio
2013 911 2072 963 L.
2101 912 2314 962 Valeri-o

1364 993 1525 1034 coss.,
1560 977 1785 1042 populus
1813 979 1961 1029 Rom.
1985 980 2186 1029 consuli
2205 995 2316 1045 ,po-
2379 985 2386 990 '

1363 1048 1465 1095 tius
1477 1045 1658 1096 Crasso
1680 1061 1830 1109 quam
1851 1049 2047 1111 privato
2061 1049 2310 1099 Africano

1367 1115 1856 1235 lfffugmffierendum
1877 1117 2044 1178 dedit,
2077 1111 2310 1183 Philipp.

1438 1222 1450 1243 ‚
1513 1219 1527 1244 ‚
1628 1221 1639 1232 .

1295 1251 1359 1302 Ρ.
1381 1250 1631 1302 Licinius
1651 1253 1718 1302 P.
1752 1252 1815 1303 F.
1842 1253 2101 1304 Crassus.
2143 1256 2311 1314 Quae-

1363 1322 1492 1371 ritur
1509 1322 1564 1372 P.
1587 1322 1797 1372 Crassus
1813 1361 1828 1388 ‚
1854 1325 2135 1372 Venuleiae
2151 1324 2310 1389 filius,

1362 1392 1547 1441 vivone
1581 1391 1635 1442 P.
1661 1391 1840 1442 Crasso
1875 1393 2131 1441 consulari
2163 1400 2308 1459 patre

1363 1475 1454 1509 suo
1483 1457 1712 1510 mortuus
1744 1461 1810 1509 sit
1838 1475 1900 1509 an
1921 1469 2063 1524 post,
2098 1463 2167 1511 ad
2199 1467 2308 1516 ΑΜ.

1371 1530 1561 1590 12‚24‚
1591 1530 1639 1578 2.

1297 1595 1361 1647 P.
1388 1595 1636 1647 Licinius
1665 1595 1746 1646 Μ.
1780 1593 1843 1644 F.
1877 1593 1940 1644 Ρ.
1971 1595 2036 1646 Ν.
2066 1595 2310 1647 Crassus

1363 1663 1540 1716 Dives
1595 1662 1980 1727 Lusitanicus,
2044 1673 2192 1730 pater
2235 1665 2308 1718 M.

1369 1734 1570 1794 Crassi,
1627 1733 1880 1782 Ciceronis
1921 1733 2148 1796 aequalis
2165 1772 2179 1795 ,
2224 1736 2310 1798 qui

1366 1805 1522 1868 periit
1571 1803 1634 1851 in.
1677 1803 1996 1866 expeditione
2059 1802 2311 1853 adversus

1367 1871 1596 1925 Parthos,
1620 1899 1687 1908 —
1706 1872 1761 1920 P.
1797 1871 2010 1921 Crassus
2029 1878 2078 1920 et
2099 1874 2308 1939 sapiens

1371 1950 1420 1991 et
1438 1941 1682 2005 eloquens
1703 1948 1752 1990 et
1769 1942 1962 2005 primus
1982 1940 2133 1991 homo
2151 1976 2166 2003 ,
2199 1944 2310 1991 eius

1369 2025 1530 2075 nepos
1541 2010 1694 2061 homo
1715 2009 1812 2059 fuit
1824 2010 2074 2074 perditus,
2095 2010 2307 2064 Tuscui.

1369 2082 1416 2139 1,
1439 2079 1524 2143 33,
1547 2078 1632 2130 81.
1647 2104 1718 2115 —-
1735 2080 1792 2129 P.
1813 2076 2025 2127 Crassus
2045 2092 2200 2140 quum
2226 2095 2312 2129 co-

1366 2150 1606 2214 gnomine
1628 2148 1770 2197 dives
1793 2153 1900 2197 tum
1917 2148 2080 2211 copiis
2101 2146 2312 2198 functus

1367 2225 1444 2267 est
1463 2217 1699 2267 aedilicio
1723 2218 1940 2265 maximo
1969 2230 2178 2265 munere
2195 2254 2212 2277 ‚
2247 2218 2312 2267 de

1366 2284 1450 2336 off.
1475 2288 1523 2351 2,
1551 2288 1631 2351 16,
1651 2286 1738 2336 57.
1752 2285 1886 2338 —P.
1906 2284 2134 2334 Licinius
2155 2285 2310 2335 Cras-

1365 2370 1452 2404 sus
1487 2354 1665 2405 consul
1701 2370 1814 2403 cum
1849 2353 1907 2413 Q.
1944 2354 2112 2403 Mucio
2151 2352 2313 2405 Scae-

1365 2424 1483 2473 vola
1504 2440 1547 2473 a.
1573 2441 1624 2475 ιι.
1651 2440 1694 2473 c.
1716 2422 1836 2476 657.
1857 2460 1871 2487 ,
1905 2423 2046 2473 Brut.
2071 2423 2158 2484 96,
2181 2423 2306 2475 328.

1361 2519 1432 2529 --
1453 2494 1508 2545 Ρ.
1535 2492 1746 2542 Crassus
1762 2494 1832 2541 ‘de
1850 2493 2109 2542 Lusitanis
2126 2494 2282 2542 trium
2295 2522 2312 2531 -

1361 2562 1536 2627 phavit
1553 2578 1600 2611 a.
1621 2578 1670 2612 u.
1695 2578 1742 2614 c.
1763 2560 1886 2615 661.
1907 2597 1921 2620 ,
1944 2562 1996 2610 in
2014 2562 2193 2613 Pison.*
2217 2564 2308 2627 24,

1364 2631 1448 2682 58.
1470 2646 1564 2695 pro
1585 2631 1754 2681 Plane.
1776 2630 1861 2691 13,
1883 2628 1969 2680 32.
1992 2656 2058 2666 —-
2075 2630 2130 2677 P.
2157 2630 2310 2681 Cras-

1363 2715 1476 2749 sum
1496 2708 1572 2749 est
1592 2707 1797 2749 senatus
1816 2708 2134 2761 consecutus,
2148 2714 2310 2761 quum

1364 2768 1701 2831 decrevisset,
1753 2767 1810 2817 C.
1863 2767 2073 2817 Claudio
2117 2767 2305 2817 Pulcro

1362 2852 1468 2887 cos,
1491 2852 1538 2889 a.
1561 2852 1614 2887 u.
1641 2854 1684 2890 c.
1707 2836 1826 2888 662.
1850 2837 1914 2886 de
1941 2837 2032 2888 Cn.
2056 2836 2309 2888 Carbonis

1362 2906 1612 2957 seditione
1631 2906 1904 2970 referente,
1928 2908 2084 2956 invito
2109 2920 2187 2967 eo,
2213 2906 2304 2968 qui

1361 2991 1473 3024 cum
1513 2976 1703 3040 populo
1749 2982 1952 3041 ageret,
2001 2974 2309 3025 seditionem

1361 3059 1461 3095 non
1482 3058 1635 3107 posse
1651 3044 1789 3109 fieri,
1813 3046 1878 3095 de
1897 3042 1997 3109 leg.
2020 3044 2082 3104 3,
2106 3044 2191 3104 19,
2213 3044 2302 3093 42.

1357 3140 1423 3150 -
1463 3112 1684 3178 Legatus
1729 3111 1786 3162 L.
1826 3112 1942 3163 Iulii
1982 3110 2214 3168 Caesaris
2253 3112 2310 3161 in

1361 3180 1497 3231 bello
1519 3181 1726 3244 sociali,
1745 3195 1838 3246 pro
1859 3182 2001 3230 Font.
2027 3180 2110 3245 15,
2131 3180 2218 3233 33.
2235 3207 2304 3216 -

1360 3253 1418 3301 P.
1439 3250 1636 3301 Licinio
1667 3249 1846 3299 Crasso
1873 3258 1922 3299 et
1939 3250 2001 3303 1..
2023 3248 2156 3301 Iulio
2179 3248 2306 3299 Cae·

1357 3334 1473 3370 sare
1492 3320 1785 3369 censoribus
1805 3334 1854 3369 a.
1874 3334 1926 3367 u.
1949 3335 1994 3367 c.
2019 3319 2142 3371 665.
2161 3318 2304 3367 nulla

1355 3387 1534 3454 populi
1568 3402 1688 3451 pars
1711 3402 1863 3437 censa
1891 3394 1997 3450 est,
2028 3402 2122 3451 pro
2145 3387 2298 3439 Arch.

1353 3458 1416 3519 5,
1452 3455 1534 3506 11.
1554 3480 1627 3493 ·-—-
1644 3457 1701 3506 P.
1723 3454 1933 3505 Crassus
1957 3456 2172 3507 Alexam
2203 3456 2305 3505 He-
