2500 3850
213 3430 221 3436 .
319 3364 513 3429 Sicca,
543 3367 795 3417 Ciceronis
831 3368 1024 3418 familia
1069 3385 1113 3421 S.

335 178 458 241 366

329 341 396 398 Ο.
419 344 644 399 Sextius
666 343 932 397 Calvinus
949 382 963 410 ,
995 352 1162 396 orator
1193 312 1363 411 inge-⁴

397 418 486 465 nio
517 423 566 465 et
592 430 825 465 sermone
863 415 1109 480 eleganti,
1146 413 1337 464 valetu-

397 485 518 535 dine
551 484 896 537 incommoda:
931 487 1100 546 itaque
1125 481 1335 533 consilio

397 554 528 614 eius,
543 570 696 617 quum
714 554 968 613 volebant,
981 552 1210 603 homines
1225 558 1335 601 ute-

395 624 608 683 bantur,
631 623 931 689 patrocinio.
958 634 1112 684 quum
1133 622 1333 679 licebat,

397 692 540 743 Brut.
565 690 652 757 34,
676 692 794 743 130.
814 710 881 729 -·-
899 691 1038 741 Idem
1063 691 1263 741 videtur
1281 688 1335 739 C.

399 761 638 821 Sextius,
681 762 738 811 G.
793 760 1026 811 Caesaris
1074 758 1339 810 Strabonis
1408 778 1410 782 ¹

398 832 619 890 amicuS,
647 832 732 893 qui
763 830 932 879 luscus
961 830 1084 888 fuit,
1124 829 1186 879 de
1206 835 1333 877 orat.

301 926 304 928 ‡
398 901 450 951 2.
470 898 538 949 60
554 935 568 959 ,
587 900 708 952 246.
730 926 796 935 -
815 898 1054 949 Glauciae
1075 899 1266 948 dictum
1284 897 1333 945 in
1404 944 1411 949 .

397 984 540 1031 eum,
563 968 634 1017 lb.
655 970 706 1026 2,
725 967 812 1026 61,
838 968 960 1018 249.

326 1034 391 1085 P.
421 1032 677 1098 Sextius,
711 1042 914 1099 praetor
951 1036 1246 1099 designatus
1284 1049 1333 1084 a.

393 1120 447 1157 u.
499 1119 541 1151 c.
581 1102 703 1155 654.
747 1110 1016 1152 accusante
1065 1103 1124 1152 T.
1172 1103 1334 1166 Iunio,

397 1174 663 1221 damnatus
693 1180 768 1221 est
801 1172 1048 1232 ambitus,
1077 1169 1214 1219 Brut.
1247 1170 1332 1234 48,

325 1308 395 1361 Τ.
420 1305 644 1361 Sextius
669 1306 884 1359 Gallus.
914 1309 979 1359 V.
1000 1305 1073 1358 T.
1099 1306 1334 1375 Sergius

403 1377 621 1430 Gallus.

327 1446 566 1515 Sibylla.
599 1446 818 1496 Naturae
842 1448 917 1497 vis
938 1445 1180 1512 Sibyllam
1207 1445 1333 1494 inci-

394 1518 560 1576 tabat,
591 1518 654 1565 de
671 1516 832 1569 divin.
857 1516 883 1565 1
903 1552 916 1573 ‚
942 1514 1036 1576 36,
1059 1514 1144 1567 79.
1171 1540 1239 1551 --
1258 1513 1330 1563 De

395 1585 690 1634 auctoritate
724 1598 962 1635 versuum
985 1583 1235 1651 Sibyllae,
1270 1582 1333 1631 de

393 1654 552 1715 divin.
595 1653 658 1711 2,
706 1652 800 1713 54,
845 1651 961 1705 110.
1002 1665 1069 1689 -·-
1114 1650 1333 1717 Sibyllae

395 1710 745 1783 ἄκροστιχίς,
786 1721 860 1775 Ib.
894 1723 956 1779 2,
982 1722 1078 1780 54,
1123 1721 1216 1771 111
1253 1735 1333 1782 sq.

393 1814 460 1825 --
478 1788 661 1839 Pulsus
681 1804 837 1855 regno
849 1788 1168 1839 Ptolemaeus
1188 1789 1333 1839 dolo-

395 1860 467 1908 sis
487 1858 716 1908 consiliis
731 1896 745 1920 ,
769 1866 825 1907 ut
847 1858 1040 1923 Sibylla
1060 1860 1208 1916 dixit,
1228 1857 1331 1909 Ro-

329 1943 336 1950 ·
389 1943 527 1979 mam
551 1930 718 1989 venit,
753 1942 845 1993 pro
871 1928 996 1980 Rab.
1020 1929 1158 1978 Post.
1188 1929 1251 1988 2,
1276 1929 1327 1980 4.

392 2025 457 2035 -—
471 1997 694 2064 Sibyllae
713 1998 930 2064 placere,
947 2007 1000 2046 ut
1012 1998 1330 2048 Ptolemaeus

389 2070 501 2118 sine
524 2067 850 2116 multitudine
869 2068 1211 2130 reduceretur,
1236 2066 1330 2115 ho-

389 2137 553 2185 mines
571 2135 800 2199 religiosi
819 2137 1082 2197 dixerunt,
1116 2137 1180 2186 ad
1200 2134 1324 2187 fam.

389 2205 419 2254 1
437 2239 452 2266 ,
482 2205 540 2266 7,
560 2204 611 2253 4.
635 2231 699 2240 -
723 2204 848 2254 Cum
867 2206 977 2254 eius
998 2205 1227 2254 versibus
1246 2219 1327 2253 re-

390 2287 582 2336 sponsa
604 2273 932 2337 haruspicum
963 2273 1326 2337 congruebant,

391 2343 548 2391 divin.
573 2340 620 2405 l,
642 2340 726 2404 43,
748 2341 815 2392 97
839 2350 886 2390 et
906 2340 991 2394 98.
1010 2367 1075 2376 -
1101 2340 1328 2404 Sibyllae

391 2407 718 2474 interpreteS,
757 2409 819 2459 de
848 2425 898 2460 n.
925 2409 974 2459 d.
997 2408 1059 2470 3,
1093 2412 1154 2471 2,
1185 2410 1236 2461 5.
1261 2436 1327 2444 -

391 2480 581 2545 Sibylla
653 2478 928 2545 Erythraea
997 2478 1327 2528 concitatione

391 2548 607 2610 quadam
638 2549 793 2596 animi
826 2547 996 2597 futura
1021 2547 1324 2614 praesensit,

390 2618 454 2666 de
481 2617 638 2666 divin.
665 2616 691 2664 1
713 2651 727 2678 ,
761 2615 852 2673 18,
886 2615 970 2666 34.
993 2643 1058 2652 —-·
1082 2615 1329 2680 Sibyllina

387 2683 522 2743 fata,
545 2684 598 2731 in
618 2682 768 2731 Catil.
799 2681 861 2740 3,
885 2685 946 2744 4,
967 2683 1015 2734 9.
1041 2710 1098 2717 -
1125 2682 1330 2748 Sibylli-

387 2765 483 2800 nae
503 2752 912 2812 vaticinationes,
943 2751 1008 2799 de
1038 2764 1086 2798 n.
1115 2750 1165 2803 d.
1191 2753 1250 2812 2,
1274 2753 1325 2816 3,

391 2816 472 2871 10.
494 2847 562 2856 ——
587 2817 823 2881 Sibyllini
853 2819 968 2867 libri
995 2820 1212 2869 consulti
1244 2820 1325 2870 Ti.

388 2885 610 2937 Graccho
631 2887 798 2935 occiso
817 2901 862 2938 a.
885 2903 935 2935 u.
950 2903 992 2941 c.
1017 2887 1156 2949 621„
1179 2890 1324 2939 Verr.

388 2962 608 3009 accusat.
631 2958 682 3016 4,
715 2955 800 3015 49,
833 2955 946 3007 108.
976 2983 1044 3022 -ss
1064 2955 1326 3022 Sibyllinis

389 3026 616 3076 versibus
634 3025 820 3075 furoris
839 3025 1195 3103 divinatiqnem
1216 3042 1326 3076 ma-

386 3098 526 3144 xime
563 3095 804 3144 contineri
847 3095 1103 3159 arbitrati,
1150 3111 1322 3145 eorum

385 3165 558 3214 decem
586 3165 882 3229 interpretes
909 3164 1132 3214 delectos
1153 3181 1180 3214 e
1199 3165 1326 3214 civi-

385 3239 488 3283 tate
521 3248 634 3281 esse
661 3234 932 3284 voluerunt
967 3233 1211 3291 Romani,
1261 3233 1325 3282 de

386 3303 540 3350 divin.
579 3300 626 3358 1,
654 3304 704 3354 2,
727 3305 775 3355 4.
927 3298 934 3302 “

1164 3370 1324 3417 Brun-

387 3435 516 3483 disio
542 3435 808 3496 discessit,
829 3437 892 3484 ad
923 3437 1043 3484 fam.
1069 3437 1162 3497 14,
1187 3438 1248 3495 4,
1269 3436 1321 3489 6.

803 189 864 239 C.
895 190 1184 237 SEXTIUS
1211 190 1551 238 GALVINUS
1580 210 1655 222 -—
1680 189 1958 239 SICILIA.

1472 371 1543 383 --
1572 344 1720 394 Sicca
1758 361 1789 394 a
1810 346 1869 398 L.
1898 345 2121 397 Domitio
2155 346 2248 397 Cn.
2280 348 2423 399 Pom·

1475 415 1593 478 peio
1631 414 1822 465 litteras
1869 414 2034 463 attulit
2074 422 2125 464 et
2162 418 2420 477 mandata,

1476 484 1541 531 ad
1574 483 1675 533 Att.
1706 481 1768 546 8,
1809 483 1891 533 12.
1928 482 1983 536 G.
2022 486 2074 535 4.
2111 512 2182 523 —-
2213 486 2281 535 A.
2307 502 2358 536 u.
2381 503 2418 539 c.

1477 550 1596 602 709.
1644 553 1713 621 ad
1741 550 1939 601 Siccam
1977 553 2184 619 scripsit
2227 553 2417 617 Cicero,

1476 621 1611 684 quod
1639 622 1796 670 utitur
1821 620 1877 668 L.
1912 618 2083 684 Cotta,
2111 624 2185 671 Ib.
2212 622 2308 682 12,
2338 623 2419 685 23,

1476 688 1529 740 3.
1553 690 1778 740 —Idem
1803 688 1922 739 fecit
1946 704 1991 739 a.
2014 706 2066 739 u.
2098 706 2146 741 c.
2168 690 2292 742 710.
2309 729 2324 755 ,
2349 694 2419 742 lb.

1477 759 1573 822 14,
1604 758 1697 819 19,
1729 757 1782 809 5.
1808 785 1883 797 —
1910 759 2064 823 Apud
2094 758 2298 810 Siccam
2331 760 2423 809 fuit
2491 796 2492 803 κ

1477 827 1652 878 Cicero
1686 836 1941 891 tamquam
1970 829 2109 878 domi
2130 843 2257 879 suae
2284 831 2424 880 scili-

1478 903 1557 946 cet
1581 910 1628 947 a.
1655 912 1707 949 u.
1733 911 1777 946 c.
1801 896 1921 951 710.
1939 932 1954 959 ,
1987 897 2058 947 Ib.
2080 897 2173 959 16,
2192 897 2257 958 6,
2286 898 2337 948 1.
2358 925 2425 935 —

1478 966 1754 1015 Antonium
1794 966 2143 1031 'perstringere
2189 966 2299 1016 vult
2342 966 2422 1015 ci-

1476 1047 1589 1085 cero
1621 1035 1731 1083 sine
1762 1035 1867 1083 ulla
1906 1035 2209 1084 contumelia
2241 1034 2424 1085 Siccae

1474 1111 1561 1153 aut
1592 1100 1891 1168 Septimiae,
1932 1104 2008 1156 Ib.
2041 1103 2099 1163 6,
2142 1104 2237 1167 ll,
2274 1105 2324 1154 1.
2355 1130 2421 1139 -
2491 1114 2492 1151 ;

1474 1172 1597 1221 Eius
1619 1171 1835 1236 fundus,
1870 1172 1935 1221 ad
1958 1172 2205 1225 Vibonem
2222 1208 2236 1235 ,
2265 1173 2341 1224 Ib.
2366 1171 2421 1235 3,

1473 1242 1525 1291 2.
1558 1241 1630 1290 lb.
1653 1239 1703 1300 3,
1724 1242 1776 1293 4.

1405 1306 1619 1360 Sicilia.
1660 1308 1867 1357 Siciliae
1902 1307 2013 1357 laus
2044 1309 2095 1357 in
2116 1309 2421 1358 Accusatio·

1472 1380 1551 1428 nis
1572 1377 1822 1442 secund0,
1856 1386 1982 1426 orat.
2002 1376 2088 1437 62,
2108 1378 2226 1430 210.
2250 1404 2315 1412 -
2336 1375 2423 1425 Si-

1474 1447 1592 1496 cilia
1623 1445 1790 1495 insula
1819 1444 2011 1495 Cereris
2029 1482 2043 1506 ,
2074 1447 2162 1496 ubi
2191 1446 2420 1509 primum

1472 1516 1645 1580 fruges
1703 1516 1935 1563 inventae
1988 1529 2101 1564 esse
2162 1514 2417 1579 dicuntur,

1470 1585 1619 1638 Verr.
1642 1590 1863 1633 accusat.
1887 1582 1935 1639 5,
1960 1581 2045 1643 38,
2064 1583 2151 1635 99.
2168 1608 2239 1621 —
2254 1583 2420 1633 Vetus

1472 1662 1548 1703 est
1568 1654 1741 1718 opinio
1761 1652 1979 1702 insulam
2011 1649 2238 1701 Siciliam
2256 1658 2418 1701 totam

1472 1736 1585 1772 esse
1617 1721 1789 1772 Cereri
1824 1729 1872 1771 et
1900 1721 2112 1771 Liberae
2150 1736 2420 1773 consecra-

1467 1798 1600 1853 tam,
1631 1792 1705 1841 lb.
1726 1794 1790 1850 4,
1830 1788 1923 1850 48,
1953 1789 2071 1841 106.
2091 1818 2161 1829 -
2182 1790 2421 1839 Hennen-

1471 1861 1605 1909 sium
1650 1874 1827 1908 nemus
1870 1858 2135 1908 umbilicus
2186 1857 2421 1916 Siciliae,

1469 1931 1545 1983 lb,
1568 1956 1637 1966 —-
1659 1929 1831 1978 Sicilia
1855 1928 1973 1977 tulit
1998 1928 2253 1992 quondam
2286 1928 2423 1978 mul-

1469 2006 1549 2048 tos
1581 2005 1630 2048 et
1660 1997 1889 2047 crudeles
1931 2005 2199 2061 tyrannOS,
2243 1998 2318 2047 Ib.
2366 1997 2422 2057 5,

1469 2067 1565 2129 56,
1590 2065 1707 2119 145.
1732 2095 1801 2106 —-
1823 2065 1997 2116 Sicilia
2026 2065 2245 2128 loquax,
2284 2066 2341 2113 in
2360 2065 2421 2113 P.

1470 2134 1699 2186 Clodium
1722 2144 1770 2186 et
1802 2133 1918 2188 Cur.
1940 2135 1973 2188 3
1989 2171 2002 2195 ,
2032 2135 2086 2187 2.
2114 2141 2179 2169 '—
2201 2133 2424 2184 Omnem

1464 2203 1735 2254 utilitatem
1756 2203 2180 2269 opportunitatem
2188 2219 2287 2266 que
2299 2218 2423 2269 pro-

1466 2273 1665 2324 vinciae
1693 2271 1896 2322 Siciliae
1911 2310 1925 2331 ,
1957 2287 2086 2335 quae
2104 2273 2170 2322 ad
2190 2285 2424 2322 commo-

1468 2341 1533 2390 da
1559 2341 1736 2406 populi
1756 2341 1904 2390 Rom.
1926 2340 2166 2390 adiuncta
2184 2342 2269 2403 sit,
2296 2355 2424 2390 con-

1468 2411 1645 2460 sistere
1666 2411 1714 2458 in
1737 2424 1792 2458 re
1822 2408 2151 2458 frumentaria
2170 2411 2421 2469 maxime,

1464 2480 1614 2530 Verr.
1638 2483 1856 2528 accusat.
1878 2477 1929 2538 3,
1952 2477 2003 2536 5,
2027 2477 2108 2528 11.
2126 2477 2421 2528 —Siciliae
2491 2493 2492 2542 ζ

1462 2547 1754 2612 Ρτονὶιιοίαβ
1782 2545 1961 2595 laudes
1986 2546 2244 2611 insignes:
2265 2574 2334 2581 —
2358 2547 2421 2594 il-
2491 2559 2492 2566 ¹

1466 2616 1555 2666 lud
1576 2627 1623 2666 et
1641 2617 1716 2665 rei
1734 2614 2093 2665 frumentariae
2123 2615 2421 2664 subsidium
2491 2627 2492 2630 ’

1452 2694 1515 2746 et
1543 2683 1919 2750 receptaculum
1952 2683 2204 2733 classibus
2226 2685 2420 2732 nostris
2491 2695 2492 2700 ’

1463 2761 1627 2818 patet,
1650 2755 1725 2803 Ib.
1747 2752 1798 2815 2,
1825 2751 1850 2800 1
1868 2789 1882 2811 ,
1906 2753 1958 2800 2.
1982 2778 2046 2788 -
2070 2751 2135 2803 M.
2168 2751 2292 2802 Cato
2318 2751 2421 2801 Sa·
2491 2767 2492 2788 1

1464 2823 1613 2887 piens
1647 2821 1823 2870 cellam
1854 2821 2119 2885 penariam
2150 2821 2222 2868 rei
2243 2819 2417 2884 publ„
2491 2815 2492 2832 ³

1464 2890 1709 2940 nutricem
1729 2890 1894 2954 plebis
1907 2889 2166 2939 Romanae
2180 2888 2420 2938 Siciliam
2491 2909 2492 2926 ι

1462 2961 1753 3009 nominabat
1767 2959 1876 3020 ,.1b.
1898 2959 1931 3006 2
1946 2994 1959 3017 ,
1981 2959 2033 3020 2,
2054 2957 2104 3006 5.
2127 2984 2196 2994 -
2231 2956 2422 3008 Sicilia
2491 2957 2492 3012 J

1464 3029 1577 3092 agri
1595 3028 1813 3079 cultione
1838 3033 1887 3076 et
1913 3033 2163 3075 aratorum
2194 3041 2419 3076 numero

1464 3097 1743 3146 nonomine
1774 3097 2081 3152 continetur,
2112 3094 2187 3144 lb.
2218 3093 2251 3144 3
2271 3132 2285 3154 ,
2326 3095 2418 3154 97,
2491 3101 2492 3150 l

1465 3165 1583 3216 226.
1640 3193 1699 3201 —-
1742 3164 1903 3222 Quum
1948 3163 2097 3213 bellis
2136 3163 2421 3229 Karthagi-

1464 3233 1724 3296 niensibus
1761 3231 1937 3285 Sicilia
1975 3240 2160 3282 vexata
2211 3241 2320 3295 est,
2370 3239 2420 3281 et

1462 3309 1607 3367 post,
1646 3317 1796 3363 quum
1836 3303 1917 3350 bis
1957 3301 2008 3348 in
2047 3315 2107 3350 ea
2143 3303 2420 3365 provincia

1462 3384 1678 3432 magnae
1714 3369 2043 3433 fugitivorum
2082 3370 2263 3432 copiae
2304 3386 2419 3418 ver·
2490 3387 2493 3396 ¹

1464 3447 1605 3488 satae
1624 3446 1765 3494 sunt,
1785 3445 1951 3486 tamen
1974 3446 2231 3485 aratorum
2254 3438 2419 3486 inter-
