2500 3850
246 139 364 204 418

378 310 443 358 A.
463 324 513 356 u.
535 323 580 362 c.
603 308 722 359 708.
742 315 842 361 aet.
864 307 996 358 LXI.
1037 307 1244 358 Catonis

307 378 557 428 Uticensis
625 377 969 428 laudationem
1023 377 1244 425 scribere

308 446 631 511 aggreditur,
669 447 736 496 ad
757 447 857 495 Att.
880 447 964 505 12,
999 447 1051 510 4,
1087 446 1139 494 2.
1177 471 1246 480 -

307 515 437 564 Eum
466 514 650 565 librum
681 516 784 565 ‘sibi
816 516 1014 579 placere
1047 513 1246 579 signifi-

308 595 416 643 cat,
453 585 524 638 lb.
555 585 650 643 12,
691 584 755 648 5,
793 585 845 634 2.
883 583 1053 630 -'Et
1089 597 1246 644 quum

307 653 492 702 Caesar
546 659 760 703 exeunte
800 667 972 702 mense
1010 650 1248 710 Quinctili

307 721 519 770 Romam
557 723 809 782 redisset,
859 721 1245 770 summameius

309 805 433 855 erga
466 805 523 838 se
570 790 930 840 humanitatem
969 791 1242 854 experitur,

311 859 377 909 ad.
395 858 516 908 fam.
537 861 598 923 4,
628 860 694 912 13
712 896 726 918 ‚
748 861 802 908 2.
818 883 903 896 ·—
925 858 1244 922 Complures-

309 943 406 990 que
425 929 618 978 amicos
647 929 936 978 exsulantes
955 926 1245 977 consolatur

307 997 386 1047 vel
399 1011 544 1060 spem
561 998 625 1045 iis
645 997 835 1046 reditus
849 996 984 1058 facit,
1005 996 1074 1044 lb.
1089 996 1141 1059 4,
1156 992 1238 1044 13.

307 1067 380 1114 lb.
396 1066 448 1126 6,
471 1065 547 1114 13.
572 1091 637 1102 —
656 1065 763 1113 Hoc
782 1063 954 1113 Cicero
970 1078 1100 1114 anno
1113 1064 1240 1112 scri-

309 1134 414 1197 psit
449 1132 748 1181 partitiones
793 1132 1062 1190 oratoriaS,
1119 1133 1241 1180 item

305 1202 516 1250 Brutum
542 1201 606 1250 de
624 1201 776 1250 claris
795 1200 1096 1260 oratoribuS,
1117 1198 1242 1250 Ora-

306 1281 468 1321 torem
487 1270 554 1320 ad
574 1271 639 1320 M.
671 1269 877 1320 Bmtum
889 1307 904 1332 ,
942 1269 1010 1322 ad
1029 1273 1130 1322 Att.
1156 1268 1242 1328 12,

307 1339 358 1399 6,
391 1341 442 1389 2.
481 1364 551 1376 —-
587 1337 788 1388 Gratias
817 1340 868 1387 in
905 1348 1083 1388 senatu
1119 1337 1245 1388 Cae-

309 1409 410 1458 sari
463 1411 568 1473 egit
620 1422 713 1472 pro
760 1407 984 1457 Marcelli
1043 1409 1245 1457 restitu-

307 1479 462 1536 tione,
489 1477 669 1526 deinde
689 1478 826 1542 apud
844 1492 956 1526 eum
975 1492 1068 1541 pro
1091 1476 1246 1541 Liga-

307 1547 381 1594 rio
407 1545 559 1598 dixit.

375 1614 438 1664 A.
455 1631 504 1665 u.
530 1629 576 1662 c.
603 1611 744 1674 709„
767 1619 864 1666 aet.
885 1613 1046 1666 LXII.
1068 1611 1243 1663 Cicero

308 1682 542 1730 Terentia
565 1681 778 1730 dimissa
807 1681 1058 1747 virginem
1077 1681 1246 1730 Publi-

308 1751 426 1800 liam
445 1764 658 1800 uxorem
689 1751 852 1810 duxit,
873 1751 940 1800 ad
953 1750 1072 1800 fam.
1087 1751 1137 1798 4.
1160 1750 1243 1809 14,

307 1819 357 1871 3.
395 1845 462 1854 —
484 1818 660 1868 Paullo
687 1827 804 1883 post
835 1819 1004 1868 Tullia
1033 1819 1139 1867 filia
1165 1816 1248 1866 Ci-

308 1888 504 1939 ceronis
545 1903 608 1937 ex
643 1896 791 1954 partu
821 1889 1056 1949 decessit,
1099 1888 1244 1937 cuius

309 1972 444 2011 mors
471 1959 518 2007 ei
540 1972 795 2007 summum
823 1956 1085 2008 luctum'et
1103 1956 1245 2021 dolo:

306 2042 414 2077 rem
452 2026 654 2086 attulit,
695 2042 843 2089 quem
885 2027 1029 2076 multi
1062 2025 1244 2074 litteris

308 2096 659 2145 consolatoriis
681 2096 747 2144 ad
766 2110 881 2144 eum
903 2097 1112 2159 scriptis
1124 2132 1139 2159 ,
1180 2094 1246 2143 ad

305 2162 430 2217 fam.
459 2162 510 2223 9,
548 2164 628 2213 11.
691 2163 757 2211 ad
787 2165 892 2215 Att.
913 2164 995 2227 12,
1029 2162 1111 2213 13.
1168 2162 1242 2210 Ib.

308 2234 391 2291 12,
418 2232 498 2292 14,
518 2233 570 2281 4.
611 2232 677 2280 ad
697 2231 818 2280 fam.
843 2233 895 2290 4,
916 2234 1008 2291 5.,,
1024 2232 1136 2294 ipse
1156 2244 1247 2279 au-

305 2310 403 2351 tem
423 2299 552 2349 libro
576 2300 641 2350 de
655 2300 1003 2349 consolatione
1034 2300 1244 2363 scripto,

306 2372 372 2422 ad
395 2372 497 2420 Att.
523 2370 606 2433 12,
641 2370 725 2431 14,
754 2368 805 2422 3.
825 2407 839 2430 ,
877 2368 1102 2418 minuere
1137 2374 1245 2416 stu-

307 2442 433 2491 duit.
453 2466 526 2477 —·
551 2439 726 2489 Paullo
759 2450 875 2504 post
897 2437 1092 2487 Tulliae
1113 2452 1245 2485 mor-

307 2520 406 2560 tem
436 2510 685 2559 Publiliae
717 2510 865 2559 uxori
896 2510 1133 2557 nuncium
1168 2520 1246 2554 re-

305 2580 470 2638 misit,
526 2579 664 2641 quod
707 2580 822 2627 visa
863 2585 996 2627 esset
1047 2575 1246 2625 Tulliae

307 2656 464 2695 morte
485 2647 680 2695 laetari.
756 2648 862 2694 Hoc
891 2660 1022 2693 anno
1040 2644 1246 2707 scripsit

307 2715 628 2764 Hortensium
666 2730 709 2765 s.
759 2714 943 2762 librum
985 2714 1047 2762 de
1076 2711 1242 2777 philo-

308 2782 506 2845 sophia,
537 2782 720 2828 deinde
741 2780 1158 2828 Academicorum
1181 2778 1245 2826 li—

309 2851 425 2899 bros
447 2850 577 2908 duo,
613 2862 825 2909 quorum
859 2847 1070 2894 alterum
1094 2846 1243 2895 Catu-

305 2919 440 2978 lum,
483 2915 692 2965 alterum
723 2913 986 2962 Lucullum
1017 2914 1246 2979 appella-

308 2987 404 3048 vit,
455 3000 482 3033 e
528 2983 711 3044 quibus
757 2984 1007 3048 posterior
1056 2993 1240 3038 exstat.

305 3054 489 3103 Postea
517 3068 635 3101 vero
663 3061 816 3103 totam
852 3053 983 3102 hauc
1012 3053 1244 3119 disputa·
1310 3051 1314 3055 ’

307 3122 495 3171 tionem
519 3130 752 3185 quattuor
771 3123 916 3173 libris
937 3124 1242 3187 explicatam

307 3190 372 3239 ad
394 3192 663 3240 Varronem
687 3193 963 3257 transtulit,
1003 3208 1030 3240 e
1060 3194 1242 3255 quibus

305 3273 424 3321 pars
445 3263 692 3321 quaedam
724 3262 837 3309 libri
859 3262 1041 3324 primi,
1081 3270 1244 3311 caete-

309 3341 475 3374 rorum
525 3344 688 3390 panca
744 3329 1026 3392 fragm-»uta
1068 3344 1245 3393 super-

313 3402 442 3441 sunt.
499 3396 689 3445 Eodem
711 3410 841 3446 anno
861 3398 1065 3462 scripsit
1091 3398 1246 3445 libros

774 153 845 198 M.
869 151 1163 198 'ruffinus
1188 153 1260 198 M.
1287 153 1348 198 F.
1376 129 1444 199 nit.
1470 153 1536 198 N.
1564 151 1835 198 CICERO.

1383 308 1602 369 quinque
1653 307 1716 355 de
1754 306 1939 355 finibus
1987 307 2241 357 bonorum
2282 319 2331 358 et

1382 377 1644 428 malorum.
1706 375 1831 424 Post
1851 375 2070 424 reditum
2091 375 2335 426 Caesaris

1382 459 1448 492 ex
1466 444 1705 508 Hispania
1724 459 1899 492 mense
1914 443 2123 504 Octobri
2138 447 2334 494 reversi

1384 511 1557 562 Cicero
1589 513 1729 578 apud
1767 527 1883 562 eum
1915 527 2092 578 regem
2120 512 2331 562 Deiota-

1385 597 1497 630 rum
1532 581 1795 641 defendit,
1850 597 2000 643 quam
2043 581 2329 631 orationem

1383 657 1566 716 postea
1608 651 1851 715 scriptam
1899 651 1969 700 ad
2004 649 2333 700 Dolabellam

1383 719 1537 783 misit,
1552 719 1617 768 ad
1639 718 1760 771 fam.
1782 717 1834 778 9,
1858 718 1941 778 12,
1962 719 2013 768 2.

1453 788 1519 836 Α.
1551 803 1601 836 u.
1638 803 1683 836 c.
1708 786 1829 839 710.
1861 794 1958 836 aet.
1994 785 2181 836 Lxm.
2214 789 2329 838 Kal.

1381 859 1489 910 Ian.
1534 871 1691 920 quum
1724 856 1909 906 Caesar
1945 857 2011 906 V.
2061 872 2169 905 cos.
2214 873 2329 906 cum

1382 927 1450 975 Μ.
1478 927 1697 976 Antonio
1732 924 2049 980 Dolabellam
2084 926 2331 976 sibisur-
2394 933 2403 938 ‘

1382 1009 1561 1062 rogare
1590 993 1745 1044 vellet
1778 995 2046 1042 resistente
2087 995 2331 1058 Antonio,

1384 1063 1557 1113 Cicero
1592 1064 1644 1111 in
1676 1071 1853 1113 senatu
1872 1061 2055 1112 adfuit.
2132 1062 2329 1130 Luper-

1382 1133 1577 1181 calibus
1596 1131 1709 1180 XV.
1726 1131 1838 1181 Kal.
1855 1131 2000 1183 Mart.
2026 1147 2190 1192 quum
2206 1133 2327 1182 Cae-

1383 1216 1467 1251 sar
1486 1202 1537 1250 in
1558 1201 1756 1251 Rostris
1778 1200 1960 1249 sedens
1996 1201 2049 1248 in
2078 1199 2211 1250 sella
2240 1216 2327 1250 au-

1384 1285 1488 1333 rea,
1528 1269 1741 1320 amictus
1774 1276 2193 1333 toga·purpnrea
2211 1283 2327 1335 spe-

1385 1345 1544 1388 ctaret
1584 1337 1872 1402 LupercoS,
1907 1337 2193 1397 Antonius,
2242 1341 2323 1401 qui

1386 1414 1493 1458 erat
1528 1416 1634 1456 tum
1664 1407 1777 1471 ipse
1806 1407 2089 1470 Lupercus,
2130 1405 2199 1456 ad
2226 1407 2324 1456 sel-

1384 1476 1463 1525 las
1514 1477 1625 1524 eius
1661 1476 1872 1524 accessit
1920 1475 2179 1538 capitique
2221 1475 2325 1524 dia—

1386 1545 1535 1595 dema
1554 1545 1813 1608 imposuit,
1842 1543 1981 1604 quod
2002 1543 2193 1592 Caesar
2212 1559 2323 1592 cum

1384 1614 1570 1679 plausu
1588 1612 1768 1678 populi
1781 1612 2090 1676 repudiavit,
2102 1611 2321 1677 Philipp.

1384 1683 1437 1742 2,
1468 1682 1554 1741 34,
1577 1681 1645 1732 85
1668 1695 1747 1743 sq.
1788 1679 1927 1738 Ib.3,
1946 1679 1999 1738 5,
2024 1679 2107 1730 12.
2150 1681 2318 1737 1b.l3‚

1386 1752 1438 1813 8,
1471 1749 1552 1801 17.
1571 1777 1640 1786 --
1667 1750 1840 1798 Idibus
1858 1748 2055 1797 Martiis
2078 1747 2267 1798 Caesar
2294 1765 2321 1796 a

1385 1819 1661 1868 coniuratis
1708 1818 1773 1867 M.
1814 1817 1992 1876 Bruto,
2030 1815 2087 1867 C.
2131 1816 2321 1875 Cassio,

1388 1890 1595 1939 caeteris
1624 1887 1675 1937 in
1701 1886 1840 1936 curia
1868 1885 2103 1952 Pompeii
2130 1885 2319 1937 XXIII.

1384 1958 1550 2023 plagis
1587 1956 1854 2006 confossus
1891 1960 1985 2004 est.
2060 1956 2136 2005 Eo
2172 1958 2322 2005 inter·

1387 2028 1517 2075 fecto
1544 2025 1607 2079 M.
1627 2024 1812 2074 Brutus
1832 2031 2093 2073 cruentum
2113 2024 2215 2074 alte
2232 2040 2319 2074 ex-

1386 2094 1570 2143 tollens
1608 2096 1882 2159 pugionem
1916 2092 2210 2143 Ciceronem
2234 2108 2319 2141 no·

1386 2164 1615 2211 minatim
1631 2162 1932 2211 exclamavit
1950 2163 2099 2223 eique
2118 2176 2319 2225 reeupe—

1386 2240 1546 2281 ratam
1583 2230 1867 2281 libertatem
1907 2238 1983 2279 est
2024 2230 2317 2295 gratulatus,

1386 2302 1463 2350 Ib.
1501 2303 1551 2365 2,
1594 2301 1675 2359 12,
1712 2299 1797 2349 28.
1826 2329 1897 2337 ——
1934 2300 2011 2347 Ex
2036 2316 2137 2361 quo
2167 2302 2317 2347 Anto-

1384 2371 1501 2419 nius
1528 2368 1796 2434 colligebat
1816 2382 1935 2417 eum
1960 2368 2319 2417 coniuratIonis

1386 2440 1643 2487 conscium
1680 2436 1868 2495 fuisse,
1907 2437 1979 2485 lb.
2008 2438 2073 2497 2„
2112 2437 2202 2495 12,
2236 2434 2316 2485 30.

1385 2536 1450 2544 -
1472 2507 1673 2557 Certum
1692 2514 1861 2563 tamen
1881 2512 1959 2555 est
1978 2520 2111 2565 eum,
2147 2519 2321 2567 quam-

1386 2577 1465 2627 vis
1504 2576 1568 2628 M.
1601 2575 1753 2623 Bruto
1792 2574 2193 2624 familiarissime
2214 2580 2321 2623 ute-

1386 2652 1541 2705 retur,
1576 2644 1687 2692 eius
1723 2652 1986 2707 expertem
2024 2642 2214 2701 fuisse,
2254 2642 2318 2689 ad

1385 2712 1507 2763 fam.
1542 2714 1621 2771 12,
1642 2714 1694 2771 4,
1720 2712 1767 2763 1.
1796 2738 1861 2747 -
1884 2712 2161 2760 Antonium
2180 2718 2321 2775 putat

1383 2782 1644 2848 epularum
1709 2782 1873 2844 magis
1930 2782 2177 2829 rationem
2230 2778 2321 2827 ha·

1384 2854 1501 2901 bere
1532 2864 1681 2912 quam
1720 2850 1995 2911 quidquam
2030 2848 2150 2897 mali
2179 2848 2319 2911 cogi-

1382 2928 1517 2976 tare,
1556 2920 1623 2968 ad
1644 2918 1747 2965 Att.
1783 2919 1865 2975 14,
1904 2916 1955 2978 3,
1986 2918 2040 2966 2.
2069 2943 2139 2952 -
2174 2914 2319 2965 Dolet

1384 3004 1483 3039 non
1508 3003 1608 3036 una
1640 3002 1754 3035 cum
1787 2986 2017 3035 libertate
2048 3002 2149 3036 rem
2175 2984 2317 3049 publ.

1386 3073 1585 3120 quoqne
1604 3065 1969 3119 recuperatam,
1994 3054 2065 3103 [b.
2094 3055 2172 3115 14,
2192 3054 2243 3111 4,
2270 3052 2317 3099 1.

1382 3128 1457 3176 Ib.
1486 3128 1567 3183 15,
1587 3126 1641 3187 4,
1660 3124 1711 3177 2.
1746 3152 1812 3160 --
1832 3123 2066 3183 Queritur
2086 3122 2319 3172 Caesaris

1379 3194 1737 3245 interfectores
1768 3192 1961 3241 laudari
1978 3230 1993 3252 ,
2028 3192 2223 3255 tyranni
2246 3200 2320 3237 ta·

1384 3278 1499 3311 men
1539 3264 1672 3313 facta
1710 3262 1950 3321 defendi,
1989 3261 2060 3309 lb.
2087 3261 2164 3319 14,
2190 3259 2241 3320 6,
2264 3261 2315 3306 2.

1386 3333 1468 3380 lb.
1490 3332 1572 3388 14,
1608 3332 1689 3385 10,
1725 3332 1772 3383 1.
1816 3332 1887 3379 lb.
1918 3330 2001 3384 14,
2034 3328 2113 3385 11,
2152 3328 2201 3375 1.
2240 3327 2315 3378 lt»,

1391 3398 1471 3459 14,
1498 3401 1579 3461 14,
1600 3402 1632 3449 2
1658 3415 1769 3461 sqq.
1795 3426 1859 3435 ——
1880 3398 2053 3446 Mense
2075 3394 2316 3453 Quinctili
