2500 3850
635 215 814 263 PRON
825 215 960 263 OEA
991 238 1076 248 --
1096 215 1757 264 PSEUDOPHILIPPUS.

251 368 386 434 phae
409 368 564 423 filius,
599 396 665 405 —-
693 368 1024 420 Prometheus
1061 369 1188 419 adli-

251 454 350 487 xus
373 436 596 487 Caucaso
611 474 627 501 ,
661 437 863 487 Tuscul.
885 438 918 488 5
933 474 946 501 ,
969 437 1026 501 3,
1047 438 1096 487 8.
1119 465 1186 475 ——

249 506 576 556 Prometheus
601 506 900 557 mortalibus
918 508 1088 571 ignem
1108 507 1186 556 di-

257 577 402 637 visit,
424 576 489 624 ad
507 576 625 624 Her.
647 576 710 635 4,
741 574 774 624 6
790 611 804 634 ,
826 575 875 626 9.
897 604 966 613 -
983 575 1185 624 Prome-

249 644 396 693 theus
431 645 634 693 vinctus
669 643 936 709 Aeschyli,

115 770 120 773 ,
251 712 302 774 3,
323 712 408 772 31,
433 711 520 763 76.

183 780 439 831 Pronoea
459 778 742 831 Stoicorum
757 818 771 841 ,
795 782 858 831 de
878 796 928 831 n.
952 782 1002 830 d.
1024 784 1074 843 2,
1097 780 1184 842 29,

252 850 336 902 73.
373 850 446 898 Ib.
467 852 518 911 2,
538 848 625 909 64,
650 848 765 901 160.

185 916 312 968 Sex.
348 914 696 982 Propertius.
729 918 852 969 Eius
884 932 1068 968 nomen
1099 918 1185 967 de-

252 986 365 1037 tulit
387 987 566 1037 Aelius
599 985 784 1051 Ligur,
815 1002 1056 1037 accusare
1084 1002 1184 1037 non

254 1062 328 1104 est
349 1070 502 1107 ausus
517 1092 531 1116 ,
554 1055 618 1105 de
638 1055 788 1105 domo
805 1071 900 1106 sua
923 1056 1005 1117 19,
1026 1055 1110 1106 49.

183 1122 484 1188 Propontis
498 1160 514 1187 ,
551 1139 690 1175 mare
731 1126 858 1175 inter
896 1126 996 1175 duo
1038 1125 1183 1190 freta,

253 1192 638 1259 Hellespontum
657 1200 706 1242 et
717 1193 1015 1259 Bosporum,
1032 1195 1187 1243 inter-

253 1264 434 1311 iectum
449 1298 462 1321 ‚
514 1263 660 1324 quasi
700 1263 1004 1313 vestibulum
1042 1263 1189 1313 Ponti

250 1330 456 1381 Euxini.
494 1356 561 1365 —
595 1329 865 1395 Propontis
886 1338 1001 1379 ‘tota
1041 1338 1190 1393 atque

252 1398 608 1461 Hellespontus
653 1400 846 1448 venibit
899 1399 992 1447 sub
1043 1414 1191 1464 prae-

257 1482 406 1530 cone,
437 1466 500 1515 de
518 1466 632 1530 lege
651 1480 757 1531 agr.
785 1468 835 1531 1,
857 1467 906 1529 1,
932 1467 978 1517 1.

185 1532 478 1585 Proseleni
496 1535 736 1599 Arcades,
761 1535 816 1584 id
839 1544 932 1595 est,
954 1540 1070 1585 ante
1089 1536 1188 1586 Lu-

255 1618 370 1653 nam
388 1604 500 1665 orti,
513 1603 738 1652 Fundan.
751 1602 994 1669 fragm.3.
1010 1604 1186 1669 p.216.

185 1669 554 1737 Proserpina,
591 1673 726 1721 Iovis
756 1680 804 1721 et
835 1670 1030 1722 Cereris
1065 1672 1188 1721 filia.

255 1742 318 1790 V.
351 1738 573 1791 Libera.
594 1764 663 1777 —-
695 1740 993 1806 Proserpina
1024 1748 1072 1790 et
1102 1740 1189 1789 Li-

251 1810 346 1859 ber
372 1811 476 1859 nati
503 1824 567 1858 ex
584 1810 702 1859 Iove
729 1810 920 1875 primo,
953 1810 1190 1859 Aetheris

255 1878 386 1942 filio,
422 1878 485 1928 de
509 1892 560 1926 n.
583 1879 635 1931 d.
653 1877 712 1943 3,
745 1879 810 1929 21
827 1915 841 1943 ‚
874 1878 959 1932 53.
981 1879 1188 1928 —Pro-

254 1949 455 2012 serpina
485 1955 532 1996 et
560 1948 784 2012 Iuppiter
809 1956 1047 2014 parentes
1067 1947 1187 1998 Dio-

251 2020 369 2080 nysi
385 2017 564 2083 primi,
587 2017 660 2066 Ib.
680 2016 716 2069 3
728 2053 744 2078 ,
765 2015 851 2081 23,
872 2017 957 2068 58.
975 2017 1190 2066 ——Pro-

256 2087 457 2150 serpina
476 2093 523 2134 et
544 2086 768 2149 luppiter
779 2122 794 2147 ,
814 2094 1051 2150 parentes
1066 2085 1188 2134 Dia-

253 2169 349 2203 nae
371 2153 594 2218 primae,
625 2155 697 2203 Ib.
720 2153 778 2214 3,
800 2155 896 2219 23,
917 2155 1003 2207 58.
1025 2181 1090 2190 ·-·-
1111 2155 1189 2202 Ex

255 2224 373 2271 Iove
411 2223 762 2283 antiquissimo
803 2229 852 2271 et
883 2224 1190 2286 Proserpina

257 2289 604 2356 (Britomarte)
635 2291 742 2338 nati
774 2291 1010 2340 Dioscuri
1035 2292 1192 2355 primi

255 2369 362 2408 tres
391 2371 436 2410 s.
455 2358 683 2417 Auaces,
710 2356 786 2406 lb.
814 2357 876 2418 3,
897 2359 982 2417 21,
1000 2358 1092 2417 53.
1121 2359 1188 2408 V.

257 2423 640 2476 Britomartis.
716 2451 786 2462 —
864 2427 1192 2490 Proserpinae

258 2503 468 2559 aspectu
491 2499 770 2544 commotus
807 2501 886 2544 est
916 2495 1192 2546 Mercurius

256 2565 484 2629 primus,
503 2564 576 2612 lb.
605 2562 654 2625 3,
675 2564 744 2614 22
757 2597 771 2621 ,
795 2561 881 2616 56.
901 2589 970 2600 -
987 2563 1194 2613 Proser-

257 2636 382 2697 pina
398 2638 544 2696 rapta
559 2646 590 2681 a
611 2629 728 2680 Dite
745 2639 906 2696 patre.
946 2630 1192 2682 Graecum

260 2701 369 2751 eius
391 2713 596 2750 nomen.
633 2700 854 2764 Frugum
877 2715 1051 2751 semen
1079 2715 1192 2751 esse

257 2769 436 2820 volunt
469 2768 916 2832 absconditamque
953 2771 1127 2833 quaeri
1162 2785 1194 2818 a

257 2847 416 2888 matre
434 2837 662 2903 fingunt,
683 2837 759 2889 Ib.
778 2840 842 2899 2,
867 2837 964 2902 26,
994 2837 1081 2890 66.
1121 2838 1188 2888 cf.

257 2907 406 2959 Verr.
433 2913 652 2956 accusat.
677 2907 728 2956 4.
753 2905 807 2956 C.
837 2907 906 2957 48
939 2915 988 2956 et
1015 2905 1101 2957 49.
1121 2933 1193 2944 -

259 2974 382 3024 Eius
401 2973 574 3025 fanum
589 2975 768 3024 Locris
789 2990 822 3024 a
838 2975 1082 3041 Dionysio
1103 2991 1192 3026 ex·-

257 3044 501 3108 pilatum,
531 3043 594 3093 de
613 3059 664 3093 u.
691 3043 740 3096 d.
765 3042 814 3106 3,
837 3042 920 3104 34,
947 3043 1032 3096 83.

188 3111 536 3178 Protagoras
556 3113 816 3176 Abderita,
837 3113 900 3162 de
917 3119 1096 3164 natura
1115 3130 1193 3164 re-

257 3196 368 3228 rum
387 3182 616 3246 scripsit,
643 3182 707 3230 de
735 3189 860 3232 orat.
883 3181 933 3246 3,
959 3182 1043 3242 32,
1071 3182 1190 3234 128.

258 3246 580 3314 Protagoras,
602 3250 857 3314 sophistes
880 3251 1194 3314 temporibus

259 3315 363 3364 illis
384 3316 463 3366 vel
482 3319 751 3378 maximus,
771 3333 922 3381 quum
939 3321 992 3367 in
1004 3318 1196 3384 princi-

261 3384 348 3448 pio
383 3384 497 3433 libri
528 3387 608 3435 sui
647 3388 723 3436 sic
754 3389 1040 3452 posuisset:
1089 3387 1196 3437 ‘De

259 3452 393 3502 divis
425 3467 588 3516 neque
618 3462 673 3504 ut
701 3456 802 3504 sint
829 3470 993 3517 neque
1021 3463 1075 3504 ut
1093 3469 1194 3504 uon

977 644 1182 698 Tusculj

2132 202 2259 265 329

1326 370 1426 419 'sint
1442 370 1608 419 habeo
1628 370 1846 435 dicere’,
1874 370 2259 420 Atheniensium

1326 440 1469 487 iussu
1501 438 1625 487 urbe
1660 447 1808 502 atque
1842 454 1965 503 agro
1995 448 2071 487 est
2090 448 2257 488 exter-

1323 508 1546 556 minatus
1572 506 1789 571 librique
1810 508 1921 558 eius
1940 509 1991 555 in
2025 508 2265 557 contione·

1324 577 1603 636 combusti,
1634 577 1697 625 de
1715 592 1763 625 n.
1784 578 1835 629 d.
1860 576 1884 625 1
1905 612 1919 633 ‚
1951 576 2017 627 23
2034 613 2046 634 ,
2066 574 2153 626 63.
2191 576 2254 625 cl.

1324 645 1395 694 ib.
1421 646 1479 705 1,
1516 645 1561 710 1,
1582 646 1632 697 2.
1674 646 1747 695 lb.
1776 646 1833 709 1,
1868 643 2065 708 11,29.
2104 646 2176 693 Ib.
2208 644 2257 706 1,

1322 716 1407 774 42,
1436 714 1553 763 117.
1579 744 1649 753 -
1678 713 1758 761 Ab
1781 728 1839 763 eo
1861 714 2082 777 scriptae
2104 720 2151 761 et
2171 727 2269 778 pa·

1325 790 1465 832 ratae
1507 797 1674 831 rerum
1717 781 1988 832 illustrium
2034 783 2269 847 disputa·

1322 854 1515 915 tione5‚
1539 866 1667 913 quae
1696 865 1829 900 nunc
1855 865 2149 899 communes
2170 864 2263 914 ap·

1323 919 1576 984 pellantur
1608 920 1732 980 loci,
1768 918 1906 969 Brut.
1948 921 2039 978 12,
2072 919 2161 969 46.
2200 941 2257 959 -ε-

1324 991 1625 1054 Protagoras
1653 996 1797 1053 putat
1814 988 1867 1037 id
1888 989 2069 1051 cuique
2086 1002 2264 1036 verum

1326 1073 1454 1121 esse,
1480 1058 1615 1120 quod
1634 1060 1815 1120 cuique
1836 1058 2085 1115 videatur,
2102 1056 2266 1105 Aead..

1326 1142 1403 1191 pr.
1427 1127 1478 1187 2,
1499 1126 1584 1190 46,
1610 1126 1725 1177 142.
1742 1153 1807 1162 -
1824 1125 2127 1190 Protagoras
2147 1139 2261 1173 cae-

1325 1196 1520 1275 terique
1538 1195 1797 1259 sophistae
1823 1209 1853 1243 a
1873 1194 2080 1244 Socrate
2098 1195 2266 1258 impu-

1328 1264 1497 1329 gnati,
1517 1263 1656 1317 Brut.
1678 1262 1728 1323 8,
1750 1264 1834 1314 30.
1871 1264 1943 1311 lb.
1968 1262 2053 1321 85,
2081 1262 2202 1313 292.

1259 1330 1605 1398 Protagoras
1640 1347 1705 1381 ex
1732 1331 1939 1379 Platone
1970 1345 2001 1378 a
2022 1329 2263 1379 Cicerone

1332 1415 1459 1449 conv
1463 1414 1605 1447 ersus
1621 1399 1846 1463 fragm
1878 1413 1929 1463 p.
1959 1396 2076 1449 266

1261 1468 1609 1533 Protogenes
1639 1466 1889 1527 Uannius,
1922 1465 2088 1531 pictor
2120 1466 2265 1515 nobi-

1328 1536 1587 1599 lissimuS,
1653 1535 1806 1585 simul
1876 1542 1925 1585 et
1991 1536 2265 1583 statuarius

1330 1603 1502 1669 Apelli
1530 1605 1770 1667 aequaliS.
1790 1630 1863 1643 --·
1890 1606 1947 1652 In
1980 1605 2265 1667 Protogene

1330 1674 1434 1723 iam
1452 1671 1679 1737 perfecta
1700 1676 1883 1737 omnia,
1908 1672 2044 1721 Brut.
2070 1671 2153 1736 18,
2174 1670 2266 1725 70.

1331 1769 1398 1779 —
1433 1743 1553 1791 Eius
1593 1742 1792 1791 tabulae
1832 1742 2025 1807 pictae,
2067 1739 2269 1805 Ialysus

1330 1811 1526 1871 Rhodi,
1568 1811 1777 1860 Paralus
1814 1810 2057 1871 AtheniS,
2114 1810 2262 1863 Verr.

1333 1886 1549 1930 accusat.
1572 1881 1636 1940 4,
1670 1879 1765 1944 60,
1798 1877 1913 1930 135.
1935 1878 2266 1944 —Protoge-

1328 1950 1408 1997 nis
1426 1948 1601 1996 tabula
1618 1949 1845 2014 Ialysus,
1874 1954 1998 1997 orat.
2027 1949 2078 2010 2,
2108 1947 2157 1998 5.
2198 1947 2265 1996 ad

1327 2018 1431 2066 Att.
1455 2017 1505 2080 2,
1528 2009 1614 2080 21,
1636 2021 1687 2070 4.

1258 2084 1639 2152 Protogenes,
1672 2101 1848 2136 servus
1868 2092 2175 2150 anagnostes
2193 2083 2267 2138 M.

1328 2155 1511 2216 Marii,
1532 2154 1598 2204 ad
1619 2155 1741 2208 fam.
1766 2156 1817 2213 7,
1842 2155 1889 2218 1,
1920 2153 1972 2205 3.

1258 2219 1522 2287 Prusias,
1560 2223 1825 2289 Bithyniae
1858 2238 1967 2272 lex.
2010 2222 2155 2282 Quod
2186 2235 2267 2269 re-

1332 2306 1576 2356 sponsum
1597 2294 1659 2341 ab
1680 2291 1959 2342 Hannibale
1976 2290 2179 2351 tulerit,
2202 2289 2267 2338 de

1331 2360 1493 2409 divin.
1518 2362 1567 2422 2,
1600 2362 1686 2420 24,
1706 2361 1789 2411 52.

1260 2427 1627 2494 Prytanemn
1692 2430 1873 2479 Victus
1924 2428 1978 2475 in
2016 2428 2271 2490 Prytaneo

1330 2496 1534 2562 publice
1591 2497 1851 2561 praebitus
1910 2494 2072 2544 honos
2130 2495 2269 2558 apud

1333 2564 1551 2614 Graecos
1604 2566 1856 2614 maximus
1901 2563 2146 2627 habetur,
2204 2563 2269 2612 de

1334 2641 1459 2683 orat.
1499 2633 1557 2693 1,
1602 2634 1698 2693 54,
1741 2633 1860 2685 232.

1264 2701 1469 2752 Psecas
1491 2716 1639 2752 serva
1652 2739 1665 2760 ,
1690 2709 1851 2752 mater
1870 2699 2108 2764 Bellieni,
2128 2699 2266 2752 (lael.⁴

1334 2771 1399 2819 ad
1417 2770 1542 2819 fam.
1566 2771 1617 2830 8,
1640 2772 1721 2835 15,
1750 2772 1799 2820 2.

1262 2837 1643 2903 Pseudocato,
1677 2841 1854 2900 idest,
1884 2839 2009 2889 alter
2026 2837 2176 2901 cate,
2202 2836 2271 2888 ad

1335 2907 1514 2968 Att.1,
1540 2909 1624 2972 14,
1646 2909 1697 2960 6.

1262 2944 1878 3042 Pseudodamasippum,
1933 2974 2001 3024 ad
2042 2973 2164 3022 fam.
2216 2973 2273 3031 7,

1263 3109 1719 3164 Pseudomarius.
1758 3111 1823 3160 V.
1843 3107 2120 3159 Amatius.

1264 3176 1805 3247 Pseudophilippus,
1837 3193 2053 3241 quocum
2078 3175 2271 3225 bellurn

1334 3249 1718 3298 Macedonicum
1737 3247 1937 3296 tertium
1954 3253 2152 3312 gestum
2170 3251 2266 3297 est.

1331 3345 1404 3356 --
1423 3318 1482 3377 Q.
1504 3316 1695 3366 Metelli
1713 3315 2003 3381 triumphus
2026 3315 2089 3364 de
2112 3314 2274 3362 Pseu·

1335 3385 1663 3450 dophilippo,
1692 3399 1785 3450 pro
1808 3385 1936 3438 Mur.
1964 3385 2056 3446 14,
2078 3380 2162 3433 31.
2199 3379 2273 3436 el.

1336 3454 1399 3504 de
1418 3454 1531 3519 lege
1550 3469 1656 3520 agr.
1684 3456 1733 3517 2,
1758 3452 1841 3515 33,
1862 3451 1945 3504 90.
