2500 3850
649 201 1036 251 SICILIENSE
1068 203 1355 250 FRETUM
1379 222 1463 232 --
1493 201 1795 251 SILANIO.

241 363 338 412 itio
357 360 493 411 facta
517 359 654 409 nulla
673 366 774 420 est,
795 360 866 411 Ib.
888 357 938 419 3,
959 360 1046 420 54,
1070 359 1184 410 125.

243 458 318 468 -
340 429 545 480 Siciliae
575 428 862 478 civitatibus
891 427 1022 477 bello
1040 427 1189 492 fugi-

241 501 465 550 tivorum
504 499 585 546 Μ’.
627 497 860 560 Aquilius
897 497 1051 545 etiam
1081 511 1188 546 rnu-

241 575 390 618 tuum
423 567 733 617 frumentum
766 565 935 625 dedit,
979 566 1042 615 de
1075 566 1188 631 lege

243 651 354 704 agr.
377 638 408 686 2
426 673 440 700 ,
467 634 562 698 30,
586 634 668 688 83.
695 661 770 672 -·-
789 635 907 684 Post
936 633 1068 684 illud
1081 635 1189 684 bel-

242 707 382 767 lum,
419 705 557 766 quod
592 705 676 756 Μ’.
706 702 938 767 Aquilius
973 703 1190 754 confecit

243 791 292 824 a.
311 791 362 825 u.
388 789 432 826 c.
457 773 600 836 654„
620 772 815 821 nullum
835 772 931 820 fuit
946 773 996 820 in
1012 771 1192 822 Sicilia

242 837 576 909 fugitivorum
607 841 826 902 bellum,
859 840 1004 893 Verr.
1039 857 1188 891 accu-

246 922 343 962 sat.
368 914 417 975 5,
439 912 490 971 2,
509 910 561 960 5.
583 941 650 951 --
675 909 880 960 Siciliae
903 925 1188 973 commuue,

242 983 318 1033 lb.
354 982 415 1043 2,
453 978 552 1042 46,
581 979 697 1030 114.
725 1007 794 1016 -
815 978 992 1028 Sicilia
1015 981 1187 1043 quinto

245 1047 446 1112 quoque
465 1063 594 1098 anno
615 1055 721 1098 tota
740 1058 1004 1109 censetur,
1029 1049 1106 1102 Ib.
1136 1051 1186 1113 2,

247 1119 340 1178 56,
365 1115 481 1168 139.
505 1144 571 1153 --
595 1115 841 1168 Censores
869 1128 1038 1168 autem
1060 1119 1188 1184 legi·-

244 1187 340 1236 bus
363 1185 550 1236 fiebant
573 1185 753 1236 delecti
783 1203 812 1236 a
840 1188 949 1236 suis
971 1187 1188 1237 civitati-

241 1257 364 1320 bus,
386 1255 590 1318 quibuS,
605 1257 648 1304 si
664 1257 788 1318 quid
801 1257 1185 1316 commisissent,

244 1339 410 1389 poena
448 1323 646 1389 legibus
683 1334 824 1373 erant
868 1327 1186 1388 constitutae,

248 1395 319 1443 lb.
342 1395 392 1451 2,
413 1391 499 1452 56,
516 1391 631 1443 138.
646 1391 931 1442 —Siciliae
951 1408 1187 1457 agrorum

246 1461 568 1526 vectigalium
589 1461 718 1510 ratio
739 1461 1026 1525 exponitur,
1047 1462 1118 1511 Ib.
1134 1460 1184 1522 3,

249 1531 282 1580 6
302 1566 313 1585 ‚
351 1531 412 1579 12
440 1545 549 1592 sqq.
578 1554 644 1566 -·
671 1528 1004 1592 Tyndaritani
1026 1528 1186 1579 libe'n·

248 1608 326 1647 ter
355 1599 674 1662 praedicant:
713 1597 851 1647 ‘Nos
881 1599 934 1646 in
968 1607 1186 1662 septem-

246 1669 410 1718 decim
455 1666 656 1733 populis
706 1665 910 1716 Siciliae
954 1681 1186 1722 numera-

243 1752 358 1786 mur
371 1741 386 1766 ’
410 1742 525 1799 etc.,
539 1735 612 1785 lb.
629 1736 679 1796 5,
697 1737 780 1795 47,
799 1736 916 1788 124.
929 1763 1000 1774 -
1013 1735 1187 1786 Sicilia

244 1813 351 1854 tota
369 1803 721 1860 Marcellorum
740 1806 933 1853 no'mini
949 1805 1188 1854 adiuncta

246 1883 350 1933 est,
375 1875 534 1923 divin.
566 1875 626 1938 4,
663 1873 746 1925 13.
781 1875 929 1930 Verr.
961 1876 1184 1925 accusat.

245 1948 294 2005 2,
313 1945 392 2001 14,
415 1943 498 1994 36.
521 1966 586 1979 —-
610 1943 785 1993 Sicilia
800 1958 894 2011 per
914 1945 1188 1993 triennium

246 2028 277 2061 a
307 2012 362 2062 C.
381 2013 540 2062 Verre
570 2020 794 2073 vastata,
824 2022 1039 2075 vexata,
1069 2028 1185 2079 per-

244 2082 374 2141 dita,
401 2085 544 2133 Verr.
575 2088 672 2131 act.
701 2082 750 2142 1,
775 2083 827 2140 4,
856 2082 939 2137 12,.

175 2146 472 2200 Siciliense
493 2149 678 2199 fretum
695 2188 712 2211 ,
749 2151 813 2200 de
838 2167 890 2201 n.
923 2153 974 2201 d.
1001 2151 1064 2214 3,
1083 2145 1182 2214 ’10,

246 2220 330 2280 24.
353 2245 419 2255 —
438 2217 723 2267 Siciliensis
743 2234 904 2269 annus
923 2219 1180 2271 Ciceronis

246 2295 320 2335 est
339 2301 526 2352 annus,
548 2302 648 2349 quo
667 2286 898 2351 Lilybaei
916 2303 1006 2354 pro
1028 2305 1182 2351 quae-

245 2363 378 2473 {tore
398 2356 493 2404 fuit
518 2370 566 2409 a.
590 2371 642 2407 u.
671 2371 718 2409 c.
747 2354 899 2419 679„
925 2356 1060 2407 Brut.
1093 2357 1179 2419 92,

175 2490 420 2543 Sicinius
435 2528 450 2555 ,
473 2493 540 2542 ad
557 2493 661 2546 Att.
685 2494 736 2552 5,
754 2494 805 2553 4,
827 2493 877 2551 3,

178 2560 238 2611 G.
263 2558 506 2613 Sicinius
526 2598 540 2625 ,
572 2562 630 2621 Q.
665 2562 898 2627 Pompeii
923 2560 1085 2627 (Rufi)
1119 2564 1183 2613 il-

244 2630 369 2687 lius,
392 2632 481 2693 qui
499 2645 680 2679 censor
705 2631 828 2695 fuit,
863 2646 928 2681 ex
959 2631 1064 2681 fllia
1091 2647 1184 2682 ne-

241 2715 353 2765 p05,
377 2701 694 2763 quaestorius
715 2709 940 2749 mor-tuus
959 2709 1052 2761 est,
1066 2716 1184 2765 pro-

240 2769 424 2819 babilis
444 2776 631 2828 orator,
644 2770 746 2818 iam
768 2785 885 2819 vero
899 2771 1050 2819 etiam
1061 2785 1182 2835 pro-

241 2840 386 2887 batus
402 2875 416 2897 ,
436 2838 574 2886 Brut.
596 2838 682 2897 76,
711 2838 828 2891 263.

179 2906 275 2957 Gn.
298 2903 539 2957 Sicinius
557 2942 572 2968 ,
593 2908 708 2956 trib.
731 2907 801 2971 pl.
823 2922 872 2957 a.
897 2922 951 2955 u.
973 2923 1015 2959 c.
1037 2907 1178 2967 678.,

240 2977 390 3027 homo
409 2976 667 3040 impurus,
699 2978 790 3026 sed
810 2976 1082 3027 admodum
1111 2979 1180 3026 ri-

243 3044 437 3095 diculus
468 3060 632 3107 neque
653 3045 788 3095 aliud
812 3047 864 3095 iu
887 3062 946 3096 eo
967 3049 1180 3096 oratoris

241 3113 404 3163 simile
425 3115 729 3177 quidquam,
751 3119 860 3164 eius
885 3117 1026 3165 iocus
1048 3118 1100 3165 in
1118 3116 1175 3166 C.

244 3182 537 3241 Carlonem,
567 3185 700 3236 Brut.
726 3185 811 3244 60,
834 3185 953 3234 217.

175 3249 366 3305 Siculi.
387 3277 454 3287 —
475 3252 634 3301 Siculi
660 3262 806 3302 acuta
835 3268 962 3319 gens
989 3259 1038 3301 et
1061 3270 1178 3305 con-

240 3329 464 3369 troversa
494 3318 697 3382 natura,
727 3324 858 3371 Brut.
886 3322 980 3381 12,
1001 3322 1087 3375 46.
1111 3350 1177 3360 —-

242 3388 397 3439 Siculi
433 3390 484 3436 in
531 3390 728 3439 facetiis
780 3391 1055 3452 excellunt,
1115 3392 1178 3441 de

244 3466 366 3511 orat.
382 3459 432 3517 2,
452 3457 536 3520 54,
560 3458 678 3512 217.
707 3459 770 3523 cl.
791 3460 936 3510 Veri.
954 3467 1172 3509 accusat.

2149 191 2271 253 367

1329 361 1383 419 4,
1402 361 1486 420 43,
1503 359 1590 411 95.
1622 359 1825 408 Tuscul.
1858 360 1903 418 l,
1924 358 1974 422 8,
2005 359 2081 411 15.
2103 386 2176 398 —-
2192 361 2273 412 Si-

1328 427 1427 476 culi
1454 429 1671 479 alicuius
1704 427 1922 476 facetum
1948 427 2168 494 dictum,
2207 431 2273 480 de

1326 506 1455 549 orat.
1481 500 1544 558 2,
1575 495 1672 562 69,
1699 496 1819 549 278.
1843 523 1911 533 —-
1932 496 2088 546 Siculi
2106 508 2271 550 orato·

1328 581 1413 616 res
1443 573 1651 632 propter
1671 565 1912 616 infractos
1939 568 2271 632 concisusque

1329 649 1567 687 numeros
1616 635 1939 700 reprehensi,
1994 643 2119 686 orat.
2184 635 2274 696 69,

1328 703 1449 757 230.
1472 733 1539 742 -
1560 704 1723 754 Siculi
1748 719 1847 767 quo
1867 705 1974 753 iure
1996 705 2095 753 sint
2114 719 2273 770 expo-

1329 775 1483 836 nitur,
1504 775 1651 823 Verr.
1678 779 1900 826 accusat.
1924 775 1975 834 2,
1998 773 2083 834 13,
2102 774 2187 826 32.
2206 799 2273 810 --

1328 842 1402 892 De
1424 843 1653 893 Caesaris
1673 843 1818 908 lege,
1838 857 1939 906 qua
1955 809 2113 892 Siculi
2133 846 2271 894 cives

1329 912 1545 962 Romani
1569 912 1718 976 flunt,
1752 912 1820 962 ad
1848 913 1951 966 Au.
1980 912 2069 970 14,
2097 913 2270 977 12,1.

1260 955 1489 1045 Sicura,
1516 981 1695 1031 Felicis
1722 995 1927 1040 servus,
1959 981 2025 1030 ad
2051 981 2109 1040 Q.
2133 981 2193 1031 l'r.
2219 982 2271 1046 3,

1328 1049 1378 1110 9,
1404 1050 1454 1101 8.
2312 1093 2314 1098 .

1258 1114 1497 1186 Sicyon,
1525 1134 1627 1169 una
1652 1119 1723 1168 de
1751 1127 1946 1182 septem
1978 1120 2270 1169 civitatibus

1327 1189 1585 1238 veteribus
1634 1187 1878 1239 Graeciae
1930 1187 1982 1235 in
2021 1188 2271 1254 Pelopon-

1326 1273 1449 1307 neso
1468 1271 1629 1322 prope
1646 1255 1889 1306 Isthmum
1903 1290 1917 1316 ,
1952 1256 2019 1305 ad
2040 1256 2161 1309 fam.
2186 1257 2267 1319 13,

1296 1345 1301 1352 ·
1326 1326 1390 1376 21
1409 1363 1424 1390 ,
1461 1327 1507 1377 1.
1528 1350 1598 1362 --
1617 1325 1996 1389 Quinquaginta
2024 1341 2269 1376 annorum

1325 1393 1642 1458 tyrannidem
1676 1407 1858 1457 passa,
1888 1393 1950 1441 de
1975 1393 2061 1446 off.
2094 1397 2153 1456 2,
2180 1397 2271 1455 23,

1325 1462 1411 1512 81.
1448 1463 1515 1511 ad
1534 1463 1637 1511 Att.
1660 1462 1707 1518 1,
1735 1459 1817 1518 13,
1842 1463 1891 1514 1.

1257 1526 1527 1596 Sicyonii.
1550 1555 1619 1568 --
1642 1529 1865 1596 Sicyonii
1889 1531 1942 1578 in
1970 1531 2122 1580 Attici
2150 1545 2273 1581 aere

1327 1599 1489 1649 alieno
1516 1607 1685 1661 erant,
1706 1601 1773 1648 ad
1793 1601 1895 1650 Att.
1921 1599 1971 1661 1,
1998 1598 2081 1660 19,
2106 1600 2157 1654 9.
2189 1600 2269 1653 lb.

1329 1669 1376 1728 1,
1398 1668 1483 1726 20,
1508 1669 1562 1717 4.
1602 1669 1676 1718 lb.
1698 1670 1729 1718 2
1748 1705 1759 1726 ,
1783 1669 1810 1720 1
1828 1705 1842 1728 ,
1860 1667 1945 1718 10.
1983 1667 2191 1718 Tuscul.
2214 1667 2265 1730 3,

1260 1804 1510 1870 Sicyonii
1538 1805 1721 1869 calcei,
1743 1806 1809 1855 ad
1824 1805 2013 1868 Her.'4,
2034 1806 2085 1870 3,
2108 1810 2162 1857 4.
2202 1808 2270 1858 de

1328 1882 1449 1923 orat.
1480 1875 1528 1939 1,
1549 1874 1634 1934 54,
1656 1874 1773 1925 231.

1258 1941 1555 2010 Sicyonius
1583 1945 1929 2009 magistratus.
1964 1944 2092 1994 Eum
2121 1961 2266 1996 num-

1326 2028 1436 2061 mos
1459 2014 1694 2078 poposcit
1710 2014 1928 2078 Verres,
1945 2012 2091 2064 Verr.
2115 2030 2265 2065 accu-

1326 2090 1422 2131 sat.
1453 2082 1501 2142 1,
1523 2082 1609 2140 77,
1633 2083 1719 2132 44.

1254 2148 1421 2214 Sida,
1445 2152 1565 2199 urbs
1585 2149 1913 2215 Pamphyliae
1930 2186 1945 2212 ,
1971 2150 2037 2199 ad
2062 2150 2184 2202 sam.
2211 2150 2262 2217 3,

1320 2220 1373 2280 6,
1396 2221 1445 2272 1.
1481 2221 1551 2269 Ib.
1578 2217 1638 2280 3,
1670 2218 1751 2279 12,
1771 2224 1823 2271 4.
1845 2246 1901 2255 -
1932 2218 2167 2269 Extrema
2186 2236 2265 2271 re-

1323 2290 1409 2354 gio
1429 2289 1720 2353 provinciae
1741 2289 1915 2353 Asiae,
1940 2288 2005 2338 ad
2029 2288 2149 2339 fam.
2179 2291 2263 2351 12,

1253 2423 1491 2477 Sidicini
1526 2426 1579 2488 (a
1614 2425 1875 2487 Sidicino,

1324 2492 1592 2559 Campani)
1629 2494 1800 2544 vexati
1844 2508 1875 2541 a
1916 2492 1981 2541 M.
2022 2494 2266 2556 Antonin,

1323 2564 1460 2626 quod
1488 2562 1541 2611 O.
1568 2562 1797 2611 Cassium
1823 2570 1873 2610 et
1890 2560 2074 2612 Brutos.
2094 2570 2265 2628 patro-

1322 2648 1416 2682 nos
1442 2632 1795 2696 adoptassent,
1828 2629 2053 2697 Philipp.
2080 2633 2143 2693 2,
2170 2634 2259 2695 41,

1251 2766 1453 2831 Sidon,

1320 2842 1369 2896 9,
1398 2842 1447 2889 2.

1921 2424 2119 2473 colonia
2156 2428 2265 2491 agri

1481 2771 1602 2819 urbs
1626 2748 1931 2831 PhoeniceS,
1966 2772 2031 2820 ad
2064 2772 2167 2822 Att.
2207 2772 2262 2835 9,

1227 2906 1513 2975 Sigeum,
1568 2908 1782 2957 Troadis
1840 2910 2264 2973 promontorium,

1322 2993 1437 3027 cum
1471 2985 1621 3042 portu
1646 2978 1821 3027 eodem
1852 2978 2052 3027 nomine
2093 2987 2141 3025 et
2172 2992 2291 3040 op·.

1319 3048 1462 3111 pido,
1485 3048 1535 3094 in
1560 3062 1657 3109 quo
1678 3046 2021 3109 promontorio
2044 3045 2260 3094 Achillis

1321 3116 1578 3173 tumulus,
1618 3128 1709 3177 pro
1746 3114 1899 3165 Arch.
1933 3112 2027 3177 10,
2062 3115 2147 3164 24.
2194 3114 2261 3163 ad

1321 3186 1445 3233 fam.
1466 3184 1518 3241 5,
1544 3179 1623 3242 12,
1645 3185 1695 3233 7.

1250 3252 1371 3305 Sila
1404 3252 1533 3301 silva
1558 3252 1607 3299 in
1637 3251 1870 3311 Bruttiis,
1906 3252 1995 3301 ubi
2016 3253 2261 3315 picariae..

1320 3322 1511 3371 Caedes
1536 3321 1602 3369 ibi
1626 3319 1755 3369 facta
1770 3358 1783 3378 ,
1806 3320 1944 3371 Brut.
1970 3322 2054 3379 22,
2074 3320 2161 3373 85.

1249 3388 1493 3453 Silanio,
1536 3390 1885 3453 Atheniensis,
1924 3388 2137 3457 Lysippi
2172 3404 2233 3439 ae

1320 3460 1486 3522 qualis
1541 3460 1675 3509 circa
1735 3460 1923 3525 caitum
1981 3458 2257 3511 Alexandri
