2500 3850
6 1 28 83 *q

596 225 705 274 CN.
734 225 1073 274 OCTAVIUS
1098 228 1170 274 Μ.
1198 227 1262 274 F.
1287 245 1369 256 --
1393 226 1598 274 OETA.

129 378 505 432 Octavianum
541 379 755 459 bellurn
794 388 842 430 et
893 378 1063 431 Octa-

124 448 321 501 vianus
341 447 484 500 dies.
868 475 877 480 —

65 517 157 567 Gn.
191 515 468 568 Octavius
499 511 577 566 Μ.
610 513 673 565 F.
704 531 811 568 cos.
851 533 897 568 a.
930 535 981 568 u.
1014 535 1059 572 c.

124 587 245 639 678.
278 603 395 636 cum
428 585 491 637 G.
515 584 760 647 Curione,
797 587 937 639 Brut.
974 586 1061 651 60,

124 656 245 706 217.
281 683 351 692 -
382 654 473 704 Cn.
511 655 749 705 Octavius
783 655 855 708 M.
895 657 950 705 F.
990 656 1063 712 M.

128 725 321 774 Octavii
350 732 525 789 pater,
551 723 693 778 Brut.
721 724 817 791 62,
856 725 973 776 222.
996 751 1064 761 —

128 794 221 843 Cm
242 791 483 842 Octavius
512 793 579 844 M.
602 793 661 844 F.
695 792 957 843 doloribus
984 809 1065 842 ar-

122 861 343 911 thriticis
362 860 650 923 confectus,
679 862 743 912 de
770 861 857 911 fin.
884 863 945 921 2,
976 860 1064 925 28,

62 998 158 1048 Cn.
200 996 473 1050 Octavius
512 1013 577 1048 an
626 997 725 1048 Cn.
772 995 1064 1050 Cornelius

124 1068 365 1130 quidam,
405 1068 628 1119 Trebatii
668 1067 959 1132 familiaria,
1000 1070 1068 1118 ad

123 1138 245 1185 fam.
270 1139 323 1196 7,
343 1135 394 1196 9,
422 1134 472 1186 3.
511 1138 585 1189 lb.
607 1139 658 1200 7,
684 1135 763 1200 16,
782 1138 834 1190 2.

56 1204 118 1255 L.
147 1203 424 1256 Octavius
446 1206 623 1254 consul
644 1219 759 1254 cum
780 1204 833 1258 G.
860 1206 1063 1255 Aurelio

124 1273 273 1324 Cotta
291 1290 337 1323 a.
360 1289 411 1324 ιι.
434 1274 475 1324 c.
496 1273 616 1326 679.
634 1309 649 1336 ,
669 1274 817 1324 Verr.
841 1281 1063 1326 accusat.

127 1344 175 1409 1,
196 1342 284 1403 50,
308 1341 426 1396 130.
464 1345 537 1393 lb.
558 1341 609 1406 3,
632 1343 681 1404 7,
707 1342 790 1396 18.

54 1410 119 1462 Ῑι.
162 1409 435 1462 Octavius
464 1411 738 1474 Reatinus,
772 1420 938 1460 orator
965 1412 1065 1460 Ro-

124 1495 309 1530 manus
326 1519 339 1544 ,
364 1480 504 1530 Brut.
530 1481 614 1534 68.
636 1480 759 1530 241.

55 1547 134 1599 Μ.
172 1545 442 1600 Octavius
478 1548 575 1599 Cn.
607 1547 704 1614 F„
740 1548 967 1610 aequalis
1004 1548 1061 1601 L.

126 1627 179 1668 et
222 1617 288 1666 M.
335 1616 682 1671 Lucullorum.
750 1617 819 1666 M.
867 1615 1065 1667 Octavii

124 1687 461 1736 frumentaria
493 1688 696 1752 largitio
736 1694 784 1736 et
814 1688 888 1736 rei
918 1685 1059 1750 publ.

120 1755 406 1806 tolerabilis
430 1763 477 1806 et
496 1757 638 1822 plebi
657 1756 947 1805 necessaria
964 1792 979 1814 ,
1001 1755 1064 1804 de

124 1824 213 1874 off.
236 1825 297 1885 2,
316 1825 399 1882 21,
422 1826 504 1874 72.
530 1849 596 1863 -—
623 1825 691 1873 M.
717 1823 953 1874 Octavius
973 1823 1061 1873 Cn.

124 1893 184 1943 F.
204 1901 398 1943 tantum
427 1894 722 1945 auctoritate
747 1894 1065 1957 dicendoque

126 1963 304 2026 valuit,
328 1971 401 2013 ut
402 1963 565 2030 legem
581 1962 935 2028 Semproniam
955 1962 1064 2013 fru-

124 2034 425 2081 mentariam
450 2032 630 2099 populi
650 2032 927 2096 frequentis
952 2030 1061 2081 suf-

124 2101 305 2166 fragiis
346 2101 693 2171 abrogaverit,
744 2114 845 2151 non
890 2110 1063 2150 tamen

128 2180 298 2219 orator
344 2172 547 2235 proprie
599 2154 871 2231 dicendus,
918 2170 1059 2219 Brut.

3 2304 134 2373 Μ
158 2273 431 2359 Octavius
454 2308 552 2359 Gn.
582 2306 645 2357 F.
666 2306 745 2359 M.
776 2306 845 2359 Ν.
884 2308 1063 2358 aedili-

124 2384 276 2427 tatem
316 2392 430 2427 cum
476 2375 648 2427 Caelio
694 2379 823 2442 petit
856 2377 1064 2427 minime

122 2448 381 2511 gratiosus
412 2462 460 2496 a.
492 2462 544 2502 u.
576 2462 620 2497 c.
652 2444 807 2505 703.,
836 2446 973 2497 Cael.
998 2446 1065 2496 ad

126 2515 247 2565 fam.
268 2515 331 2576 8,
362 2516 423 2576 2,
458 2514 795 2579 2.1b.8,3‚
828 2514 1061 2568 1.-Μ.

124 2582 367 2633 Octavius
384 2620 399 2644 ,
428 2584 589 2649 Appii
610 2582 808 2634 Claudii
824 2584 993 2632 Pulcri
1013 2584 1065 2631 in

126 2651 307 2703 Cilicia
342 2652 542 2718 legatus
576 2660 661 2703 aut
693 2652 983 2718 praefectus
1013 2668 1061 2701 a.

124 2737 176 2773 ιι.
203 2737 251 2771 c.
272 2719 423 2781 703„
446 2722 653 2775 adfam.
679 2720 730 2781 3,
755 2720 881 2784 4,1.
903 2722 1061 2771 -M.

125 2788 395 2855 Octavius,
427 2792 609 2857 aedilis
638 2791 827 2841 curulis
855 2805 901 2840 a.
930 2807 983 2843 u.
1016 2806 1062 2843 c.

2 2856 43 2893 ἢ
124 2859 267 2920 704.,
280 2860 463 2909 adAtt.
486 2850 536 2925 5,
550 2860 635 2919 21,
654 2859 707 2909 5.
729 2860 803 2909 Ib.
827 2858 879 2921 6,
902 2860 949 2921 1,
970 2860 1060 2915 20.

56 2897 330 2979 Octavius
368 2926 611 2991 Balbus,
650 2929 969 2993 subscriptor
1000 2928 1064 2977 L.

126 2998 378 3112 Altratini
366 3012 416 3047 ιιι
436 2998 505 3045 Μ.
529 2996 785 3061 Caelium,
810 3013 903 3063 pro
924 2996 1059 3048 Cael.

3 3172 7 3201 .‚
56 3130 118 3181 L.
141 3130 415 3185 Octavius
434 3133 679 3199 Balbus,
698 3134 853 3186 homo
874 3143 923 3185 et
942 3136 1063 3185 iuris

126 3210 174 3251 et
193 3202 349 3251 officii
367 3203 705 3267 peritissimus
718 3241 733 3265 ,
754 3203 897 3255 Verr.
917 3219 1065 3254 accu-

126 3279 223 3319 sat.
248 3272 301 3330 2,
324 3271 408 3329 12,
432 3272 516 3323 31.

56 3334 118 3385 Ρ.
157 3337 430 3389 Octavius
462 3338 705 3403 Balbus,
742 3356 836 3407 pro
866 3339 1060 3393 cluent

48 3473 126 3539 Q.
166 3473 439 3527 Octavius
474 3474 793 3546 (Caecina),
830 3476 1065 3527 tribunus

2015 213 2138 274 269

1201 381 1342 446 plebi
1363 397 1410 434 a.
1427 397 1478 430 u.
1495 397 1538 434 c.
1561 381 1680 431 621.
1711 380 1785 430 De
1805 395 1864 430 eo
1883 381 1964 431 Ti.
1985 381 2142 431 Grac-

1202 450 1328 500 chus
1349 449 1525 500 detulit
1553 449 1802 510 sitellam,
1841 450 1904 499 de
1926 465 1977 498 n.
2011 451 2062 500 (1.
2091 453 2138 509 1,

1180 519 1288 578 -38,
1311 517 1660 582 lou—Huic,
1681 517 1908 584 collegae
1927 533 2036 579 suo,
2056 522 2137 572 Ti.

1206 587 1466 638 Gracchus
1481 595 1778 653 potestatem
1799 589 2139 640 intercedendi

1204 656 1488 722 abrogavit,
1509 657 1570 704 de
1592 656 1690 721 leg.
1711 655 1762 720 3,
1784 655 1868 717 10,
1889 657 1973 709 24.
1991 682 2056 692 -—
2069 657 2138 708 M.

1206 724 1444 775 Octavius
1463 725 1646 774 iniuria
1667 735 1874 790 accepta
1895 725 2046 790 fregit
2058 726 2139 780 Ti

1205 792 1488 843 Gracchum
1506 795 1766 858 patientia,
1789 794 1927 843 Brut.
1947 795 2032 855 25,
2053 793 2137 845 95.

1140 859 1407 913 Octavius
1428 859 1634 943 Ligur,
1656 864 1722 913 ad
1745 865 1844 910 Ait.
1869 862 1920 923 5,
1945 863 1995 928 4,
2017 831 2068 918 2.

1138 928 1458 994 (Octavius)
1487 929 1667 997 Ligur
1697 933 1806 981 sive
1839 929 2044 999 Ligus,
2077 933 2142 982 ad

1204 1001 1307 1048 Att.
1335 1001 1416 1060 12,
1441 999 1522 1052 23.
1545 1001 1594 1050 3.

1136 1066 1534 1131 L.(Octaviue)
1555 1065 1746 1136 Ligur.
1776 1069 1897 1118 Eius
1916 1071 2138 1120 rationes

1204 1139 1526 1202 pecuniariae
1546 1152 1595 1190 a
1621 1153 1669 1189 ιι.
1694 1155 1737 1187 c.
1764 1136 1913 1201 705.,
1948 1139 2014 1188 ad
2034 1140 2138 1192 Att.

1135 1274 1199 1327 Ia·
1204 1209 1510 1326 ⁷Octaviua
1537 1271 1746 1342 Ligur,
1785 1277 1942 1326 Marci
1971 1277 2137 1326 frater.

1203 1345 1368 1393 Huius
1388 1345 1612 1394 absentis
1634 1359 1838 1394 causam
1873 1345 1977 1409 egit
2005 1360 2053 1395 a.
2084 1362 2134 1394 ιι.

1205 1429 1252 1462 c.
1275 1411 1414 1468 680..
1435 1415 1576 1462 Verr.
1600 1419 1821 1466 accusat.
1845 1413 1890 1471 1,
1911 1410 1997 1471 48,
2024 1413 2137 1463 125.

1133 1481 1211 1532 Μ.
1236 1477 1507 1531 Octavius
1526 1477 1704 1547 Ligur
1719 1517 1732 1543 ,
1756 1488 1972 1538 senator,
1993 1480 2141 1530 heres

1208 1549 1265 1600 C.
1289 1548 1503 1612 Sulpicii
1529 1547 1732 1614 Olympi
1763 1551 1897 1599 eirca
1927 1565 1974 1602 a.
2008 1565 2060 1599 ιι.
2095 1566 2138 1602 c.

1203 1617 1356 1679 680.,
1389 1618 1534 1667 Verr.
1555 1626 1775 1667 accusat.
1803 1619 1829 1668 1
1847 1655 1861 1681 ,
1893 1617 1988 1678 48,

1202 1689 1275 1737 lb.
1296 1687 1348 1749 2,
1369 1688 1418 1750 7,
1441 1685 1527 1739 21.
1556 1687 1630 1736 Ib.
1654 1688 1704 1750 2,
1732 1685 1816 1750 48,
1846 1685 1958 1736 119.

1136 1752 1406 1807 Octavius
1425 1753 1714 1805 Mamilius
1731 1792 1746 1818 ,
1769 1757 1835 1806 ad
1855 1757 1959 1811 Att.
1979 1755 2032 1818 9,
2057 1754 2136 1814 10,

1202 1825 1253 1875 3.
1292 1825 1354 1873 V.
1377 1821 1685 1874 Mamilius.

1136 1890 1410 1948 Octavius
1455 1891 1707 1957 Marsus,
1755 1908 1849 1959 per
1894 1892 2148 1943 inversio-⁴

1203 1978 1346 2013 nem:
1376 1960 1600 2012 Marsus
1632 1959 1902 2013 Octavius
1938 1962 2140 2027 legatus

1200 2032 1258 2083 P.
1289 2030 1610 2093 Dolabellae,
1641 2032 1954 2095 praemissus
1984 2029 2047 2079 ab
2081 2044 2139 2079 eo

1202 2102 1258 2150 in
1278 2097 1475 2165 Syriam
1506 2115 1554 2153 a.
1583 2114 1632 2153 ιι.
1661 2115 1705 2149 c.
1742 2100 1891 2160 711„
1925 2099 2140 2149 scelera-

1201 2178 1284 2220 tus
1303 2168 1431 2219 latro
1451 2176 1601 2232 atque
1620 2183 1792 2235 egens,
1813 2168 2032 2235 Philipp.
2055 2167 2137 2231 11,

1202 2240 1254 2299 2,
1277 2239 1330 2287 4.

1132 2305 1197 2360 L.
1231 2302 1502 2357 Octavius
1533 2304 1703 2358 Naso.
1749 2308 1873 2357 Eius
1898 2306 2046 2357 heres
2077 2308 2137 2362 L.

1202 2374 1410 2425 Flavius
1427 2382 1628 2441 praetor
1646 2377 1941 2441 designatus
1960 2392 2008 2425 a.
2025 2391 2076 2429 ιι.
2097 2390 2139 2425 c.

1202 2443 1324 2495 695.
1340 2480 1356 2507 ,
1377 2445 1445 2493 ad
1465 2445 1522 2504 Q.
1545 2444 1608 2493 fr.
1635 2444 1684 2507 1,
1709 2446 1760 2504 2,
1781 2442 1831 2493 3.
1855 2446 1904 2505 s.
1929 2443 2016 2495 10.

1136 2511 1398 2580 Odyssea
1443 2514 1624 2562 Latina
1666 2511 1800 2561 Livii
1845 2512 2140 2573 Andronici,

1203 2582 1344 2631 Brut.
1375 2581 1453 2643 18,
1475 2580 1560 2633 71.

1136 2649 1429 2717 Odysseae
1445 2656 1624 2715 portus
1641 2686 1655 2712 ,
1677 2651 1824 2703 Verr.
1845 2657 2064 2703 accusat.
2087 2650 2140 2712 5,

1136 2784 1386 2906 Oegiplus
1404 2788 1519 2908 Ιέιιὶί
1537 2789 1671 2841 filius
1685 2827 1700 2853 ,
1730 2790 1794 2842 de
1812 2790 1915 2842 fato
1947 2790 2029 2853 13,
2049 2790 2138 2845 30.

1200 2858 1224 2907 Ι
1263 2898 1275 2911 .
1332 2858 1395 2921 4,
1451 2858 1501 2911 3.

1136 2924 1378 3046 0011081102
1376 2962 1414 3046 ,Ο
1425 2927 1692 2979 Deianirae
1725 2937 1896 2995 pater,
1934 2931 2137 2981 Tuscul.

1136 3063 1484 3131 Oenomaus,
1550 3068 1920 3133 Hippodamiae
1981 3073 2142 3130 pater,

1200 3134 1348 3184 Accii
1367 3134 1566 3195 fabula,
1597 3136 1804 3186 Tuscul.
1828 3135 1890 3199 3,
1923 3133 2016 3195 12,
2053 3132 2139 3186 26.

2021 1618 2138 1669 125.

1203 3204 1272 3253 ad
1291 3203 1412 3254 fam
1435 3203 1485 3261 9,
1509 3172 1590 3268 16,
1610 3205 1664 3255 4.

1136 3269 1460 3336 Oenopion,
1485 3241 1729 3329 Chi’irex,
1753 3272 1894 3319 Arat.
1914 3284 1966 3319 v.
1987 3267 2108 3320 673.

1137 3337 1283 3391 Oeta
1348 3342 1456 3389 sive
1514 3336 1759 3389 Oetaeus
1814 3352 1960 3387 mons
2014 3340 2144 3387 inter

1204 3409 1523 3461 Thessaliam
1546 3415 1594 3457 et
1609 3406 1984 3467 Macedoniam,
2006 3407 2070 3456 de
2087 3420 2137 3455 n.

1207 3479 1260 3527 d.
1289 3475 1341 3537 3,
1364 3476 1446 3537 16,
1467 3477 1552 3527 41.
1590 3476 1792 3529 Tuscul.
1816 3476 1867 3537 2,
1888 3478 1940 3537 7,
1967 3442 2053 3527 19.
