<?xml version="1.0" encoding="UTF-8"?>
<!DOCTYPE html PUBLIC "-//W3C//DTD XHTML 1.0 Transitional//EN"
    "http://www.w3.org/TR/xhtml1/DTD/xhtml1-transitional.dtd">
<html xmlns="http://www.w3.org/1999/xhtml" xml:lang="en" lang="en">
 <head>
  <title>
</title>
<meta http-equiv="Content-Type" content="text/html;charset=utf-8" />
  <meta name='ocr-system' content='tesseract 3.04.00' />
  <meta name='ocr-capabilities' content='ocr_page ocr_carea ocr_par ocr_line ocrx_word'/>
</head>
<body>
  <div class='ocr_page' id='page_1' title='image "./scriptaquaemans04mlgoog_0251.png"; bbox 0 0 2500 3850; ppageno 0'>
   <div class='ocr_carea' id='block_1_1' title="bbox 813 171 1742 238">
    <p class='ocr_par' dir='ltr' id='par_1_1' title="bbox 813 171 1742 238">
     <span class='ocr_line' id='line_1_1' title="bbox 813 171 1742 238; baseline 0.001 -3"><span class='ocrx_word' id='word_1_1' title='bbox 813 188 1306 237; x_wconf 77' lang='lat' dir='ltr'>MASSILIENSES</span> <span class='ocrx_word' id='word_1_2' title='bbox 1334 211 1419 220; x_wconf 81' lang='lat'><strong>—</strong></span> <span class='ocrx_word' id='word_1_3' title='bbox 1441 191 1682 238; x_wconf 81' lang='lat' dir='ltr'>MAURI.</span> <span class='ocrx_word' id='word_1_4' title='bbox 1739 171 1742 176; x_wconf 81' lang='grc'><strong>’</strong></span> 
     </span>
    </p>
   </div>
   <div class='ocr_carea' id='block_1_2' title="bbox 206 342 1223 3512">
    <p class='ocr_par' dir='ltr' id='par_1_2' title="bbox 276 342 1223 1028">
     <span class='ocr_line' id='line_1_2' title="bbox 278 342 1223 409; baseline 0.003 -17"><span class='ocrx_word' id='word_1_5' title='bbox 278 342 575 408; x_wconf 83' lang='lat' dir='ltr'>exemplum</span> <span class='ocrx_word' id='word_1_6' title='bbox 596 344 772 394; x_wconf 85' lang='lat' dir='ltr'>amissi</span> <span class='ocrx_word' id='word_1_7' title='bbox 800 345 998 408; x_wconf 87' lang='lat' dir='ltr'>imperii</span> <span class='ocrx_word' id='word_1_8' title='bbox 1024 352 1223 409; x_wconf 83' lang='lat' dir='ltr'>portata</span> 
     </span>
     <span class='ocr_line' id='line_1_3' title="bbox 280 412 1221 478; baseline 0.001 -16"><span class='ocrx_word' id='word_1_9' title='bbox 280 421 357 462; x_wconf 75' lang='lat' dir='ltr'>est</span> <span class='ocrx_word' id='word_1_10' title='bbox 382 413 434 460; x_wconf 88' lang='lat' dir='ltr'>in</span> <span class='ocrx_word' id='word_1_11' title='bbox 454 413 714 478; x_wconf 86' lang='lat' dir='ltr'>triumpho</span> <span class='ocrx_word' id='word_1_12' title='bbox 740 412 966 462; x_wconf 80' lang='lat' dir='ltr'><strong>Massilia</strong></span> <span class='ocrx_word' id='word_1_13' title='bbox 996 422 1044 462; x_wconf 84' lang='lat' dir='ltr'>et</span> <span class='ocrx_word' id='word_1_14' title='bbox 1078 429 1140 463; x_wconf 85' lang='lat' dir='ltr'>ex</span> <span class='ocrx_word' id='word_1_15' title='bbox 1160 429 1221 463; x_wconf 86' lang='lat' dir='ltr'>ea</span> 
     </span>
     <span class='ocr_line' id='line_1_4' title="bbox 280 482 1221 546; baseline 0.003 -17"><span class='ocrx_word' id='word_1_16' title='bbox 280 482 403 530; x_wconf 89' lang='lat' dir='ltr'>urbe</span> <span class='ocrx_word' id='word_1_17' title='bbox 423 482 807 546; x_wconf 87' lang='lat' dir='ltr'>triumphatum,</span> <span class='ocrx_word' id='word_1_18' title='bbox 824 483 932 531; x_wconf 86' lang='lat' dir='ltr'>sine</span> <span class='ocrx_word' id='word_1_19' title='bbox 951 497 1053 545; x_wconf 84' lang='lat' dir='ltr'>qua</span> <span class='ocrx_word' id='word_1_20' title='bbox 1074 497 1221 532; x_wconf 85' lang='lat' dir='ltr'>num-</span> 
     </span>
     <span class='ocr_line' id='line_1_5' title="bbox 281 550 1221 616; baseline 0.005 -19"><span class='ocrx_word' id='word_1_21' title='bbox 281 565 431 612; x_wconf 84' lang='lat' dir='ltr'><strong>quam</strong></span> <span class='ocrx_word' id='word_1_22' title='bbox 444 550 778 616; x_wconf 85' lang='lat' dir='ltr'>imperatores</span> <span class='ocrx_word' id='word_1_23' title='bbox 790 551 917 599; x_wconf 89' lang='lat' dir='ltr'>Rom</span> <span class='ocrx_word' id='word_1_24' title='bbox 926 592 937 605; x_wconf 85' lang='lat'><strong><em>.</em></strong></span> <span class='ocrx_word' id='word_1_25' title='bbox 962 567 1025 600; x_wconf 84' lang='lat' dir='ltr'>ex</span> <span class='ocrx_word' id='word_1_26' title='bbox 1036 551 1221 602; x_wconf 89' lang='lat' dir='ltr'>Trans-</span> 
     </span>
     <span class='ocr_line' id='line_1_6' title="bbox 279 619 1219 684; baseline -0.002 -14"><span class='ocrx_word' id='word_1_27' title='bbox 279 619 469 682; x_wconf 80' lang='lat' dir='ltr'><strong>alpinis</strong></span> <span class='ocrx_word' id='word_1_28' title='bbox 506 619 657 670; x_wconf 88' lang='lat' dir='ltr'>bellis</span> <span class='ocrx_word' id='word_1_29' title='bbox 705 619 1112 684; x_wconf 84' lang='lat' dir='ltr'>triumpharunt,</span> <span class='ocrx_word' id='word_1_30' title='bbox 1156 621 1219 670; x_wconf 88' lang='lat' dir='ltr'>de</span> 
     </span>
     <span class='ocr_line' id='line_1_7' title="bbox 279 687 1214 754; baseline -0.001 -15"><span class='ocrx_word' id='word_1_31' title='bbox 279 689 365 739; x_wconf 87' lang='lat' dir='ltr'>off.</span> <span class='ocrx_word' id='word_1_32' title='bbox 397 691 445 748; x_wconf 88' lang='lat'><strong>2,</strong></span> <span class='ocrx_word' id='word_1_33' title='bbox 467 688 519 750; x_wconf 90' lang='lat'>8,</span> <span class='ocrx_word' id='word_1_34' title='bbox 541 687 627 739; x_wconf 88' lang='grc'>28.</span> <span class='ocrx_word' id='word_1_35' title='bbox 666 689 729 738; x_wconf 91' lang='lat' dir='ltr'>cl.</span> <span class='ocrx_word' id='word_1_36' title='bbox 751 687 969 754; x_wconf 89' lang='lat' dir='ltr'>Philipp.</span> <span class='ocrx_word' id='word_1_37' title='bbox 992 689 1044 752; x_wconf 84' lang='lat'><strong>8,</strong></span> <span class='ocrx_word' id='word_1_38' title='bbox 1065 689 1116 754; x_wconf 87' lang='grc'>6,</span> <span class='ocrx_word' id='word_1_39' title='bbox 1131 689 1214 741; x_wconf 88' lang='grc'>18.</span> 
     </span>
     <span class='ocr_line' id='line_1_8' title="bbox 277 757 1214 818; baseline -0.001 -11"><span class='ocrx_word' id='word_1_40' title='bbox 277 757 623 818; x_wconf 84' lang='lat' dir='ltr'>—Massilia‚</span> <span class='ocrx_word' id='word_1_41' title='bbox 662 759 781 806; x_wconf 82' lang='lat' dir='ltr'>urbs</span> <span class='ocrx_word' id='word_1_42' title='bbox 820 757 1214 808; x_wconf 84' lang='lat' dir='ltr'>fortissimorum</span> 
     </span>
     <span class='ocr_line' id='line_1_9' title="bbox 278 827 1214 891; baseline 0.002 -15"><span class='ocrx_word' id='word_1_43' title='bbox 278 827 794 888; x_wconf 87' lang='lat' dir='ltr'>fidelissimorumque</span> <span class='ocrx_word' id='word_1_44' title='bbox 820 828 1093 889; x_wconf 88' lang='lat' dir='ltr'>sociorum,</span> <span class='ocrx_word' id='word_1_45' title='bbox 1123 841 1214 891; x_wconf 88' lang='lat' dir='ltr'>pro</span> 
     </span>
     <span class='ocr_line' id='line_1_10' title="bbox 276 894 1207 961; baseline 0 -16"><span class='ocrx_word' id='word_1_46' title='bbox 276 897 485 946; x_wconf 84' lang='lat' dir='ltr'>Fonteio</span> <span class='ocrx_word' id='word_1_47' title='bbox 510 898 555 961; x_wconf 87' lang='lat'><strong>1,</strong></span> <span class='ocrx_word' id='word_1_48' title='bbox 576 895 627 948; x_wconf 84' lang='lat'>3.</span> <span class='ocrx_word' id='word_1_49' title='bbox 665 898 738 945; x_wconf 87' lang='lat' dir='ltr'>lb.</span> <span class='ocrx_word' id='word_1_50' title='bbox 766 894 848 954; x_wconf 86' lang='lat'><strong>16,</strong></span> <span class='ocrx_word' id='word_1_51' title='bbox 872 895 959 946; x_wconf 81' lang='lat'>35.</span> <span class='ocrx_word' id='word_1_52' title='bbox 991 897 1045 944; x_wconf 86' lang='lat' dir='ltr'>iu</span> <span class='ocrx_word' id='word_1_53' title='bbox 1065 896 1207 946; x_wconf 76' lang='lat' dir='ltr'>Catil.</span> 
     </span>
     <span class='ocr_line' id='line_1_11' title="bbox 277 965 505 1028; baseline -0.018 -12"><span class='ocrx_word' id='word_1_54' title='bbox 277 968 326 1024; x_wconf 84' lang='lat'><strong>2,</strong></span> <span class='ocrx_word' id='word_1_55' title='bbox 346 965 397 1028; x_wconf 89' lang='grc'>6,</span> <span class='ocrx_word' id='word_1_56' title='bbox 422 966 505 1015; x_wconf 89' lang='grc'>14.</span> 
     </span>
    </p>

    <p class='ocr_par' dir='ltr' id='par_1_3' title="bbox 206 1032 1216 2067">
     <span class='ocr_line' id='line_1_12' title="bbox 206 1032 1215 1098; baseline -0.004 -12"><span class='ocrx_word' id='word_1_57' title='bbox 206 1032 628 1098; x_wconf 69' lang='lat' dir='ltr'>Massilienses,</span> <span class='ocrx_word' id='word_1_58' title='bbox 670 1034 1011 1083; x_wconf 87' lang='lat' dir='ltr'>Romanorum</span> <span class='ocrx_word' id='word_1_59' title='bbox 1056 1034 1215 1084; x_wconf 87' lang='lat' dir='ltr'>clien-</span> 
     </span>
     <span class='ocr_line' id='line_1_13' title="bbox 276 1102 1213 1168; baseline 0 -16"><span class='ocrx_word' id='word_1_60' title='bbox 276 1113 385 1167; x_wconf 80' lang='lat' dir='ltr'>teS,</span> <span class='ocrx_word' id='word_1_61' title='bbox 420 1105 469 1152; x_wconf 89' lang='lat' dir='ltr'>si</span> <span class='ocrx_word' id='word_1_62' title='bbox 499 1118 591 1168; x_wconf 89' lang='lat' dir='ltr'>per</span> <span class='ocrx_word' id='word_1_63' title='bbox 621 1102 842 1152; x_wconf 84' lang='lat' dir='ltr'>delectos</span> <span class='ocrx_word' id='word_1_64' title='bbox 874 1110 923 1151; x_wconf 86' lang='lat' dir='ltr'>et</span> <span class='ocrx_word' id='word_1_65' title='bbox 956 1104 1213 1167; x_wconf 83' lang='lat' dir='ltr'><strong>principes</strong></span> 
     </span>
     <span class='ocr_line' id='line_1_14' title="bbox 276 1173 1216 1237; baseline -0.001 -15"><span class='ocrx_word' id='word_1_66' title='bbox 276 1173 416 1222; x_wconf 87' lang='lat' dir='ltr'>cives</span> <span class='ocrx_word' id='word_1_67' title='bbox 432 1187 630 1223; x_wconf 87' lang='lat' dir='ltr'>summa</span> <span class='ocrx_word' id='word_1_68' title='bbox 648 1173 841 1221; x_wconf 87' lang='lat' dir='ltr'>iustitia</span> <span class='ocrx_word' id='word_1_69' title='bbox 858 1182 1116 1237; x_wconf 86' lang='lat' dir='ltr'>reguntur,</span> <span class='ocrx_word' id='word_1_70' title='bbox 1138 1173 1216 1222; x_wconf 88' lang='lat' dir='ltr'>in-</span> 
     </span>
     <span class='ocr_line' id='line_1_15' title="bbox 279 1241 1213 1307; baseline 0 -17"><span class='ocrx_word' id='word_1_71' title='bbox 279 1250 358 1292; x_wconf 86' lang='lat' dir='ltr'>est</span> <span class='ocrx_word' id='word_1_72' title='bbox 377 1249 544 1291; x_wconf 87' lang='lat' dir='ltr'>tamen</span> <span class='ocrx_word' id='word_1_73' title='bbox 566 1243 616 1289; x_wconf 90' lang='lat' dir='ltr'>in</span> <span class='ocrx_word' id='word_1_74' title='bbox 642 1255 701 1289; x_wconf 88' lang='lat' dir='ltr'>ea</span> <span class='ocrx_word' id='word_1_75' title='bbox 722 1241 1015 1291; x_wconf 85' lang='lat' dir='ltr'>condicione</span> <span class='ocrx_word' id='word_1_76' title='bbox 1033 1242 1213 1307; x_wconf 88' lang='lat' dir='ltr'>populi</span> 
     </span>
     <span class='ocr_line' id='line_1_16' title="bbox 278 1310 1215 1374; baseline 0 -14"><span class='ocrx_word' id='word_1_77' title='bbox 278 1311 559 1360; x_wconf 80' lang='lat' dir='ltr'>similitudo</span> <span class='ocrx_word' id='word_1_78' title='bbox 583 1310 829 1371; x_wconf 75' lang='lat' dir='ltr'>quaedam</span> <span class='ocrx_word' id='word_1_79' title='bbox 852 1312 1127 1374; x_wconf 76' lang='lat' dir='ltr'>servitutiS,</span> <span class='ocrx_word' id='word_1_80' title='bbox 1150 1310 1215 1360; x_wconf 87' lang='lat' dir='ltr'>de</span> 
     </span>
     <span class='ocr_line' id='line_1_17' title="bbox 277 1376 1211 1444; baseline -0.002 -16"><span class='ocrx_word' id='word_1_81' title='bbox 277 1397 319 1428; x_wconf 88' lang='lat' dir='ltr'>r.</span> <span class='ocrx_word' id='word_1_82' title='bbox 343 1394 396 1444; x_wconf 88' lang='lat' dir='ltr'>p.</span> <span class='ocrx_word' id='word_1_83' title='bbox 424 1381 469 1439; x_wconf 92' lang='lat' dir='ltr'>l,</span> <span class='ocrx_word' id='word_1_84' title='bbox 491 1380 575 1438; x_wconf 91' lang='grc'>27,</span> <span class='ocrx_word' id='word_1_85' title='bbox 604 1376 689 1432; x_wconf 84' lang='grc'>43.</span> <span class='ocrx_word' id='word_1_86' title='bbox 752 1379 813 1428; x_wconf 92' lang='lat' dir='ltr'>cl.</span> <span class='ocrx_word' id='word_1_87' title='bbox 842 1379 910 1428; x_wconf 91' lang='lat' dir='ltr'>ib.</span> <span class='ocrx_word' id='word_1_88' title='bbox 940 1379 986 1440; x_wconf 91' lang='lat'><strong>1,</strong></span> <span class='ocrx_word' id='word_1_89' title='bbox 1010 1377 1095 1438; x_wconf 87' lang='lat'><strong>28,</strong></span> <span class='ocrx_word' id='word_1_90' title='bbox 1126 1380 1211 1428; x_wconf 85' lang='lat'>44.</span> 
     </span>
     <span class='ocr_line' id='line_1_18' title="bbox 278 1447 1211 1512; baseline 0 -16"><span class='ocrx_word' id='word_1_91' title='bbox 278 1477 346 1485; x_wconf 90' lang='lat'>—-</span> <span class='ocrx_word' id='word_1_92' title='bbox 359 1449 443 1498; x_wconf 89' lang='lat' dir='ltr'>Eis</span> <span class='ocrx_word' id='word_1_93' title='bbox 460 1449 697 1498; x_wconf 91' lang='lat' dir='ltr'>inimicus</span> <span class='ocrx_word' id='word_1_94' title='bbox 708 1447 760 1499; x_wconf 91' lang='lat' dir='ltr'>C.</span> <span class='ocrx_word' id='word_1_95' title='bbox 775 1447 976 1511; x_wconf 86' lang='lat' dir='ltr'>Caesar,</span> <span class='ocrx_word' id='word_1_96' title='bbox 990 1447 1211 1512; x_wconf 86' lang='lat' dir='ltr'>Philipp.</span> 
     </span>
     <span class='ocr_line' id='line_1_19' title="bbox 277 1516 1207 1576; baseline 0.002 -10"><span class='ocrx_word' id='word_1_97' title='bbox 277 1520 329 1576; x_wconf 85' lang='lat'><strong>2,</strong></span> <span class='ocrx_word' id='word_1_98' title='bbox 346 1517 432 1576; x_wconf 89' lang='lat'><strong>37,</strong></span> <span class='ocrx_word' id='word_1_99' title='bbox 462 1516 547 1570; x_wconf 85' lang='lat'>93.</span> <span class='ocrx_word' id='word_1_100' title='bbox 572 1545 637 1553; x_wconf 91' lang='lat'><strong>—</strong></span> <span class='ocrx_word' id='word_1_101' title='bbox 664 1517 1002 1566; x_wconf 87' lang='lat' dir='ltr'>Memorantur</span> <span class='ocrx_word' id='word_1_102' title='bbox 1020 1518 1087 1567; x_wconf 89' lang='lat' dir='ltr'>ad</span> <span class='ocrx_word' id='word_1_103' title='bbox 1107 1518 1207 1568; x_wconf 73' lang='lat' dir='ltr'>Ait.</span> 
     </span>
     <span class='ocr_line' id='line_1_20' title="bbox 280 1585 1213 1650; baseline -0.002 -15"><span class='ocrx_word' id='word_1_104' title='bbox 280 1588 364 1650; x_wconf 88' lang='grc'>10,</span> <span class='ocrx_word' id='word_1_105' title='bbox 387 1587 469 1649; x_wconf 89' lang='grc'>10,</span> <span class='ocrx_word' id='word_1_106' title='bbox 492 1589 540 1635; x_wconf 89' lang='grc'>4.</span> <span class='ocrx_word' id='word_1_107' title='bbox 563 1585 991 1636; x_wconf 78' lang='lat' dir='ltr'>—Massilienses</span> <span class='ocrx_word' id='word_1_108' title='bbox 1007 1585 1213 1635; x_wconf 82' lang='lat' dir='ltr'>Caesari</span> 
     </span>
     <span class='ocr_line' id='line_1_21' title="bbox 279 1653 1213 1720; baseline 0 -16"><span class='ocrx_word' id='word_1_109' title='bbox 279 1657 585 1720; x_wconf 82' lang='lat' dir='ltr'>restiterunt,</span> <span class='ocrx_word' id='word_1_110' title='bbox 602 1655 737 1704; x_wconf 87' lang='lat' dir='ltr'>unde</span> <span class='ocrx_word' id='word_1_111' title='bbox 747 1653 919 1704; x_wconf 86' lang='lat' dir='ltr'>Cicero</span> <span class='ocrx_word' id='word_1_112' title='bbox 932 1653 1127 1720; x_wconf 81' lang='lat' dir='ltr'>colligit</span> <span class='ocrx_word' id='word_1_113' title='bbox 1136 1669 1213 1704; x_wconf 87' lang='lat' dir='ltr'>re-</span> 
     </span>
     <span class='ocr_line' id='line_1_22' title="bbox 276 1723 1210 1788; baseline -0.002 -14"><span class='ocrx_word' id='word_1_114' title='bbox 276 1733 354 1774; x_wconf 88' lang='lat' dir='ltr'>cte</span> <span class='ocrx_word' id='word_1_115' title='bbox 376 1740 491 1774; x_wconf 82' lang='lat' dir='ltr'>esse</span> <span class='ocrx_word' id='word_1_116' title='bbox 521 1726 573 1773; x_wconf 92' lang='lat' dir='ltr'>in</span> <span class='ocrx_word' id='word_1_117' title='bbox 592 1725 865 1788; x_wconf 82' lang='lat' dir='ltr'>Hispania,</span> <span class='ocrx_word' id='word_1_118' title='bbox 901 1725 973 1774; x_wconf 93' lang='lat' dir='ltr'>lb.</span> <span class='ocrx_word' id='word_1_119' title='bbox 1002 1723 1085 1783; x_wconf 90' lang='grc'>10,</span> <span class='ocrx_word' id='word_1_120' title='bbox 1128 1725 1210 1782; x_wconf 92' lang='grc'>12,</span> 
     </span>
     <span class='ocr_line' id='line_1_23' title="bbox 274 1793 1213 1844; baseline -0.003 -1"><span class='ocrx_word' id='word_1_121' title='bbox 274 1793 325 1843; x_wconf 91' lang='grc'><strong>6.</strong></span> <span class='ocrx_word' id='word_1_122' title='bbox 367 1821 434 1830; x_wconf 94' lang='lat'>--</span> <span class='ocrx_word' id='word_1_123' title='bbox 470 1794 543 1843; x_wconf 90' lang='lat' dir='ltr'>De</span> <span class='ocrx_word' id='word_1_124' title='bbox 572 1793 975 1844; x_wconf 84' lang='lat' dir='ltr'>Massiliensibus</span> <span class='ocrx_word' id='word_1_125' title='bbox 1011 1793 1213 1843; x_wconf 88' lang='lat' dir='ltr'>restitu-</span> 
     </span>
     <span class='ocr_line' id='line_1_24' title="bbox 280 1863 1213 1927; baseline -0.002 -15"><span class='ocrx_word' id='word_1_126' title='bbox 280 1863 425 1912; x_wconf 82' lang='lat' dir='ltr'>endis</span> <span class='ocrx_word' id='word_1_127' title='bbox 458 1863 513 1911; x_wconf 88' lang='lat' dir='ltr'>in</span> <span class='ocrx_word' id='word_1_128' title='bbox 550 1864 815 1927; x_wconf 81' lang='lat' dir='ltr'>pristinam</span> <span class='ocrx_word' id='word_1_129' title='bbox 862 1863 1213 1913; x_wconf 85' lang='lat' dir='ltr'>condicionem</span> 
     </span>
     <span class='ocr_line' id='line_1_25' title="bbox 282 1931 1211 1998; baseline 0 -17"><span class='ocrx_word' id='word_1_130' title='bbox 282 1933 353 1998; x_wconf 87' lang='lat' dir='ltr'>(a.</span> <span class='ocrx_word' id='word_1_131' title='bbox 378 1948 431 1981; x_wconf 91' lang='grc' dir='ltr'>ιι.</span> <span class='ocrx_word' id='word_1_132' title='bbox 452 1948 499 1982; x_wconf 89' lang='lat' dir='ltr'>c.</span> <span class='ocrx_word' id='word_1_133' title='bbox 521 1931 692 1996; x_wconf 84' lang='lat'><strong>710.),</strong></span> <span class='ocrx_word' id='word_1_134' title='bbox 731 1933 797 1981; x_wconf 87' lang='lat' dir='ltr'>ad</span> <span class='ocrx_word' id='word_1_135' title='bbox 816 1933 919 1981; x_wconf 84' lang='lat' dir='ltr'>Att.</span> <span class='ocrx_word' id='word_1_136' title='bbox 949 1934 1031 1993; x_wconf 91' lang='lat'>14,</span> <span class='ocrx_word' id='word_1_137' title='bbox 1058 1933 1137 1989; x_wconf 89' lang='lat'><strong>14,</strong></span> <span class='ocrx_word' id='word_1_138' title='bbox 1158 1932 1211 1982; x_wconf 90' lang='grc'>6.</span> 
     </span>
     <span class='ocr_line' id='line_1_26' title="bbox 277 2000 839 2067; baseline -0.009 -15"><span class='ocrx_word' id='word_1_139' title='bbox 277 2001 501 2067; x_wconf 88' lang='lat' dir='ltr'>Philipp.</span> <span class='ocrx_word' id='word_1_140' title='bbox 535 2001 617 2061; x_wconf 84' lang='lat'><strong>13,</strong></span> <span class='ocrx_word' id='word_1_141' title='bbox 645 2001 725 2059; x_wconf 88' lang='lat'>15,</span> <span class='ocrx_word' id='word_1_142' title='bbox 752 2000 839 2053; x_wconf 85' lang='lat'>32.</span> 
     </span>
    </p>

    <p class='ocr_par' dir='ltr' id='par_1_4' title="bbox 209 2069 1213 2202">
     <span class='ocr_line' id='line_1_27' title="bbox 209 2069 1213 2135; baseline -0.003 -15"><span class='ocrx_word' id='word_1_143' title='bbox 209 2069 635 2121; x_wconf 79' lang='lat' dir='ltr'>Mastanesosus</span> <span class='ocrx_word' id='word_1_144' title='bbox 657 2106 671 2132; x_wconf 96' lang='lat'><strong>,</strong></span> <span class='ocrx_word' id='word_1_145' title='bbox 728 2069 937 2135; x_wconf 83' lang='lat' dir='ltr'>regulus</span> <span class='ocrx_word' id='word_1_146' title='bbox 986 2069 1213 2135; x_wconf 84' lang='lat' dir='ltr'>regionis</span> 
     </span>
     <span class='ocr_line' id='line_1_28' title="bbox 284 2138 969 2202; baseline 0.006 -15"><span class='ocrx_word' id='word_1_147' title='bbox 284 2138 503 2200; x_wconf 75' lang='lat' dir='ltr'>Africae,</span> <span class='ocrx_word' id='word_1_148' title='bbox 542 2142 599 2188; x_wconf 87' lang='lat' dir='ltr'>in</span> <span class='ocrx_word' id='word_1_149' title='bbox 617 2140 786 2190; x_wconf 84' lang='lat' dir='ltr'>Vatin.</span> <span class='ocrx_word' id='word_1_150' title='bbox 808 2141 857 2202; x_wconf 88' lang='grc'>5,</span> <span class='ocrx_word' id='word_1_151' title='bbox 884 2139 969 2191; x_wconf 88' lang='grc'>12.</span> 
     </span>
    </p>

    <p class='ocr_par' dir='ltr' id='par_1_5' title="bbox 210 2206 1217 2819">
     <span class='ocr_line' id='line_1_29' title="bbox 210 2206 1215 2273; baseline -0.004 -14"><span class='ocrx_word' id='word_1_152' title='bbox 210 2207 397 2259; x_wconf 84' lang='lat' dir='ltr'>Mater</span> <span class='ocrx_word' id='word_1_153' title='bbox 428 2207 595 2258; x_wconf 82' lang='lat' dir='ltr'>deum</span> <span class='ocrx_word' id='word_1_154' title='bbox 634 2206 842 2273; x_wconf 82' lang='lat' dir='ltr'>Magna</span> <span class='ocrx_word' id='word_1_155' title='bbox 884 2206 1072 2257; x_wconf 84' lang='lat' dir='ltr'>Idaea.</span> <span class='ocrx_word' id='word_1_156' title='bbox 1141 2206 1215 2255; x_wconf 89' lang='lat' dir='ltr'>De</span> 
     </span>
     <span class='ocr_line' id='line_1_30' title="bbox 279 2275 1214 2340; baseline -0.004 -13"><span class='ocrx_word' id='word_1_157' title='bbox 279 2278 391 2327; x_wconf 87' lang='lat' dir='ltr'>eius</span> <span class='ocrx_word' id='word_1_158' title='bbox 418 2280 575 2327; x_wconf 87' lang='lat' dir='ltr'>sacris</span> <span class='ocrx_word' id='word_1_159' title='bbox 597 2293 643 2329; x_wconf 88' lang='lat' dir='ltr'>a.</span> <span class='ocrx_word' id='word_1_160' title='bbox 667 2293 718 2327; x_wconf 91' lang='grc' dir='ltr'>ιι.</span> <span class='ocrx_word' id='word_1_161' title='bbox 740 2292 789 2328; x_wconf 84' lang='lat' dir='ltr'>c.</span> <span class='ocrx_word' id='word_1_162' title='bbox 814 2276 932 2327; x_wconf 86' lang='lat'>549.</span> <span class='ocrx_word' id='word_1_163' title='bbox 972 2292 1035 2325; x_wconf 80' lang='lat' dir='ltr'>ex</span> <span class='ocrx_word' id='word_1_164' title='bbox 1054 2275 1214 2340; x_wconf 70' lang='lat' dir='ltr'>Phry-</span> 
     </span>
     <span class='ocr_line' id='line_1_31' title="bbox 278 2344 1210 2411; baseline -0.002 -16"><span class='ocrx_word' id='word_1_165' title='bbox 278 2348 367 2411; x_wconf 87' lang='lat' dir='ltr'>gia</span> <span class='ocrx_word' id='word_1_166' title='bbox 396 2346 608 2396; x_wconf 83' lang='lat' dir='ltr'>Romam</span> <span class='ocrx_word' id='word_1_167' title='bbox 644 2346 848 2404; x_wconf 85' lang='lat' dir='ltr'>ascitis,</span> <span class='ocrx_word' id='word_1_168' title='bbox 896 2346 961 2395; x_wconf 89' lang='lat' dir='ltr'>de</span> <span class='ocrx_word' id='word_1_169' title='bbox 998 2344 1210 2409; x_wconf 86' lang='lat' dir='ltr'>harusp.</span> 
     </span>
     <span class='ocr_line' id='line_1_32' title="bbox 279 2412 1214 2481; baseline -0.001 -17"><span class='ocrx_word' id='word_1_170' title='bbox 279 2430 415 2481; x_wconf 85' lang='lat' dir='ltr'>resp.</span> <span class='ocrx_word' id='word_1_171' title='bbox 438 2414 521 2479; x_wconf 84' lang='lat'><strong>13,</strong></span> <span class='ocrx_word' id='word_1_172' title='bbox 560 2416 645 2463; x_wconf 86' lang='lat'>27.</span> <span class='ocrx_word' id='word_1_173' title='bbox 675 2441 746 2453; x_wconf 89' lang='lat'>--</span> <span class='ocrx_word' id='word_1_174' title='bbox 782 2412 1083 2464; x_wconf 86' lang='lat' dir='ltr'>Sodalitates</span> <span class='ocrx_word' id='word_1_175' title='bbox 1119 2413 1214 2464; x_wconf 89' lang='lat' dir='ltr'>Ca-</span> 
     </span>
     <span class='ocr_line' id='line_1_33' title="bbox 279 2482 1217 2547; baseline 0 -15"><span class='ocrx_word' id='word_1_176' title='bbox 279 2492 397 2533; x_wconf 85' lang='lat' dir='ltr'>tone</span> <span class='ocrx_word' id='word_1_177' title='bbox 417 2493 698 2547; x_wconf 83' lang='lat' dir='ltr'>quaestore,</span> <span class='ocrx_word' id='word_1_178' title='bbox 720 2500 767 2533; x_wconf 91' lang='lat' dir='ltr'>a.</span> <span class='ocrx_word' id='word_1_179' title='bbox 791 2499 842 2532; x_wconf 92' lang='lat' dir='ltr'>u.</span> <span class='ocrx_word' id='word_1_180' title='bbox 864 2500 910 2533; x_wconf 89' lang='lat' dir='ltr'>c.</span> <span class='ocrx_word' id='word_1_181' title='bbox 933 2482 1053 2537; x_wconf 87' lang='grc'><strong>550.</strong></span> <span class='ocrx_word' id='word_1_182' title='bbox 1095 2498 1217 2533; x_wconf 86' lang='lat' dir='ltr'>con-</span> 
     </span>
     <span class='ocr_line' id='line_1_34' title="bbox 282 2551 1216 2617; baseline -0.001 -16"><span class='ocrx_word' id='word_1_183' title='bbox 282 2554 487 2603; x_wconf 86' lang='lat' dir='ltr'>stitutae</span> <span class='ocrx_word' id='word_1_184' title='bbox 498 2561 615 2602; x_wconf 81' lang='lat' dir='ltr'>sunt</span> <span class='ocrx_word' id='word_1_185' title='bbox 638 2554 798 2601; x_wconf 82' lang='lat' dir='ltr'>sacris</span> <span class='ocrx_word' id='word_1_186' title='bbox 814 2553 982 2601; x_wconf 83' lang='lat' dir='ltr'>Idaeis</span> <span class='ocrx_word' id='word_1_187' title='bbox 1000 2551 1216 2617; x_wconf 80' lang='lat' dir='ltr'>Magnae</span> 
     </span>
     <span class='ocr_line' id='line_1_35' title="bbox 278 2620 1215 2687; baseline 0.001 -16"><span class='ocrx_word' id='word_1_188' title='bbox 278 2621 457 2671; x_wconf 86' lang='lat' dir='ltr'>Matris</span> <span class='ocrx_word' id='word_1_189' title='bbox 494 2623 745 2687; x_wconf 87' lang='lat' dir='ltr'>acceptis,</span> <span class='ocrx_word' id='word_1_190' title='bbox 782 2622 846 2671; x_wconf 87' lang='lat' dir='ltr'>de</span> <span class='ocrx_word' id='word_1_191' title='bbox 876 2636 981 2671; x_wconf 90' lang='lat' dir='ltr'>sen.</span> <span class='ocrx_word' id='word_1_192' title='bbox 1006 2620 1089 2683; x_wconf 83' lang='lat'><strong>13,</strong></span> <span class='ocrx_word' id='word_1_193' title='bbox 1128 2622 1215 2673; x_wconf 89' lang='grc'>44.</span> 
     </span>
     <span class='ocr_line' id='line_1_36' title="bbox 278 2690 1215 2755; baseline -0.002 -15"><span class='ocrx_word' id='word_1_194' title='bbox 278 2716 350 2729; x_wconf 90' lang='grc'>·--</span> <span class='ocrx_word' id='word_1_195' title='bbox 392 2692 515 2740; x_wconf 84' lang='lat' dir='ltr'>Eius</span> <span class='ocrx_word' id='word_1_196' title='bbox 549 2691 723 2741; x_wconf 78' lang='lat' dir='ltr'>fanum</span> <span class='ocrx_word' id='word_1_197' title='bbox 764 2691 902 2755; x_wconf 85' lang='lat' dir='ltr'>apud</span> <span class='ocrx_word' id='word_1_198' title='bbox 937 2690 1215 2755; x_wconf 75' lang='lat' dir='ltr'>EnguinOS,</span> 
     </span>
     <span class='ocr_line' id='line_1_37' title="bbox 280 2758 974 2819; baseline 0 -12"><span class='ocrx_word' id='word_1_199' title='bbox 280 2762 427 2808; x_wconf 86' lang='lat' dir='ltr'>Verr.</span> <span class='ocrx_word' id='word_1_200' title='bbox 464 2769 682 2815; x_wconf 85' lang='lat' dir='ltr'>accusat.</span> <span class='ocrx_word' id='word_1_201' title='bbox 706 2762 757 2818; x_wconf 90' lang='grc'>4,</span> <span class='ocrx_word' id='word_1_202' title='bbox 780 2760 867 2819; x_wconf 88' lang='grc'>44,</span> <span class='ocrx_word' id='word_1_203' title='bbox 889 2758 974 2809; x_wconf 88' lang='grc'><strong>97.</strong></span> 
     </span>
    </p>

    <p class='ocr_par' dir='ltr' id='par_1_6' title="bbox 211 2825 994 2893">
     <span class='ocr_line' id='line_1_38' title="bbox 211 2825 994 2893; baseline -0.001 -16"><span class='ocrx_word' id='word_1_204' title='bbox 211 2826 429 2879; x_wconf 80' lang='lat' dir='ltr'>Matho.</span> <span class='ocrx_word' id='word_1_205' title='bbox 470 2830 533 2877; x_wconf 89' lang='lat' dir='ltr'>V.</span> <span class='ocrx_word' id='word_1_206' title='bbox 560 2830 613 2877; x_wconf 85' lang='lat' dir='ltr'>in</span> <span class='ocrx_word' id='word_1_207' title='bbox 648 2825 994 2893; x_wconf 82' lang='lat' dir='ltr'>Pomponiis.</span> 
     </span>
    </p>

    <p class='ocr_par' dir='ltr' id='par_1_7' title="bbox 212 2893 1216 3236">
     <span class='ocr_line' id='line_1_39' title="bbox 212 2893 1214 2959; baseline -0.003 -13"><span class='ocrx_word' id='word_1_208' title='bbox 212 2895 277 2946; x_wconf 87' lang='lat' dir='ltr'>P.</span> <span class='ocrx_word' id='word_1_209' title='bbox 311 2893 613 2959; x_wconf 76' lang='lat' dir='ltr'>Matinius,</span> <span class='ocrx_word' id='word_1_210' title='bbox 650 2897 719 2950; x_wconf 92' lang='lat' dir='ltr'>M.</span> <span class='ocrx_word' id='word_1_211' title='bbox 748 2896 885 2946; x_wconf 79' lang='lat' dir='ltr'>Bruti</span> <span class='ocrx_word' id='word_1_212' title='bbox 930 2896 1214 2947; x_wconf 82' lang='lat' dir='ltr'>familiaris.</span> 
     </span>
     <span class='ocr_line' id='line_1_40' title="bbox 280 2965 1215 3030; baseline 0.002 -17"><span class='ocrx_word' id='word_1_213' title='bbox 280 2966 405 3015; x_wconf 84' lang='lat' dir='ltr'>Eius</span> <span class='ocrx_word' id='word_1_214' title='bbox 436 2966 499 3015; x_wconf 90' lang='lat' dir='ltr'>lis</span> <span class='ocrx_word' id='word_1_215' title='bbox 526 2981 639 3015; x_wconf 88' lang='lat' dir='ltr'>cum</span> <span class='ocrx_word' id='word_1_216' title='bbox 669 2966 961 3017; x_wconf 81' lang='lat' dir='ltr'>Salaminiis</span> <span class='ocrx_word' id='word_1_217' title='bbox 993 2965 1215 3030; x_wconf 72' lang='lat' dir='ltr'>CypriiS,</span> 
     </span>
     <span class='ocr_line' id='line_1_41' title="bbox 280 3034 1216 3099; baseline -0.001 -16"><span class='ocrx_word' id='word_1_218' title='bbox 280 3034 347 3083; x_wconf 85' lang='lat' dir='ltr'>ad</span> <span class='ocrx_word' id='word_1_219' title='bbox 385 3034 490 3084; x_wconf 84' lang='lat' dir='ltr'>Att.</span> <span class='ocrx_word' id='word_1_220' title='bbox 513 3035 573 3099; x_wconf 87' lang='lat'><strong>5,</strong></span> <span class='ocrx_word' id='word_1_221' title='bbox 594 3035 679 3095; x_wconf 86' lang='lat'><strong>21,</strong></span> <span class='ocrx_word' id='word_1_222' title='bbox 707 3034 787 3086; x_wconf 91' lang='grc'>10.</span> <span class='ocrx_word' id='word_1_223' title='bbox 828 3036 899 3089; x_wconf 86' lang='grc'><strong>11).</strong></span> <span class='ocrx_word' id='word_1_224' title='bbox 920 3034 972 3095; x_wconf 90' lang='grc'><strong>6,</strong></span> <span class='ocrx_word' id='word_1_225' title='bbox 997 3035 1045 3098; x_wconf 95' lang='grc'>1,</span> <span class='ocrx_word' id='word_1_226' title='bbox 1074 3036 1124 3084; x_wconf 92' lang='grc'>5.</span> <span class='ocrx_word' id='word_1_227' title='bbox 1151 3062 1216 3070; x_wconf 87' lang='grc'>-</span> 
     </span>
     <span class='ocr_line' id='line_1_42' title="bbox 280 3102 1214 3169; baseline -0.001 -17"><span class='ocrx_word' id='word_1_228' title='bbox 280 3103 539 3160; x_wconf 77' lang='lat' dir='ltr'>MatiniuS,</span> <span class='ocrx_word' id='word_1_229' title='bbox 560 3102 817 3169; x_wconf 76' lang='lat' dir='ltr'>Scaptius,</span> <span class='ocrx_word' id='word_1_230' title='bbox 841 3118 1008 3153; x_wconf 85' lang='lat' dir='ltr'>merae</span> <span class='ocrx_word' id='word_1_231' title='bbox 1030 3118 1214 3166; x_wconf 80' lang='lat' dir='ltr'>nugae,</span> 
     </span>
     <span class='ocr_line' id='line_1_43' title="bbox 279 3171 569 3236; baseline 0.01 -17"><span class='ocrx_word' id='word_1_232' title='bbox 279 3172 352 3220; x_wconf 83' lang='lat' dir='ltr'>lb.</span> <span class='ocrx_word' id='word_1_233' title='bbox 373 3171 425 3231; x_wconf 87' lang='grc'><strong>6,</strong></span> <span class='ocrx_word' id='word_1_234' title='bbox 446 3172 495 3236; x_wconf 84' lang='grc'>3,</span> <span class='ocrx_word' id='word_1_235' title='bbox 518 3173 569 3223; x_wconf 91' lang='grc'>5.</span> 
     </span>
    </p>

    <p class='ocr_par' dir='ltr' id='par_1_8' title="bbox 220 3236 1218 3512">
     <span class='ocr_line' id='line_1_44' title="bbox 220 3236 1215 3303; baseline 0 -16"><span class='ocrx_word' id='word_1_236' title='bbox 220 3236 278 3287; x_wconf 83' lang='lat' dir='ltr'>G.</span> <span class='ocrx_word' id='word_1_237' title='bbox 298 3237 512 3291; x_wconf 65' lang='lat' dir='ltr'>Matius</span> <span class='ocrx_word' id='word_1_238' title='bbox 532 3278 546 3303; x_wconf 93' lang='lat'><strong>,</strong></span> <span class='ocrx_word' id='word_1_239' title='bbox 583 3241 851 3290; x_wconf 79' lang='lat' dir='ltr'>familiaris</span> <span class='ocrx_word' id='word_1_240' title='bbox 884 3242 941 3294; x_wconf 80' lang='lat' dir='ltr'>C.</span> <span class='ocrx_word' id='word_1_241' title='bbox 971 3240 1215 3297; x_wconf 76' lang='lat' dir='ltr'>Trebatii,</span> 
     </span>
     <span class='ocr_line' id='line_1_45' title="bbox 282 3308 1217 3371; baseline 0.002 -14"><span class='ocrx_word' id='word_1_242' title='bbox 282 3310 347 3357; x_wconf 82' lang='lat' dir='ltr'>ad</span> <span class='ocrx_word' id='word_1_243' title='bbox 368 3310 486 3358; x_wconf 76' lang='lat' dir='ltr'>fam.</span> <span class='ocrx_word' id='word_1_244' title='bbox 511 3312 561 3370; x_wconf 85' lang='lat'><strong>7,</strong></span> <span class='ocrx_word' id='word_1_245' title='bbox 585 3310 669 3369; x_wconf 90' lang='grc'><strong>15,</strong></span> <span class='ocrx_word' id='word_1_246' title='bbox 696 3311 831 3359; x_wconf 89' lang='grc'>2.-</span> <span class='ocrx_word' id='word_1_247' title='bbox 850 3308 1217 3371; x_wconf 84' lang='lat' dir='ltr'>Matius,homo</span> 
     </span>
     <span class='ocr_line' id='line_1_46' title="bbox 280 3378 1218 3443; baseline -0.001 -18"><span class='ocrx_word' id='word_1_248' title='bbox 280 3387 593 3443; x_wconf 81' lang='lat' dir='ltr'>temperatus</span> <span class='ocrx_word' id='word_1_249' title='bbox 648 3386 699 3428; x_wconf 84' lang='lat' dir='ltr'>et</span> <span class='ocrx_word' id='word_1_250' title='bbox 745 3380 1000 3443; x_wconf 88' lang='lat' dir='ltr'>prudens,</span> <span class='ocrx_word' id='word_1_251' title='bbox 1040 3378 1218 3427; x_wconf 86' lang='lat' dir='ltr'>existi-</span> 
     </span>
     <span class='ocr_line' id='line_1_47' title="bbox 284 3445 1217 3512; baseline -0.003 -17"><span class='ocrx_word' id='word_1_252' title='bbox 284 3456 449 3496; x_wconf 83' lang='lat' dir='ltr'>matus</span> <span class='ocrx_word' id='word_1_253' title='bbox 474 3456 549 3497; x_wconf 88' lang='lat' dir='ltr'>est</span> <span class='ocrx_word' id='word_1_254' title='bbox 574 3462 777 3512; x_wconf 86' lang='lat' dir='ltr'>semper</span> <span class='ocrx_word' id='word_1_255' title='bbox 804 3449 978 3498; x_wconf 83' lang='lat' dir='ltr'>auctor</span> <span class='ocrx_word' id='word_1_256' title='bbox 1002 3445 1112 3505; x_wconf 90' lang='lat' dir='ltr'>otii,</span> <span class='ocrx_word' id='word_1_257' title='bbox 1152 3445 1217 3493; x_wconf 87' lang='lat' dir='ltr'>ad</span> 
     </span>
    </p>
   </div>
   <div class='ocr_carea' id='block_1_3' title="bbox 2170 182 2291 244">
    <p class='ocr_par' dir='ltr' id='par_1_9' title="bbox 2170 182 2291 244">
     <span class='ocr_line' id='line_1_48' title="bbox 2170 182 2291 244; baseline 0.017 -2"><span class='ocrx_word' id='word_1_258' title='bbox 2170 182 2291 244; x_wconf 85' lang='grc'>245</span> 
     </span>
    </p>
   </div>
   <div class='ocr_carea' id='block_1_4' title="bbox 1283 344 2293 3507">
    <p class='ocr_par' dir='ltr' id='par_1_10' title="bbox 1350 344 2293 1646">
     <span class='ocr_line' id='line_1_49' title="bbox 1362 344 2293 412; baseline 0.008 -18"><span class='ocrx_word' id='word_1_259' title='bbox 1362 347 1464 397; x_wconf 76' lang='lat' dir='ltr'>Att.</span> <span class='ocrx_word' id='word_1_260' title='bbox 1496 344 1556 407; x_wconf 88' lang='grc'>9,</span> <span class='ocrx_word' id='word_1_261' title='bbox 1588 345 1753 405; x_wconf 90' lang='grc'><strong>11,2.</strong></span> <span class='ocrx_word' id='word_1_262' title='bbox 1809 347 1881 397; x_wconf 83' lang='grc'><strong>11).</strong></span> <span class='ocrx_word' id='word_1_263' title='bbox 1907 347 1979 412; x_wconf 83' lang='lat'><strong>-9,</strong></span> <span class='ocrx_word' id='word_1_264' title='bbox 2012 349 2104 408; x_wconf 90' lang='grc'>12,</span> <span class='ocrx_word' id='word_1_265' title='bbox 2141 349 2186 402; x_wconf 92' lang='grc'>1.</span> <span class='ocrx_word' id='word_1_266' title='bbox 2224 377 2293 388; x_wconf 92' lang='lat'>-—</span> 
     </span>
     <span class='ocr_line' id='line_1_50' title="bbox 1361 414 2284 480; baseline 0.008 -18"><span class='ocrx_word' id='word_1_267' title='bbox 1361 415 1500 464; x_wconf 85' lang='lat' dir='ltr'>Matii</span> <span class='ocrx_word' id='word_1_268' title='bbox 1523 420 1570 462; x_wconf 85' lang='lat' dir='ltr'>et</span> <span class='ocrx_word' id='word_1_269' title='bbox 1588 414 1808 464; x_wconf 84' lang='lat' dir='ltr'>Trebatii</span> <span class='ocrx_word' id='word_1_270' title='bbox 1829 416 2038 480; x_wconf 85' lang='lat' dir='ltr'>epistola</span> <span class='ocrx_word' id='word_1_271' title='bbox 2065 419 2134 467; x_wconf 86' lang='lat' dir='ltr'>ad</span> <span class='ocrx_word' id='word_1_272' title='bbox 2155 419 2284 469; x_wconf 85' lang='lat' dir='ltr'>Cice—</span> 
     </span>
     <span class='ocr_line' id='line_1_51' title="bbox 1359 477 2289 546; baseline 0.008 -15"><span class='ocrx_word' id='word_1_273' title='bbox 1359 497 1564 543; x_wconf 87' lang='lat' dir='ltr'>ronem,</span> <span class='ocrx_word' id='word_1_274' title='bbox 1602 482 1669 532; x_wconf 85' lang='lat' dir='ltr'>ad</span> <span class='ocrx_word' id='word_1_275' title='bbox 1701 485 1806 537; x_wconf 74' lang='lat' dir='ltr'>Ait.</span> <span class='ocrx_word' id='word_1_276' title='bbox 1833 483 1892 546; x_wconf 87' lang='grc'>9,</span> <span class='ocrx_word' id='word_1_277' title='bbox 1932 477 2010 535; x_wconf 86' lang='grc'>15.</span> <span class='ocrx_word' id='word_1_278' title='bbox 2041 489 2101 536; x_wconf 86' lang='grc' dir='ltr'><strong>Α.</strong></span> <span class='ocrx_word' id='word_1_279' title='bbox 2133 513 2203 525; x_wconf 90' lang='lat'>-·-</span> <span class='ocrx_word' id='word_1_280' title='bbox 2235 489 2289 538; x_wconf 90' lang='lat' dir='ltr'>C.</span> 
     </span>
     <span class='ocr_line' id='line_1_52' title="bbox 1359 549 2286 618; baseline 0.009 -18"><span class='ocrx_word' id='word_1_281' title='bbox 1359 551 1560 610; x_wconf 85' lang='lat' dir='ltr'>Matius,</span> <span class='ocrx_word' id='word_1_282' title='bbox 1591 549 1821 602; x_wconf 83' lang='lat' dir='ltr'>Caesaris</span> <span class='ocrx_word' id='word_1_283' title='bbox 1845 554 2055 618; x_wconf 73' lang='lat' dir='ltr'>amicae,</span> <span class='ocrx_word' id='word_1_284' title='bbox 2078 557 2144 605; x_wconf 88' lang='lat' dir='ltr'>ad</span> <span class='ocrx_word' id='word_1_285' title='bbox 2166 557 2286 610; x_wconf 79' lang='lat' dir='ltr'>fam.</span> 
     </span>
     <span class='ocr_line' id='line_1_53' title="bbox 1357 620 2289 686; baseline 0.004 -15"><span class='ocrx_word' id='word_1_286' title='bbox 1357 620 1411 682; x_wconf 88' lang='grc'>6,</span> <span class='ocrx_word' id='word_1_287' title='bbox 1437 621 1518 680; x_wconf 90' lang='grc'>12,</span> <span class='ocrx_word' id='word_1_288' title='bbox 1540 620 1589 668; x_wconf 92' lang='grc'><strong>2.</strong></span> <span class='ocrx_word' id='word_1_289' title='bbox 1610 647 1674 656; x_wconf 91' lang='grc'>-</span> <span class='ocrx_word' id='word_1_290' title='bbox 1715 621 1966 671; x_wconf 87' lang='lat' dir='ltr'>Ciceroni-s</span> <span class='ocrx_word' id='word_1_291' title='bbox 1987 623 2289 686; x_wconf 82' lang='lat' dir='ltr'>colloquium</span> 
     </span>
     <span class='ocr_line' id='line_1_54' title="bbox 1358 689 2286 754; baseline 0.01 -16"><span class='ocrx_word' id='word_1_292' title='bbox 1358 705 1475 738; x_wconf 90' lang='lat' dir='ltr'>cum</span> <span class='ocrx_word' id='word_1_293' title='bbox 1501 701 1561 737; x_wconf 91' lang='lat' dir='ltr'>eo</span> <span class='ocrx_word' id='word_1_294' title='bbox 1599 696 1716 754; x_wconf 87' lang='lat' dir='ltr'>post</span> <span class='ocrx_word' id='word_1_295' title='bbox 1743 689 1972 741; x_wconf 83' lang='lat' dir='ltr'>Caesaris</span> <span class='ocrx_word' id='word_1_296' title='bbox 2014 693 2286 748; x_wconf 83' lang='lat' dir='ltr'>interitum.</span> 
     </span>
     <span class='ocr_line' id='line_1_55' title="bbox 1355 759 2290 823; baseline 0.006 -17"><span class='ocrx_word' id='word_1_297' title='bbox 1355 759 1554 807; x_wconf 85' lang='lat' dir='ltr'>Perisse</span> <span class='ocrx_word' id='word_1_298' title='bbox 1573 759 1742 808; x_wconf 87' lang='lat' dir='ltr'>omnia</span> <span class='ocrx_word' id='word_1_299' title='bbox 1761 760 1930 809; x_wconf 86' lang='lat' dir='ltr'>aiebat</span> <span class='ocrx_word' id='word_1_300' title='bbox 1948 797 1962 820; x_wconf 92' lang='lat'><strong>,</strong></span> <span class='ocrx_word' id='word_1_301' title='bbox 2000 761 2137 823; x_wconf 86' lang='lat' dir='ltr'>quod</span> <span class='ocrx_word' id='word_1_302' title='bbox 2153 761 2290 813; x_wconf 86' lang='lat' dir='ltr'>haud</span> 
     </span>
     <span class='ocr_line' id='line_1_56' title="bbox 1355 827 2290 895; baseline 0.005 -19"><span class='ocrx_word' id='word_1_303' title='bbox 1355 829 1460 877; x_wconf 90' lang='lat' dir='ltr'>scio</span> <span class='ocrx_word' id='word_1_304' title='bbox 1483 841 1546 876; x_wconf 81' lang='lat' dir='ltr'>an</span> <span class='ocrx_word' id='word_1_305' title='bbox 1567 827 1638 876; x_wconf 88' lang='lat' dir='ltr'>ita</span> <span class='ocrx_word' id='word_1_306' title='bbox 1657 827 1750 877; x_wconf 82' lang='lat' dir='ltr'>sit:</span> <span class='ocrx_word' id='word_1_307' title='bbox 1773 843 1946 878; x_wconf 88' lang='lat' dir='ltr'>verum</span> <span class='ocrx_word' id='word_1_308' title='bbox 1970 829 2051 878; x_wconf 91' lang='lat' dir='ltr'>ille</span> <span class='ocrx_word' id='word_1_309' title='bbox 2063 832 2290 895; x_wconf 80' lang='lat' dir='ltr'>gaudens</span> 
     </span>
     <span class='ocr_line' id='line_1_57' title="bbox 1357 894 2288 962; baseline 0.008 -18"><span class='ocrx_word' id='word_1_310' title='bbox 1357 904 1479 956; x_wconf 87' lang='lat' dir='ltr'>etc.,</span> <span class='ocrx_word' id='word_1_311' title='bbox 1513 894 1581 946; x_wconf 89' lang='lat' dir='ltr'>ad</span> <span class='ocrx_word' id='word_1_312' title='bbox 1597 897 1698 946; x_wconf 88' lang='lat' dir='ltr'>Att.</span> <span class='ocrx_word' id='word_1_313' title='bbox 1730 899 1819 962; x_wconf 88' lang='lat'><strong>14,</strong></span> <span class='ocrx_word' id='word_1_314' title='bbox 1857 897 1881 946; x_wconf 94' lang='grc'>1</span> <span class='ocrx_word' id='word_1_315' title='bbox 1901 935 1916 960; x_wconf 87' lang='grc'>,</span> <span class='ocrx_word' id='word_1_316' title='bbox 1943 899 1986 947; x_wconf 89' lang='grc'>1.</span> <span class='ocrx_word' id='word_1_317' title='bbox 2019 925 2086 936; x_wconf 88' lang='lat'>-—</span> <span class='ocrx_word' id='word_1_318' title='bbox 2115 900 2288 951; x_wconf 83' lang='lat' dir='ltr'>Mada-</span> 
     </span>
     <span class='ocr_line' id='line_1_58' title="bbox 1356 967 2282 1031; baseline 0.009 -18"><span class='ocrx_word' id='word_1_319' title='bbox 1356 981 1468 1014; x_wconf 88' lang='lat' dir='ltr'>rum</span> <span class='ocrx_word' id='word_1_320' title='bbox 1515 979 1628 1014; x_wconf 88' lang='lat' dir='ltr'>eum</span> <span class='ocrx_word' id='word_1_321' title='bbox 1663 976 1810 1016; x_wconf 85' lang='lat' dir='ltr'>vocat</span> <span class='ocrx_word' id='word_1_322' title='bbox 1849 967 1920 1014; x_wconf 86' lang='lat' dir='ltr'>ib.</span> <span class='ocrx_word' id='word_1_323' title='bbox 1967 967 2060 1031; x_wconf 88' lang='grc'>14,</span> <span class='ocrx_word' id='word_1_324' title='bbox 2109 969 2200 1030; x_wconf 87' lang='grc'>12,</span> <span class='ocrx_word' id='word_1_325' title='bbox 2233 971 2282 1022; x_wconf 89' lang='grc'><strong>2.</strong></span> 
     </span>
     <span class='ocr_line' id='line_1_59' title="bbox 1355 1033 2284 1100; baseline 0.002 -16"><span class='ocrx_word' id='word_1_326' title='bbox 1355 1033 1626 1084; x_wconf 88' lang='lat' dir='ltr'>Calvenam</span> <span class='ocrx_word' id='word_1_327' title='bbox 1666 1045 1874 1100; x_wconf 85' lang='lat' dir='ltr'>propter</span> <span class='ocrx_word' id='word_1_328' title='bbox 1897 1037 2180 1097; x_wconf 85' lang='lat' dir='ltr'>calvitiem,</span> <span class='ocrx_word' id='word_1_329' title='bbox 2222 1039 2284 1087; x_wconf 91' lang='lat' dir='ltr'>cl.</span> 
     </span>
     <span class='ocr_line' id='line_1_60' title="bbox 1355 1103 2286 1169; baseline 0.004 -17"><span class='ocrx_word' id='word_1_330' title='bbox 1355 1103 1426 1152; x_wconf 90' lang='lat' dir='ltr'>ib.</span> <span class='ocrx_word' id='word_1_331' title='bbox 1451 1103 1545 1162; x_wconf 84' lang='lat'><strong>14,</strong></span> <span class='ocrx_word' id='word_1_332' title='bbox 1567 1103 1619 1153; x_wconf 86' lang='lat'>5.</span> <span class='ocrx_word' id='word_1_333' title='bbox 1690 1105 1764 1154; x_wconf 91' lang='lat' dir='ltr'>Ib.</span> <span class='ocrx_word' id='word_1_334' title='bbox 1790 1105 1884 1168; x_wconf 88' lang='grc'>14,</span> <span class='ocrx_word' id='word_1_335' title='bbox 1911 1105 1974 1169; x_wconf 88' lang='grc'>9,</span> <span class='ocrx_word' id='word_1_336' title='bbox 1993 1105 2044 1156; x_wconf 91' lang='grc'>3.</span> <span class='ocrx_word' id='word_1_337' title='bbox 2106 1107 2178 1157; x_wconf 87' lang='lat' dir='ltr'>lb.</span> <span class='ocrx_word' id='word_1_338' title='bbox 2204 1107 2286 1168; x_wconf 87' lang='lat'><strong>14,</strong></span> 
     </span>
     <span class='ocr_line' id='line_1_61' title="bbox 1350 1171 2266 1241; baseline 0.007 -19"><span class='ocrx_word' id='word_1_339' title='bbox 1350 1174 1404 1229; x_wconf 86' lang='lat'><strong>4,</strong></span> <span class='ocrx_word' id='word_1_340' title='bbox 1434 1171 1480 1222; x_wconf 90' lang='lat'>1.</span> <span class='ocrx_word' id='word_1_341' title='bbox 1521 1187 1586 1208; x_wconf 63' lang='lat'>³·-</span> <span class='ocrx_word' id='word_1_342' title='bbox 1635 1171 1890 1224; x_wconf 87' lang='lat' dir='ltr'>Ciceronis</span> <span class='ocrx_word' id='word_1_343' title='bbox 1931 1175 1997 1224; x_wconf 87' lang='lat' dir='ltr'>ad</span> <span class='ocrx_word' id='word_1_344' title='bbox 2036 1190 2148 1224; x_wconf 89' lang='lat' dir='ltr'>eum</span> <span class='ocrx_word' id='word_1_345' title='bbox 2177 1178 2266 1241; x_wconf 71' lang='lat' dir='ltr'>epi.</span> 
     </span>
     <span class='ocr_line' id='line_1_62' title="bbox 1353 1239 2282 1306; baseline 0.008 -18"><span class='ocrx_word' id='word_1_346' title='bbox 1353 1239 1487 1289; x_wconf 84' lang='lat' dir='ltr'>stola</span> <span class='ocrx_word' id='word_1_347' title='bbox 1511 1246 1562 1288; x_wconf 83' lang='lat' dir='ltr'>et</span> <span class='ocrx_word' id='word_1_348' title='bbox 1591 1240 1728 1290; x_wconf 86' lang='lat' dir='ltr'>Matii</span> <span class='ocrx_word' id='word_1_349' title='bbox 1750 1257 2066 1306; x_wconf 87' lang='lat' dir='ltr'>responsum,</span> <span class='ocrx_word' id='word_1_350' title='bbox 2081 1245 2146 1294; x_wconf 85' lang='lat' dir='ltr'>ad</span> <span class='ocrx_word' id='word_1_351' title='bbox 2165 1244 2282 1295; x_wconf 82' lang='lat' dir='ltr'>fam.</span> 
     </span>
     <span class='ocr_line' id='line_1_63' title="bbox 1356 1309 2288 1367; baseline 0.005 -9"><span class='ocrx_word' id='word_1_352' title='bbox 1356 1310 1380 1358; x_wconf 87' lang='lat'>1</span> <span class='ocrx_word' id='word_1_353' title='bbox 1397 1311 1438 1367; x_wconf 92' lang='lat' dir='ltr'>l,</span> <span class='ocrx_word' id='word_1_354' title='bbox 1468 1309 1533 1358; x_wconf 90' lang='grc'><strong>27</strong></span> <span class='ocrx_word' id='word_1_355' title='bbox 1556 1316 1604 1358; x_wconf 83' lang='lat' dir='ltr'>et</span> <span class='ocrx_word' id='word_1_356' title='bbox 1627 1309 1712 1361; x_wconf 80' lang='lat'>28.</span> <span class='ocrx_word' id='word_1_357' title='bbox 1735 1337 1807 1348; x_wconf 91' lang='lat'>·-</span> <span class='ocrx_word' id='word_1_358' title='bbox 1825 1310 2008 1360; x_wconf 85' lang='lat' dir='ltr'>Matius</span> <span class='ocrx_word' id='word_1_359' title='bbox 2028 1327 2087 1361; x_wconf 87' lang='lat' dir='ltr'>ac</span> <span class='ocrx_word' id='word_1_360' title='bbox 2109 1313 2288 1364; x_wconf 85' lang='lat' dir='ltr'>Postu-</span> 
     </span>
     <span class='ocr_line' id='line_1_64' title="bbox 1353 1377 2287 1440; baseline 0.005 -15"><span class='ocrx_word' id='word_1_361' title='bbox 1353 1378 1486 1426; x_wconf 89' lang='lat' dir='ltr'>mius</span> <span class='ocrx_word' id='word_1_362' title='bbox 1506 1384 1860 1440; x_wconf 86' lang='lat' dir='ltr'>procuratores</span> <span class='ocrx_word' id='word_1_363' title='bbox 1881 1377 2115 1429; x_wconf 85' lang='lat' dir='ltr'>ludorum</span> <span class='ocrx_word' id='word_1_364' title='bbox 2142 1381 2287 1430; x_wconf 84' lang='lat' dir='ltr'>Octa-</span> 
     </span>
     <span class='ocr_line' id='line_1_65' title="bbox 1351 1446 2289 1514; baseline 0.004 -19"><span class='ocrx_word' id='word_1_365' title='bbox 1351 1448 1441 1506; x_wconf 82' lang='lat' dir='ltr'>vii,</span> <span class='ocrx_word' id='word_1_366' title='bbox 1463 1460 1514 1494; x_wconf 84' lang='lat' dir='ltr'>a.</span> <span class='ocrx_word' id='word_1_367' title='bbox 1531 1461 1580 1494; x_wconf 89' lang='lat' dir='ltr'>u.</span> <span class='ocrx_word' id='word_1_368' title='bbox 1597 1447 1770 1497; x_wconf 88' lang='lat' dir='ltr'>c.710.</span> <span class='ocrx_word' id='word_1_369' title='bbox 1812 1446 2039 1496; x_wconf 86' lang='lat' dir='ltr'>Ciceroni</span> <span class='ocrx_word' id='word_1_370' title='bbox 2059 1463 2158 1497; x_wconf 88' lang='lat' dir='ltr'>non</span> <span class='ocrx_word' id='word_1_371' title='bbox 2178 1451 2289 1514; x_wconf 88' lang='lat' dir='ltr'>pla-</span> 
     </span>
     <span class='ocr_line' id='line_1_66' title="bbox 1353 1512 2290 1582; baseline 0.003 -18"><span class='ocrx_word' id='word_1_372' title='bbox 1353 1521 1486 1566; x_wconf 86' lang='lat' dir='ltr'>cent.</span> <span class='ocrx_word' id='word_1_373' title='bbox 1528 1512 1746 1565; x_wconf 84' lang='lat' dir='ltr'>Saserna</span> <span class='ocrx_word' id='word_1_374' title='bbox 1767 1515 1964 1581; x_wconf 87' lang='lat' dir='ltr'>collega</span> <span class='ocrx_word' id='word_1_375' title='bbox 1991 1517 2196 1582; x_wconf 64' lang='lat' dir='ltr'>dignm,</span> <span class='ocrx_word' id='word_1_376' title='bbox 2223 1519 2290 1568; x_wconf 83' lang='lat' dir='ltr'>ad</span> 
     </span>
     <span class='ocr_line' id='line_1_67' title="bbox 1352 1583 2215 1646; baseline 0.002 -14"><span class='ocrx_word' id='word_1_377' title='bbox 1352 1586 1458 1634; x_wconf 80' lang='lat' dir='ltr'>Att.</span> <span class='ocrx_word' id='word_1_378' title='bbox 1493 1583 1574 1645; x_wconf 91' lang='grc'>15,</span> <span class='ocrx_word' id='word_1_379' title='bbox 1597 1584 1648 1646; x_wconf 91' lang='grc'>2,</span> <span class='ocrx_word' id='word_1_380' title='bbox 1668 1583 1719 1636; x_wconf 88' lang='grc'>3.</span> <span class='ocrx_word' id='word_1_381' title='bbox 1763 1584 1828 1638; x_wconf 89' lang='lat' dir='ltr'>cl.</span> <span class='ocrx_word' id='word_1_382' title='bbox 1853 1585 1921 1636; x_wconf 90' lang='lat' dir='ltr'>ib.</span> <span class='ocrx_word' id='word_1_383' title='bbox 1952 1583 2034 1645; x_wconf 91' lang='grc'>16,</span> <span class='ocrx_word' id='word_1_384' title='bbox 2055 1586 2141 1645; x_wconf 89' lang='grc'>11,</span> <span class='ocrx_word' id='word_1_385' title='bbox 2168 1587 2215 1636; x_wconf 94' lang='grc'>1.</span> 
     </span>
    </p>

    <p class='ocr_par' dir='ltr' id='par_1_11' title="bbox 1283 1650 2284 1781">
     <span class='ocr_line' id='line_1_68' title="bbox 1283 1650 2284 1715; baseline 0.003 -13"><span class='ocrx_word' id='word_1_386' title='bbox 1283 1650 1471 1715; x_wconf 77' lang='lat' dir='ltr'>Muto,</span> <span class='ocrx_word' id='word_1_387' title='bbox 1508 1653 1766 1703; x_wconf 88' lang='lat' dir='ltr'>inimicum</span> <span class='ocrx_word' id='word_1_388' title='bbox 1793 1655 1856 1704; x_wconf 88' lang='lat' dir='ltr'>M.</span> <span class='ocrx_word' id='word_1_389' title='bbox 1879 1654 2024 1703; x_wconf 85' lang='lat' dir='ltr'>Fadii</span> <span class='ocrx_word' id='word_1_390' title='bbox 2040 1655 2140 1715; x_wconf 67' lang='lat' dir='ltr'>„ad</span> <span class='ocrx_word' id='word_1_391' title='bbox 2163 1655 2284 1710; x_wconf 81' lang='lat' dir='ltr'>i&#39;am.</span> 
     </span>
     <span class='ocr_line' id='line_1_69' title="bbox 1351 1720 1578 1781; baseline 0 -9"><span class='ocrx_word' id='word_1_392' title='bbox 1351 1721 1402 1778; x_wconf 91' lang='grc'>9,</span> <span class='ocrx_word' id='word_1_393' title='bbox 1421 1723 1507 1781; x_wconf 87' lang='grc'>25,</span> <span class='ocrx_word' id='word_1_394' title='bbox 1528 1720 1578 1772; x_wconf 87' lang='grc'>3.</span> 
     </span>
    </p>

    <p class='ocr_par' dir='ltr' id='par_1_12' title="bbox 1283 1789 2288 1995">
     <span class='ocr_line' id='line_1_70' title="bbox 1283 1789 2284 1857; baseline 0.001 -15"><span class='ocrx_word' id='word_1_395' title='bbox 1283 1789 1574 1853; x_wconf 80' lang='lat' dir='ltr'>Matones,</span> <span class='ocrx_word' id='word_1_396' title='bbox 1603 1793 1677 1842; x_wconf 87' lang='lat' dir='ltr'>sic</span> <span class='ocrx_word' id='word_1_397' title='bbox 1704 1792 2121 1857; x_wconf 86' lang='lat' dir='ltr'>pronunciatum,</span> <span class='ocrx_word' id='word_1_398' title='bbox 2158 1805 2284 1844; x_wconf 85' lang='lat' dir='ltr'>orat.</span> 
     </span>
     <span class='ocr_line' id='line_1_71' title="bbox 1352 1859 2288 1918; baseline 0.004 -8"><span class='ocrx_word' id='word_1_399' title='bbox 1352 1861 1420 1912; x_wconf 87' lang='grc'><strong>48</strong></span> <span class='ocrx_word' id='word_1_400' title='bbox 1443 1895 1458 1918; x_wconf 93' lang='grc'>,</span> <span class='ocrx_word' id='word_1_401' title='bbox 1505 1859 1620 1912; x_wconf 87' lang='grc'><strong>160.</strong></span> <span class='ocrx_word' id='word_1_402' title='bbox 1672 1863 1737 1911; x_wconf 90' lang='lat' dir='ltr'>V.</span> <span class='ocrx_word' id='word_1_403' title='bbox 1775 1859 1974 1912; x_wconf 81' lang='lat' dir='ltr'>Matho</span> <span class='ocrx_word' id='word_1_404' title='bbox 2022 1863 2075 1910; x_wconf 89' lang='lat' dir='ltr'>in</span> <span class='ocrx_word' id='word_1_405' title='bbox 2120 1862 2288 1914; x_wconf 89' lang='lat' dir='ltr'>Pom-</span> 
     </span>
     <span class='ocr_line' id='line_1_72' title="bbox 1353 1926 1554 1995; baseline -0.01 -16"><span class='ocrx_word' id='word_1_406' title='bbox 1353 1926 1554 1995; x_wconf 82' lang='lat' dir='ltr'>poniis.</span> 
     </span>
    </p>

    <p class='ocr_par' dir='ltr' id='par_1_13' title="bbox 1284 1995 2288 2131">
     <span class='ocr_line' id='line_1_73' title="bbox 1284 1995 2288 2060; baseline 0 -11"><span class='ocrx_word' id='word_1_407' title='bbox 1284 1995 1604 2060; x_wconf 80' lang='lat' dir='ltr'>Matrinius,</span> <span class='ocrx_word' id='word_1_408' title='bbox 1617 1998 1785 2049; x_wconf 88' lang='lat' dir='ltr'>scriba</span> <span class='ocrx_word' id='word_1_409' title='bbox 1805 1999 2068 2049; x_wconf 86' lang='lat' dir='ltr'>aedilicius</span> <span class='ocrx_word' id='word_1_410' title='bbox 2081 1999 2147 2047; x_wconf 91' lang='lat' dir='ltr'>M.</span> <span class='ocrx_word' id='word_1_411' title='bbox 2164 2000 2288 2050; x_wconf 83' lang='lat' dir='ltr'>Cae·</span> 
     </span>
     <span class='ocr_line' id='line_1_74' title="bbox 1355 2065 2077 2131; baseline -0.001 -15"><span class='ocrx_word' id='word_1_412' title='bbox 1355 2068 1412 2117; x_wconf 91' lang='lat' dir='ltr'>lii</span> <span class='ocrx_word' id='word_1_413' title='bbox 1438 2066 1566 2126; x_wconf 76' lang='lat' dir='ltr'>Rufi,</span> <span class='ocrx_word' id='word_1_414' title='bbox 1595 2065 1662 2115; x_wconf 84' lang='lat' dir='ltr'>ad</span> <span class='ocrx_word' id='word_1_415' title='bbox 1688 2066 1812 2119; x_wconf 78' lang='lat' dir='ltr'>fam.</span> <span class='ocrx_word' id='word_1_416' title='bbox 1842 2068 1892 2129; x_wconf 88' lang='grc'>2,</span> <span class='ocrx_word' id='word_1_417' title='bbox 1917 2067 2000 2131; x_wconf 87' lang='grc'>15,</span> <span class='ocrx_word' id='word_1_418' title='bbox 2026 2068 2077 2118; x_wconf 90' lang='grc'>5.</span> 
     </span>
    </p>

    <p class='ocr_par' dir='ltr' id='par_1_14' title="bbox 1288 2132 2286 2405">
     <span class='ocr_line' id='line_1_75' title="bbox 1288 2132 2286 2200; baseline 0.002 -13"><span class='ocrx_word' id='word_1_419' title='bbox 1288 2136 1349 2187; x_wconf 87' lang='lat' dir='ltr'>C.</span> <span class='ocrx_word' id='word_1_420' title='bbox 1369 2132 1690 2199; x_wconf 75' lang='lat' dir='ltr'>Matrinius,</span> <span class='ocrx_word' id='word_1_421' title='bbox 1709 2150 1862 2200; x_wconf 86' lang='lat' dir='ltr'>eques</span> <span class='ocrx_word' id='word_1_422' title='bbox 1888 2136 2056 2198; x_wconf 86' lang='lat' dir='ltr'>Rom.,</span> <span class='ocrx_word' id='word_1_423' title='bbox 2081 2144 2286 2189; x_wconf 84' lang='lat' dir='ltr'>vexatus</span> 
     </span>
     <span class='ocr_line' id='line_1_76' title="bbox 1355 2205 2285 2269; baseline 0.002 -14"><span class='ocrx_word' id='word_1_424' title='bbox 1355 2221 1384 2255; x_wconf 85' lang='lat' dir='ltr'>a</span> <span class='ocrx_word' id='word_1_425' title='bbox 1413 2205 1470 2264; x_wconf 86' lang='lat' dir='ltr'>Q.</span> <span class='ocrx_word' id='word_1_426' title='bbox 1497 2205 1721 2269; x_wconf 89' lang='lat' dir='ltr'>Apronio</span> <span class='ocrx_word' id='word_1_427' title='bbox 1743 2242 1758 2269; x_wconf 94' lang='lat'><strong>,</strong></span> <span class='ocrx_word' id='word_1_428' title='bbox 1797 2206 1942 2256; x_wconf 86' lang='lat' dir='ltr'>Verr.</span> <span class='ocrx_word' id='word_1_429' title='bbox 1975 2214 2194 2260; x_wconf 78' lang='lat' dir='ltr'>accusat.</span> <span class='ocrx_word' id='word_1_430' title='bbox 2235 2205 2285 2266; x_wconf 87' lang='grc'>3,</span> 
     </span>
     <span class='ocr_line' id='line_1_77' title="bbox 1355 2273 2286 2341; baseline 0.001 -18"><span class='ocrx_word' id='word_1_431' title='bbox 1355 2277 1440 2334; x_wconf 87' lang='grc'>24,</span> <span class='ocrx_word' id='word_1_432' title='bbox 1459 2273 1543 2325; x_wconf 88' lang='grc'><strong>60.</strong></span> <span class='ocrx_word' id='word_1_433' title='bbox 1559 2302 1623 2309; x_wconf 89' lang='grc'>--</span> <span class='ocrx_word' id='word_1_434' title='bbox 1642 2274 1870 2323; x_wconf 82' lang='lat' dir='ltr'>Vexatus</span> <span class='ocrx_word' id='word_1_435' title='bbox 1891 2290 1922 2324; x_wconf 86' lang='lat' dir='ltr'>a</span> <span class='ocrx_word' id='word_1_436' title='bbox 1937 2275 2114 2341; x_wconf 88' lang='lat' dir='ltr'>Verre,</span> <span class='ocrx_word' id='word_1_437' title='bbox 2137 2276 2212 2327; x_wconf 88' lang='lat' dir='ltr'>Ib.</span> <span class='ocrx_word' id='word_1_438' title='bbox 2234 2274 2286 2335; x_wconf 90' lang='grc'>5,</span> 
     </span>
     <span class='ocr_line' id='line_1_78' title="bbox 1356 2343 1512 2405; baseline -0.013 -12"><span class='ocrx_word' id='word_1_439' title='bbox 1356 2344 1405 2405; x_wconf 90' lang='lat'><strong>7,</strong></span> <span class='ocrx_word' id='word_1_440' title='bbox 1430 2343 1512 2393; x_wconf 87' lang='lat'>15.</span> 
     </span>
    </p>

    <p class='ocr_par' dir='ltr' id='par_1_15' title="bbox 1285 2408 2290 2819">
     <span class='ocr_line' id='line_1_79' title="bbox 1285 2408 2290 2473; baseline -0.002 -12"><span class='ocrx_word' id='word_1_441' title='bbox 1285 2411 1354 2461; x_wconf 87' lang='lat' dir='ltr'>D.</span> <span class='ocrx_word' id='word_1_442' title='bbox 1375 2408 1699 2473; x_wconf 76' lang='lat' dir='ltr'>Matrinius,</span> <span class='ocrx_word' id='word_1_443' title='bbox 1731 2410 1881 2459; x_wconf 88' lang='lat' dir='ltr'>homo</span> <span class='ocrx_word' id='word_1_444' title='bbox 1909 2413 2096 2469; x_wconf 87' lang='lat' dir='ltr'>tenuis,</span> <span class='ocrx_word' id='word_1_445' title='bbox 2124 2412 2290 2459; x_wconf 86' lang='lat' dir='ltr'>scriba</span> 
     </span>
     <span class='ocr_line' id='line_1_80' title="bbox 1357 2478 2289 2529; baseline -0.001 0"><span class='ocrx_word' id='word_1_446' title='bbox 1357 2480 1640 2529; x_wconf 57' lang='lat' dir='ltr'>aedilicius</span> <span class='ocrx_word' id='word_1_447' title='bbox 1707 2478 1834 2527; x_wconf 89' lang='lat' dir='ltr'>Eum</span> <span class='ocrx_word' id='word_1_448' title='bbox 1857 2478 2032 2529; x_wconf 85' lang='lat' dir='ltr'>Cicero</span> <span class='ocrx_word' id='word_1_449' title='bbox 2061 2478 2289 2529; x_wconf 85' lang='lat' dir='ltr'>defendit</span> 
     </span>
     <span class='ocr_line' id='line_1_81' title="bbox 1357 2546 2286 2613; baseline -0.003 -14"><span class='ocrx_word' id='word_1_450' title='bbox 1357 2548 1496 2613; x_wconf 86' lang='lat' dir='ltr'>apud</span> <span class='ocrx_word' id='word_1_451' title='bbox 1531 2548 1599 2597; x_wconf 89' lang='grc' dir='ltr'><strong>Μ.</strong></span> <span class='ocrx_word' id='word_1_452' title='bbox 1651 2546 1850 2595; x_wconf 87' lang='lat' dir='ltr'>Iunium</span> <span class='ocrx_word' id='word_1_453' title='bbox 1901 2546 1959 2605; x_wconf 87' lang='lat' dir='ltr'>Q.</span> <span class='ocrx_word' id='word_1_454' title='bbox 2002 2546 2286 2598; x_wconf 85' lang='lat' dir='ltr'>Publicium</span> 
     </span>
     <span class='ocr_line' id='line_1_82' title="bbox 1357 2614 2286 2682; baseline -0.001 -16"><span class='ocrx_word' id='word_1_455' title='bbox 1357 2623 1618 2682; x_wconf 85' lang='lat' dir='ltr'>praetores</span> <span class='ocrx_word' id='word_1_456' title='bbox 1669 2623 1719 2665; x_wconf 83' lang='lat' dir='ltr'>et</span> <span class='ocrx_word' id='word_1_457' title='bbox 1763 2614 1832 2665; x_wconf 88' lang='lat' dir='ltr'>M.</span> <span class='ocrx_word' id='word_1_458' title='bbox 1878 2617 2183 2667; x_wconf 86' lang='lat' dir='ltr'>Plaetorium</span> <span class='ocrx_word' id='word_1_459' title='bbox 2233 2616 2286 2666; x_wconf 91' lang='lat' dir='ltr'>C.</span> 
     </span>
     <span class='ocr_line' id='line_1_83' title="bbox 1358 2685 2288 2752; baseline -0.001 -16"><span class='ocrx_word' id='word_1_460' title='bbox 1358 2687 1672 2737; x_wconf 79' lang='lat' dir='ltr'>Flaminium</span> <span class='ocrx_word' id='word_1_461' title='bbox 1701 2685 1897 2735; x_wconf 86' lang='lat' dir='ltr'>aediles</span> <span class='ocrx_word' id='word_1_462' title='bbox 1936 2686 2160 2752; x_wconf 75' lang='lat' dir='ltr'>curuleS,</span> <span class='ocrx_word' id='word_1_463' title='bbox 2197 2702 2288 2751; x_wconf 89' lang='lat' dir='ltr'>pro</span> 
     </span>
     <span class='ocr_line' id='line_1_84' title="bbox 1359 2755 1854 2819; baseline 0 -13"><span class='ocrx_word' id='word_1_464' title='bbox 1359 2756 1586 2807; x_wconf 88' lang='lat' dir='ltr'>Cluentio</span> <span class='ocrx_word' id='word_1_465' title='bbox 1603 2756 1700 2819; x_wconf 88' lang='lat'><strong>45,</strong></span> <span class='ocrx_word' id='word_1_466' title='bbox 1735 2755 1854 2808; x_wconf 89' lang='grc'><strong>126.</strong></span> 
     </span>
    </p>

    <p class='ocr_par' dir='ltr' id='par_1_16' title="bbox 1291 2822 2291 3097">
     <span class='ocr_line' id='line_1_85' title="bbox 1291 2822 2291 2891; baseline -0.001 -15"><span class='ocrx_word' id='word_1_467' title='bbox 1291 2824 1359 2876; x_wconf 89' lang='grc' dir='ltr'><strong>Τ.</strong></span> <span class='ocrx_word' id='word_1_468' title='bbox 1383 2822 1685 2876; x_wconf 80' lang='lat' dir='ltr'>Matrinius</span> <span class='ocrx_word' id='word_1_469' title='bbox 1705 2822 2027 2891; x_wconf 77' lang='lat' dir='ltr'>SpoletinuS,</span> <span class='ocrx_word' id='word_1_470' title='bbox 2062 2842 2192 2876; x_wconf 89' lang='lat' dir='ltr'>unus</span> <span class='ocrx_word' id='word_1_471' title='bbox 2225 2841 2291 2875; x_wconf 85' lang='lat' dir='ltr'>ex</span> 
     </span>
     <span class='ocr_line' id='line_1_86' title="bbox 1355 2894 2291 2960; baseline 0.001 -18"><span class='ocrx_word' id='word_1_472' title='bbox 1355 2894 1448 2960; x_wconf 88' lang='lat' dir='ltr'>iis,</span> <span class='ocrx_word' id='word_1_473' title='bbox 1488 2909 1615 2958; x_wconf 87' lang='lat' dir='ltr'>quos</span> <span class='ocrx_word' id='word_1_474' title='bbox 1659 2894 1713 2949; x_wconf 88' lang='lat' dir='ltr'>C.</span> <span class='ocrx_word' id='word_1_475' title='bbox 1751 2894 1938 2944; x_wconf 85' lang='lat' dir='ltr'>Marius</span> <span class='ocrx_word' id='word_1_476' title='bbox 1967 2898 2168 2945; x_wconf 84' lang='lat' dir='ltr'>civitate</span> <span class='ocrx_word' id='word_1_477' title='bbox 2201 2896 2291 2944; x_wconf 88' lang='lat' dir='ltr'>do-</span> 
     </span>
     <span class='ocr_line' id='line_1_87' title="bbox 1357 2964 2289 3028; baseline -0.001 -16"><span class='ocrx_word' id='word_1_478' title='bbox 1357 2972 1531 3028; x_wconf 89' lang='lat' dir='ltr'>narat,</span> <span class='ocrx_word' id='word_1_479' title='bbox 1567 2971 1837 3028; x_wconf 87' lang='lat' dir='ltr'>propterea</span> <span class='ocrx_word' id='word_1_480' title='bbox 1871 2972 2136 3013; x_wconf 84' lang='lat' dir='ltr'>accusatus</span> <span class='ocrx_word' id='word_1_481' title='bbox 2173 2979 2201 3011; x_wconf 85' lang='lat' dir='ltr'>a</span> <span class='ocrx_word' id='word_1_482' title='bbox 2230 2964 2289 3011; x_wconf 73' lang='lat'>1..</span> 
     </span>
     <span class='ocr_line' id='line_1_88' title="bbox 1361 3032 2120 3097; baseline -0.004 -16"><span class='ocrx_word' id='word_1_483' title='bbox 1361 3034 1598 3096; x_wconf 85' lang='lat' dir='ltr'>Antistio,</span> <span class='ocrx_word' id='word_1_484' title='bbox 1635 3046 1728 3097; x_wconf 88' lang='lat' dir='ltr'>pro</span> <span class='ocrx_word' id='word_1_485' title='bbox 1748 3032 1905 3081; x_wconf 89' lang='lat' dir='ltr'>Balbo</span> <span class='ocrx_word' id='word_1_486' title='bbox 1927 3033 2011 3090; x_wconf 87' lang='grc'>21,</span> <span class='ocrx_word' id='word_1_487' title='bbox 2033 3032 2120 3081; x_wconf 89' lang='grc'>48.</span> 
     </span>
    </p>

    <p class='ocr_par' dir='ltr' id='par_1_17' title="bbox 1287 3097 2290 3366">
     <span class='ocr_line' id='line_1_89' title="bbox 1287 3097 2290 3158; baseline -0.008 -6"><span class='ocrx_word' id='word_1_488' title='bbox 1287 3098 1526 3153; x_wconf 79' lang='lat' dir='ltr'>Matuta.</span> <span class='ocrx_word' id='word_1_489' title='bbox 1582 3102 1668 3149; x_wconf 91' lang='lat' dir='ltr'>Ino</span> <span class='ocrx_word' id='word_1_490' title='bbox 1695 3100 1983 3149; x_wconf 86' lang='lat' dir='ltr'>Leucothea</span> <span class='ocrx_word' id='word_1_491' title='bbox 2011 3114 2041 3149; x_wconf 86' lang='lat' dir='ltr'>a</span> <span class='ocrx_word' id='word_1_492' title='bbox 2069 3097 2290 3158; x_wconf 74' lang='lat' dir='ltr'>GraeciS‚</span> 
     </span>
     <span class='ocr_line' id='line_1_90' title="bbox 1359 3168 2288 3231; baseline -0.006 -12"><span class='ocrx_word' id='word_1_493' title='bbox 1359 3186 1391 3219; x_wconf 87' lang='lat' dir='ltr'>a</span> <span class='ocrx_word' id='word_1_494' title='bbox 1429 3169 1623 3219; x_wconf 87' lang='lat' dir='ltr'>Latinis</span> <span class='ocrx_word' id='word_1_495' title='bbox 1659 3168 1848 3217; x_wconf 85' lang='lat' dir='ltr'>Matuta</span> <span class='ocrx_word' id='word_1_496' title='bbox 1889 3169 2096 3229; x_wconf 88' lang='lat' dir='ltr'>dicitur,</span> <span class='ocrx_word' id='word_1_497' title='bbox 2138 3182 2288 3231; x_wconf 85' lang='lat' dir='ltr'>quum</span> 
     </span>
     <span class='ocr_line' id='line_1_91' title="bbox 1357 3234 2289 3301; baseline -0.006 -14"><span class='ocrx_word' id='word_1_498' title='bbox 1357 3240 1424 3287; x_wconf 85' lang='lat' dir='ltr'>sit</span> <span class='ocrx_word' id='word_1_499' title='bbox 1442 3236 1618 3286; x_wconf 88' lang='lat' dir='ltr'>Cadmi</span> <span class='ocrx_word' id='word_1_500' title='bbox 1635 3236 1758 3295; x_wconf 87' lang='lat' dir='ltr'>filia,</span> <span class='ocrx_word' id='word_1_501' title='bbox 1787 3237 1850 3285; x_wconf 91' lang='lat' dir='ltr'>de</span> <span class='ocrx_word' id='word_1_502' title='bbox 1869 3252 1920 3288; x_wconf 90' lang='lat' dir='ltr'>n.</span> <span class='ocrx_word' id='word_1_503' title='bbox 1943 3237 1990 3286; x_wconf 89' lang='lat' dir='ltr'>d.</span> <span class='ocrx_word' id='word_1_504' title='bbox 2015 3235 2066 3297; x_wconf 86' lang='lat'><strong>3,</strong></span> <span class='ocrx_word' id='word_1_505' title='bbox 2099 3238 2180 3301; x_wconf 88' lang='grc'>19,</span> <span class='ocrx_word' id='word_1_506' title='bbox 2205 3234 2289 3283; x_wconf 88' lang='grc'>48.</span> 
     </span>
     <span class='ocr_line' id='line_1_92' title="bbox 1361 3303 1952 3366; baseline 0 -11"><span class='ocrx_word' id='word_1_507' title='bbox 1361 3306 1426 3355; x_wconf 91' lang='lat' dir='ltr'>cl.</span> <span class='ocrx_word' id='word_1_508' title='bbox 1457 3304 1665 3357; x_wconf 85' lang='lat' dir='ltr'>Tuscul.</span> <span class='ocrx_word' id='word_1_509' title='bbox 1693 3306 1740 3366; x_wconf 86' lang='lat' dir='ltr'>l,</span> <span class='ocrx_word' id='word_1_510' title='bbox 1763 3305 1846 3366; x_wconf 84' lang='grc'>12,</span> <span class='ocrx_word' id='word_1_511' title='bbox 1869 3303 1952 3355; x_wconf 86' lang='grc'>28.</span> 
     </span>
    </p>

    <p class='ocr_par' dir='ltr' id='par_1_18' title="bbox 1289 3370 2270 3507">
     <span class='ocr_line' id='line_1_93' title="bbox 1289 3370 2270 3435; baseline -0.006 -10"><span class='ocrx_word' id='word_1_512' title='bbox 1289 3370 1478 3425; x_wconf 85' lang='lat' dir='ltr'>Mauri</span> <span class='ocrx_word' id='word_1_513' title='bbox 1511 3374 1707 3435; x_wconf 84' lang='lat' dir='ltr'>equites</span> <span class='ocrx_word' id='word_1_514' title='bbox 1745 3374 1796 3421; x_wconf 87' lang='lat' dir='ltr'>in</span> <span class='ocrx_word' id='word_1_515' title='bbox 1834 3376 2058 3425; x_wconf 86' lang='lat' dir='ltr'>exercitu</span> <span class='ocrx_word' id='word_1_516' title='bbox 2095 3372 2158 3428; x_wconf 85' lang='lat' dir='ltr'>M.</span> <span class='ocrx_word' id='word_1_517' title='bbox 2191 3373 2270 3421; x_wconf 87' lang='lat' dir='ltr'>Au</span> 
     </span>
     <span class='ocr_line' id='line_1_94' title="bbox 1357 3440 2033 3507; baseline -0.001 -14"><span class='ocrx_word' id='word_1_518' title='bbox 1357 3444 1505 3503; x_wconf 84' lang='lat' dir='ltr'>tonii,</span> <span class='ocrx_word' id='word_1_519' title='bbox 1531 3441 1597 3491; x_wconf 88' lang='lat' dir='ltr'>ad</span> <span class='ocrx_word' id='word_1_520' title='bbox 1627 3440 1747 3493; x_wconf 80' lang='lat' dir='ltr'>fam.</span> <span class='ocrx_word' id='word_1_521' title='bbox 1775 3441 1853 3501; x_wconf 91' lang='grc'>10,</span> <span class='ocrx_word' id='word_1_522' title='bbox 1873 3442 1958 3507; x_wconf 92' lang='grc'>30,</span> <span class='ocrx_word' id='word_1_523' title='bbox 1982 3442 2033 3494; x_wconf 90' lang='grc'>3.</span> 
     </span>
    </p>
   </div>
  </div>
 </body>
</html>
