2500 3850
248 210 369 272 328

245 378 572 439 Praeneste,
593 374 840 440 oppidum
861 374 993 423 Latii
1015 388 1115 425 non
1135 392 1250 441 pro-

316 448 397 497 cul
457 446 620 495 Roma
643 482 658 503 ,
724 443 876 493 hodie
938 444 1248 495 Palestrina.

315 518 584 565 Praeneste
624 512 836 563 Catilina
875 519 1116 563 nocturno
1156 515 1249 563 im-

313 592 437 649 petu
471 597 721 646 occupare
740 579 924 640 voluit,
958 581 1008 629 in
1028 582 1174 633 Catil.
1199 582 1247 645 1,

313 652 364 713 3,
385 653 435 703 8.
457 679 524 689 —
545 651 678 701 Ludi
695 650 766 699 ibi
785 650 1022 710 instituti,
1058 651 1124 701 ad
1145 652 1248 699 Att.

319 722 400 783 12,
423 719 472 779 2,
493 721 544 772 2.
583 734 677 784 pro
697 717 865 769 Plano.
885 717 972 777 26,
993 718 1084 771 63.

242 784 646 841 Praenestinae
666 795 854 838 sortes:
879 801 1051 836 earum
1072 788 1248 837 inven-

314 868 408 921 tor,
427 867 482 906 ut
499 857 936 907 Praenestinorum
956 871 1248 906 monumen-

313 938 364 976 ta
383 926 668 987 declarant,
689 924 750 973 N.
774 924 1056 989 Suffucius‚
1087 926 1150 975 de
1172 926 1247 975 di·

311 998 413 1045 vin.
434 996 486 1053 2,
507 993 592 1053 41,
618 992 703 1043 85.

241 1059 641 1116 Praenestinus
668 1075 790 1125 ager
820 1060 1053 1125 publicus
1074 1076 1106 1110 a
1122 1076 1250 1125 pau-

312 1133 386 1181 cis
417 1129 800 1194 possidebatur,
835 1129 898 1177 de
928 1128 1042 1193 lege
1063 1143 1173 1194 agr.
1194 1132 1244 1191 2,

310 1199 396 1259 28,
422 1199 507 1251 78.

240 1264 582 1329 Praxiteles,
623 1266 896 1315 statuarius
937 1274 986 1315 et
1025 1266 1251 1332 sculptor

312 1350 444 1387 unus
465 1352 529 1386 ex
547 1334 896 1398 nobilissimiS,
917 1334 1004 1398 qui
1022 1350 1139 1384 cum
1155 1337 1250 1384 Eu-

311 1406 567 1471 phranore
603 1402 802 1469 Olymp.
826 1402 953 1453 CIV.
978 1404 1158 1453 floruit.
1183 1429 1250 1440 -

309 1474 584 1526 Praxitelia
600 1474 793 1537 capita,
819 1472 882 1521 de
901 1472 1054 1522 divin.
1077 1474 1109 1523 2
1123 1509 1138 1535 ‚
1159 1473 1246 1533 21,

311 1544 398 1595 48.
435 1570 504 1580 —
557 1541 773 1591 Brachia
829 1540 1102 1591 Praxitelia
1121 1576 1136 1604 ,
1181 1540 1250 1591 ad

310 1601 435 1661 Her:
451 1612 503 1670 4,
523 1610 574 1666 6,
595 1608 644 1659 9.
666 1635 736 1646 —
756 1610 878 1659 Eius
899 1608 1094 1673 Cupido
1117 1626 1249 1660 mar-

308 1694 510 1729 moreus
530 1678 794 1728 Messanae
812 1678 949 1742 apud
969 1678 1022 1727 C.
1043 1678 1244 1729 Heium:

308 1747 445 1797 idem
479 1745 665 1796 artifex
694 1747 919 1796 eiusdem
940 1748 1077 1796 modi
1098 1745 1248 1811 Cupi-

310 1816 480 1865 dinem
510 1813 630 1865 fecit
663 1815 836 1875 illum,
865 1816 952 1877 qui
982 1822 1058 1865 est
1087 1815 1246 1865 Thes-

309 1884 438 1952 piis,
474 1890 680 1949 propter
712 1898 859 1948 quem
888 1883 1138 1950 Thespiae
1167 1884 1244 1934 vi-

312 1962 518 2013 suntur,
538 1955 682 2003 Verr.
705 1960 926 2004 accusat.
946 1955 1010 2015 4,
1031 1956 1082 2013 2,
1103 1956 1155 2007 4.
1177 1981 1243 1990 --

306 2023 432 2074 Eius
462 2021 659 2087 Cupido
701 2021 1070 2087 pulcherrimus
1105 2022 1244 2087 apud

307 2091 677 2156 Thespienses,
700 2093 773 2143 Ib.
801 2092 852 2150 4,
873 2089 957 2152 60,
983 2090 1100 2142 135.

237 2156 512 2209 Preciana
532 2159 786 2207 hereditas
802 2195 815 2215 ,
843 2159 911 2208 ad
937 2157 1059 2208 fam.
1087 2159 1170 2218 14,
1191 2160 1241 2223 5,

307 2229 356 2276 2.
396 2227 463 2276 ad
483 2227 587 2276 Att.
607 2226 657 2283 6,
679 2227 730 2285 9,
749 2229 799 2277 2.
834 2227 906 2275 lb.
930 2229 979 2290 7,
1003 2227 1052 2286 1,
1073 2225 1124 2276 9.
1155 2235 1160 2240 “

237 2291 400 2348 Preci
406 2309 564 2358 anus,
575 2296 684 2346 iure
698 2295 956 2346 consultus
967 2295 1102 2360 apud
1119 2295 1242 2346 Cae-

305 2379 471 2415 sarem
491 2364 762 2429 gratiosus,
782 2362 1036 2415 Ciceronis
1055 2372 1104 2416 et
1120 2364 1241 2414 Tre-

310 2434 430 2485 batii
457 2435 675 2498 amicuS‚
714 2434 847 2484 circa
875 2449 920 2483 a.
958 2449 1007 2483 u.
1041 2450 1085 2484 c.
1118 2433 1238 2486 700.

303 2504 426 2554 Eius
463 2504 678 2569 epistola
715 2504 782 2553 ad
812 2504 1104 2555 Ciceronem
1121 2541 1134 2566 ,
1175 2503 1244 2553 ad

305 2573 428 2622 fam.
453 2577 502 2633 7,
521 2573 574 2636 8,
599 2576 648 2624 2.

236 2637 299 2692 Ιι.
323 2638 556 2692 Procius
583 2655 738 2702 eques
769 2643 944 2704 Rom.‚
977 2643 1124 2691 Verr.
1157 2655 1241 2690 ac-

307 2717 465 2759 cusat.
495 2709 546 2767 5,
567 2708 651 2766 62,
675 2707 794 2759 161.
828 2708 902 2755 Ib.
925 2708 978 2771 5,
998 2706 1094 2766 65,
1121 2708 1236 2762 168.

233 2773 475 2827 Prelius.
512 2776 578 2822 V.
601 2771 831 2824 Prilius.

233 2841 494 2894 Priamus
523 2841 705 2892 Troiae
725 2856 844 2902 rex,
877 2843 1241 2908 quinquaginta

303 2910 480 2972 habuit
505 2909 640 2960 filios
654 2944 670 2968 ,
705 2924 733 2957 e
753 2909 934 2970 quibus
953 2914 1238 2974 septemde-

303 2981 404 3030 cim
431 2980 566 3030 iusta
599 2992 758 3028 uxore
789 2979 918 3036 nati,
956 2993 1071 3028 eum
1099 2988 1238 3031 tanta

300 3047 544 3114 progenie
564 3047 791 3096 orbatum
805 3082 820 3109 ,
853 3062 1008 3110 quum
1027 3048 1080 3097 in
1099 3063 1236 3099 aram

303 3116 645 3181 confugisset,
663 3115 861 3167 hostilis
881 3131 1060 3168 manus
1085 3117 1236 3168 inter-

303 3186 452 3248 emit,
477 3183 680 3234 Tuscul.
708 3185 735 3236 1
752 3221 767 3244 ,
799 3184 896 3246 35,
927 3185 1012 3238 85.
1039 3212 1105 3222 —
1125 3184 1235 3238 Non

302 3254 432 3304 male
454 3254 524 3304 ait
543 3251 882 3306 Callimachus
911 3261 929 3287 ‘
947 3256 1101 3305 multo
1121 3271 1235 3306 sae-

301 3323 416 3386 pius
462 3323 755 3373 lacrimasse
788 3323 1044 3372 Priamum
1081 3340 1233 3386 quam

299 3389 522 3438 Troilum
539 3393 574 3446 ⁹,
606 3391 812 3440 Tuscul.
839 3390 865 3440 1
881 3427 894 3448 ,
925 3391 992 3442 39
1011 3428 1026 3451 ,
1055 3391 1140 3444 93.
1167 3419 1232 3431 --

775 218 1179 267 PRAENESTE
1203 240 1287 251 -·-
1308 216 1796 265 PROMETHEUS.

1392 372 1667 439 spiciebat,
1691 373 1755 421 de
1776 374 1928 425 divin.
1958 374 1987 424 1
2004 409 2019 430 ,
2046 372 2131 437 39,
2155 374 2246 425 85.
2267 404 2340 419 —-

1388 444 1631 492 Helenum
1683 441 1843 491 filium
1894 449 1943 493 et
1998 442 2341 494 Cassandram

1392 508 1547 561 flliain
1568 511 1853 561 divinantes
1876 511 2101 563 habebat
2120 518 2240 571 etc„
2260 514 2337 561 lb.

1395 581 1421 630 1
1437 617 1453 641 ,
1476 578 1572 639 40,
1607 578 1694 628 89.
1720 608 1781 615 -
1802 580 2141 631 Conturbatus
2174 581 2340 631 Hecu-

1392 651 1488 699 bae
1509 649 1705 699 somnio
1726 650 2079 698 commenticio
2097 686 2111 707 ,
2136 650 2201 699 de
2230 651 2335 703 div.

1393 719 1442 776 1,
1466 718 1551 776 21,
1572 718 1658 768 42.
1696 717 1760 770 cl.
1782 718 1850 767 ib.
1876 720 1927 780 2,
1948 716 1999 778 9,
2020 719 2108 767 22.

1318 784 1525 837 Priene
1541 824 1554 845 ‚
1574 787 1699 835 urbs
1719 787 1887 835 Ioniae
1900 824 1913 850 ,
1938 786 2131 835 Biantis
2149 788 2337 851 patria,

1390 854 1567 919 parad.
1589 854 1639 916 1,
1666 854 1713 915 1,
1733 854 1785 904 8.

1318 920 1533 974 Prilius
1546 960 1561 986 ‚
1586 922 1727 971 lacus
1746 923 1798 973 in
1817 923 2017 973 Etruria
2034 961 2049 985 ,
2078 940 2109 973 e
2128 926 2334 989 regione

1388 992 1527 1042 Ilvae
1564 990 1787 1054 insulae,
1835 992 1988 1042 hodie
2028 992 2333 1057 Castiyh‘one

1390 1062 1527 1111 della
1561 1062 1818 1125 Peseaja,
1853 1076 1944 1125 pro
1972 1061 2076 1110 Mil.
2116 1063 2214 1125 27,
2248 1064 2331 1113 74.

1391 1129 1519 1181 Olim
1530 1129 1733 1178 Precius
1752 1130 1831 1179 vel
1845 1130 2037 1178 Prelius
2048 1129 2329 1194 legebatur.

1318 1195 1623 1249 Privernas
1656 1212 1780 1261 ager
1795 1234 1809 1257 ,
1846 1213 1876 1247 a
1893 1198 2163 1259 Privatae,
2202 1198 2331 1248 Latii

1390 1268 1601 1331 oppid0.
1636 1265 1817 1316 Delata
1846 1267 1912 1315 ad
1940 1264 2189 1316 Senatum
2224 1268 2331 1317 eius

1388 1336 1548 1398 labes,
1574 1350 1729 1397 quum
1748 1336 1813 1383 ad
1830 1334 2077 1385 infinitam
2100 1335 2327 1385 altitudi-

1389 1420 1503 1453 nem
1524 1411 1658 1452 terra
1682 1403 1983 1463 decidisset,
2006 1404 2255 1453 de‘divin.
2280 1406 2325 1464 1,

1387 1472 1473 1532 43,
1492 1474 1580 1525 97.
1620 1472 1683 1521 de
1702 1471 1817 1536 lege
1838 1488 1945 1537 agr.
1973 1474 2025 1533 2,
2047 1473 2133 1531 25,
2152 1472 2241 1525 66.
2263 1499 2327 1509 -

1386 1541 1658 1590 Privernas
1707 1540 1893 1591 fundus
1932 1541 2001 1593 M.
2036 1540 2186 1590 Bruti
2220 1542 2323 1591 iure

1388 1610 1635 1667 consulti,
1654 1609 1717 1659 de
1736 1618 1864 1659 orat.
1887 1609 1945 1669 2,
1972 1612 2056 1668 55,
2076 1610 2200 1663 224.
2234 1624 2323 1675 pro

1389 1678 1585 1728 cluent.
1605 1678 1693 1738 51,
1719 1679 1835 1729 141.

1316 1744 1631 1809 Procilius,
1672 1746 1945 1797 historicus
1979 1747 2227 1807 Latinus,
2260 1746 2325 1795 ad

1384 1816 1491 1865 Att.
1515 1818 1565 1879 2,
1584 1817 1635 1873 2,
1656 1816 1709 1865 2.

1316 1881 1617 1935 Procilius.
1648 1882 1722 1934 De
1740 1882 1956 1934 Procilio
1977 1898 2209 1934 rumores
2227 1898 2323 1934 non

1381 1955 1505 2013 boni
1532 1969 1578 2003 a.
1598 1969 1649 2002 ιι.
1673 1969 1718 2006 c.
1740 1951 1861 2005 700.
1882 1988 1895 2011 ,
1924 1954 1991 2002 ad
2012 1953 2121 2004 Att.
2143 1956 2179 2004 4
2196 1990 2210 2014 ,
2238 1953 2317 2013 16,

1384 2022 1437 2073 5.
1458 2052 1527 2062 -—
1544 2023 1607 2070 Α.
1634 2021 1695 2070 D.
1716 2021 1801 2071 111.
1828 2020 1955 2070 Non.
1982 2022 2155 2080 Quint.
2180 2022 2252 2086 (a.
2270 2039 2318 2070 u.

1383 2107 1429 2142 c.
1454 2088 1607 2154 700.)
1634 2089 1851 2140 Sufenas
1870 2098 1919 2138 et
1941 2088 2063 2142 Cato
2084 2090 2322 2152 absoluti,

1381 2158 1630 2210 Procilius
1650 2158 2039 2224 condemnatus,
2062 2159 2138 2212 Ib.
2163 2161 2218 2223 4,
2242 2159 2319 2218 15,

1383 2231 1435 2281 4.
1470 2253 1539 2264 -
1566 2227 1875 2278 Memoratur
1898 2229 2053 2278 etiam
2076 2229 2147 2278 ad
2175 2228 2236 2287 Q.
2258 2227 2319 2277 fr.

1384 2299 1435 2357 2,
1456 2296 1490 2348 6
1508 2295 1612 2360 (8),
1635 2298 1683 2348 1.

1312 2363 1545 2416 Procles
1575 2373 1625 2414 et
1654 2365 2025 2430 Eurystheu-es,
2064 2365 2297 2416 Lacedae

1385 2435 1667 2484 monierum
1690 2449 1841 2498 reges
1855 2471 1871 2494 ,
1899 2433 2092 2499 gemini
2119 2433 2317 2499 fratres,

1382 2504 1446 2553 de
1472 2502 1631 2552 divin.
1652 2503 1706 2564 2,
1732 2501 1819 2559 43,
1836 2501 1923 2552 91.

1313 2571 1587 2623 Proculus
1608 2568 1806 2622 Iulius.
1846 2571 1969 2622 Eius
2001 2572 2223 2622 nuncius
2258 2573 2315 2622 de

1381 2639 1595 2690 Romulo
1627 2641 1680 2689 in
1713 2638 1908 2690 caelum
1926 2645 2165 2704 recepto,
2195 2640 2259 2690 de
2275 2656 2313 2694 r.

1381 2725 1435 2774 p.
1457 2711 1507 2766 2,
1533 2707 1616 2772 10,
1637 2708 1725 2759 20.
1762 2709 1825 2758 de
1844 2709 1945 2773 leg.
1974 2709 2023 2768 1,
2048 2709 2099 2771 l,
2126 2707 2180 2758 3.

1310 2776 1570 2844 Procyon
1584 2813 1598 2839 ‚
1628 2777 1809 2826 Latine
1828 2778 2137 2826 Anteeanem
2150 2813 2167 2838 ,
2190 2777 2257 2828 de
2270 2793 2313 2827 n.

1380 2847 1429 2896 d.
1452 2847 1504 2906 2,
1535 2848 1622 2910 44,
1646 2846 1765 2897 114.
1802 2847 1941 2894 Atat.
1964 2861 2014 2894 v.
2033 2845 2159 2896 466.

1309 2910 1601 2965 Prodicus.
1614 2941 1678 2950 ——
1690 2915 1936 2964 Prodicus
1946 2913 2078 2964 Ceus
2100 2929 2179 2979 ea,
2194 2929 2315 2977 quae

1374 2983 1675 3048 prodessent
1709 2982 1973 3033 hominum
2000 2984 2165 3047 vitae,
2201 2983 2317 3032 deo·

1376 3067 1488 3102 rum
1508 3052 1558 3100 'tn
1581 3067 1789 3103 numero
1809 3051 1985 3101 habita
2018 3065 2135 3102 esse
2168 3051 2315 3110 dixit,

1378 3121 1442 3171 de
1463 3136 1515 3170 n.
1544 3120 1596 3172 d.
1630 3120 1687 3181 1,
1714 3122 1810 3179 42,
1840 3120 1959 3171 118.
1978 3145 2051 3157 -
2069 3119 2318 3170 Prodicus

1304 3213 1310 3218 ⁴⁴
1374 3189 1662 3251 caeterique
1680 3187 1939 3254 sophistae
1954 3203 1985 3238 a
1996 3187 2212 3238 Socrate
2224 3190 2315 3236 im-

1375 3259 1603 3322 pugnati,
1622 3257 1759 3306 Brut.
1780 3256 1829 3314 8,
1848 3256 1937 3308 30.
1973 3255 2042 3306 cf.
2066 3257 2213 3306 Brut.
2231 3255 2315 3319 85,

1372 3324 1491 3376 292.
1513 3325 1578 3374 de
1598 3335 1724 3376 orat.
1745 3325 1795 3383 3,
1814 3324 1901 3386 32,
1924 3324 2042 3376 128.
2074 3327 2145 3378 V.
2166 3323 2317 3376 Her-

1373 3391 1525 3442 cules
1552 3391 1869 3444 Prodicius.

300 3456 528 3508 Priamus
555 3461 758 3524 sapiens
787 3460 959 3511 futura
980 3473 1080 3509 non
1113 3473 1230 3523 pro·
1303 3457 1677 3511 Prometheus
1693 3498 1707 3523 ,
1741 3462 1903 3524 Iapeti
1924 3467 1973 3510 et
1992 3461 2151 3511 Asiae
2170 3475 2313 3523 nym-
2367 3467 2371 3474 '
