2500 3850
209 174 331 234 294
843 182 1155 229 Pnoncrs
1192 204 1264 211 —
1298 182 1369 227 M.
1403 179 1649 227 prmus

204 339 461 406 Phorcys
476 374 491 401 ,
516 339 637 388 deus
658 339 882 387 marinus
896 374 910 399 ‚
933 353 995 387 ex
1015 336 1211 387 Oceano

276 409 605 470 Salaciaque,
632 409 759 456 Tim.
791 408 869 457 11.

206 475 496 528 Phormio.
518 504 588 513 —-
607 474 726 526 Sex.
749 475 952 525 Clodius
969 512 983 536 ‚
1016 476 1094 523 cui
1121 488 1211 523 no-

276 562 390 597 men
410 555 487 596 est
500 546 752 606 Phormio,
775 561 867 595 nec
884 546 1051 593 minus
1067 546 1213 608 niger

274 632 368 667 nee
402 618 567 665 minus
604 615 889 675 confidenS,
932 628 1083 675 quam
1123 612 1213 662 ille

276 686 609 736 Terentianus
659 694 735 734 est
787 683 1023 733 Phormio
1041 720 1053 740 ,
1118 697 1210 747 pro

276 756 425 805 Gaec.
453 754 530 812 10,
549 755 635 807 27.
673 753 897 817 Philipp.
922 754 971 814 2,
993 752 1042 811 6,
1068 751 1150 803 15.

204 821 475 874 Phormio
500 824 861 887 Peripateticus
891 836 1057 871 coram
1080 820 1210 869 Han-

274 894 442 943 nibale
463 895 629 957 inepte
654 894 717 941 de
750 892 887 941 omni
920 906 974 938 re
1004 889 1213 938 militari

276 963 606 1021 declamavit,
640 962 702 1010 de
734 965 857 1011 orat.
899 962 959 1018 2,
994 959 1087 1017 18,
1123 960 1207 1007 75.

274 1056 339 1065 ——
362 1030 485 1079 Hinc
503 1028 830 1078 Phormiones
852 1028 1099 1083 dicuntur,
1126 1028 1213 1088 qui

273 1099 336 1147 ‹1e
384 1114 439 1146 re
479 1098 797 1161 praecipiunt
844 1103 892 1143 et
938 1095 1209 1153 disserunt,

273 1181 423 1227 quam
446 1180 545 1215 non
576 1165 886 1231 intelligunt,
920 1164 994 1213 lb.
1032 1166 1095 1227 2,
1130 1163 1211 1223 19,

210 1292 619 1371 Φωσφόρος,
646 1303 791 1353 stella
809 1303 1043 1363 VeneriS,
1070 1303 1131 1352 de
1160 1318 1209 1355 n.

275 1374 323 1422 d.
348 1376 397 1433 2,
419 1373 501 1433 20,
523 1373 611 1425 53.

205 1441 465 1511 Phryges
510 1451 557 1492 et
604 1442 804 1492 Pisidae
845 1452 893 1493 et
938 1442 1123 1493 Cilices
1164 1449 1213 1491 et

276 1514 499 1561 Arabum
533 1513 667 1560 natio
690 1514 859 1562 avium
883 1511 1211 1578 significatio-

269 1582 424 1647 ¹nibus
444 1581 720 1644 plurimum
748 1582 1118 1646 obtemperant,
1150 1582 1210 1629 de

274 1650 431 1697 divin.
458 1648 505 1706 1,
526 1649 611 1708 41,
634 1647 700 1697 92
724 1657 772 1697 et
792 1648 875 1699 94.
896 1675 967 1687 —
986 1649 1211 1714 Phryges

274 1716 543 1781 augurium
563 1717 806 1777 retinent,
834 1718 898 1767 de
916 1718 1015 1783 leg.
1040 1721 1100 1781 2,
1126 1718 1206 1778 13,

274 1783 359 1835 33.
382 1812 453 1823 —-
471 1785 795 1836 Proverbium
820 1786 1070 1851 Phrygem
1097 1788 1209 1852 pla-

204 1856 209 1861 “
272 1855 350 1919 gis
374 1853 485 1903 fieri
505 1854 758 1905 meliorem
776 1893 790 1920 ,
814 1870 906 1919 pro
926 1856 1101 1905 Flacco
1123 1857 1206 1920 27,

273 1923 355 1975 65.
394 1951 464 1962 -—
492 1922 719 1990 Phryges
760 1928 1087 1992 contemptim
1120 1942 1208 1992 ap-

269 1993 521 2110 pegantur
546 2010 639 2060 pro
663 1995 839 2046 Flacco
862 1999 913 2058 2,
936 1997 986 2047 3.
1025 1998 1097 2050 lb.
1120 1995 1204 2060 40,

200 2128 459 2196 Phrygia
482 2129 755 2195 epictetus
770 2169 783 2196 ,
804 2133 1051 2200 Phrygia,
1079 2149 1205 2196 quae

266 2201 435 2264 paruit
456 2199 667 2249 Eumeni
682 2201 917 2268 Pergami
935 2204 1063 2267 regi,
1088 2211 1206 2266 post

273 2269 538 2332 RomaniS,
562 2271 627 2318 ad
650 2269 769 2322 fam.
794 2271 843 2332 3,
868 2270 948 2337 10,
974 2271 1024 2322 6.

196 2334 451 2404 Phrygio
492 2336 826 2405 Pompeius,
870 2341 1019 2390 homo
1066 2339 1202 2390 locu-

265 2407 405 2470 pleS‚
430 2409 493 2457 de
514 2416 639 2462 orat.
665 2411 714 2470 2,
738 2409 819 2475 70,
849 2407 968 2461 283.

1352 336 1466 385 Nilo
1497 342 1672 397 natue,
1708 350 1856 397 quem
1885 337 2148 385 custodem
2179 332 2294 387 esse

1351 406 1576 469 Aegypti
1596 403 1788 464 volunt,
1810 405 1936 453 den.
1953 405 2001 454 (1.
2023 405 2074 465 3,
2091 406 2181 467 22,
2207 406 2290 457 55.

1283 471 1524 537 Phthia,
1567 481 1719 538 caput
1757 473 2088 536 Phthiotidis,
2131 473 2294 523 Thes-

1353 544 1512 591 saliae
1539 545 1723 606 partiS,
1755 544 1918 607 patria
1950 542 2196 601 Achillis,
2233 545 2292 593 de

1353 613 1511 661 divin.
1539 611 1728 675 1,”25,
1755 613 1839 663 52.
1859 638 1928 647 -
1945 611 2185 662 Phthiota
2219 613 2291 661 in-

1352 681 1492 731 colae
1511 681 1620 730 eius
1638 681 1794 739 urbis,
1807 680 2015 734 Tuscul.
2037 682 2084 745 1,
2104 682 2186 741 10,
2201 682 2284 731 21.

1282 749 1641 818 Phylarchus
1675 749 1772 799 Cen
1782 752 1874 799 turi
1881 753 2060 815 pium,
2101 750 2292 815 spolia·

1351 829 1432 868 tus
1457 836 1486 868 a
1512 818 1564 873 C.
1587 822 1772 883 Verre,
1808 821 1952 870 Verr.
1979 829 2202 872 accusat.
2237 823 2284 877 4,

1355 890 1438 945 12,
1461 890 1544 940 29.
1583 890 1654 937 Ib.
1678 892 1728 950 4,
1751 889 1838 950 23,
1859 889 1946 939 50.

1283 956 1640 1023 Phylarchus
1663 957 1992 1019 HaluntinuS,
2021 958 2174 1008 homo
2203 974 2288 1009 no-

1351 1027 1472 1076 bilis
1489 1064 1502 1086 ,
1549 1037 1732 1093 captus
1775 1043 1806 1076 a
1845 1029 2188 1091 praedonibus
2205 1067 2218 1089 ‚
2260 1043 2288 1076 a

1351 1097 1690 1146 Locrensibus
1728 1103 1905 1161 postea
1935 1097 2142 1161 publice
2178 1098 2286 1145 red-

1353 1172 1592 1285 ῗζιῑὲυὲὃ
1603 1166 1746 1285 Vlezrg.
1777 1173 1995 1219 accusat.
2019 1166 2072 1225 5,
2095 1166 2179 1230 35,
2202 1165 2280 1216 91.

1282 1271 1536 1371 Physic'i,
1558 1273 1611 1352 id
1632 1312 1725 1365 est,
1747 1304 2042 1369 philosophi
2061 1313 2176 1354 ante
2198 1302 2282 1353 So-

1353 1381 1565 1433 cratem,
1597 1374 1660 1423 de
1683 1380 1804 1423 orat.
1832 1374 1880 1433 1,
1906 1373 1985 1431 10,
2005 1376 2092 1424 42.
2128 1374 2279 1423 Aead.

1351 1458 1428 1507 pr.
1449 1444 1501 1501 2,
1525 1443 1573 1499 5,
1599 1443 1680 1492 14.
1719 1444 1783 1491 V.
1806 1440 2193 1507 Empedocles.

1287 1508 1602 1571 Φυσικοὶ,
1631 1510 1836 1577 physici
1865 1512 2190 1578 philosophi,
2225 1512 2282 1561 de

1353 1587 1478 1629 orat.
1511 1582 1559 1639 1,
1582 1580 1666 1640 50,
1688 1581 1805 1631 217.

1280 1648 1481 1700 Picens
1504 1664 1624 1713 ager
1641 1650 1693 1697 in
1712 1649 1884 1711 ltalia,
1909 1648 2149 1699 Umbriae
2172 1665 2281 1699 con-

1349 1720 1466 1769 finis
1483 1756 1497 1779 ,
1534 1720 1596 1768 de
1615 1732 1723 1767 sen.
1747 1720 1778 1767 4
1795 1754 1809 1783 ,
1835 1717 1913 1767 11.
1960 1718 2095 1767 Idem
2120 1717 2281 1768 Pice-

1347 1804 1452 1838 nus
1475 1803 1614 1855 ager.

1279 1854 1558 1908 Picentes.
1573 1857 1654 1906 Ad
1668 1872 1753 1907 eos
1763 1858 2012 1921 pertinent
2025 1857 2279 1911 Asculani,

1348 1942 1437 1991 pro
1459 1927 1598 1977 Sulla
1615 1927 1668 1990 8,
1679 1928 1763 1978 25.
1786 1929 1848 1976 V.
1870 1925 2124 1977 Gallicus
2143 1943 2281 1994 ager.

1279 1995 1546 2047 Picenum
1565 2034 1578 2060 ,
1600 1997 1664 2046 ad
1686 1999 1788 2046 Au.
1812 1998 1862 2056 7,
1881 1996 1966 2059 21,
1989 1998 2036 2046 2.

1276 2063 1513 2117 Picenus
1537 2075 1584 2115 et
1604 2065 1824 2116 Gallicus
1855 2081 2000 2130 ager,
2033 2065 2176 2115 Brut.
2200 2068 2278 2125 14,

1347 2136 1430 2185 57.
1473 2137 1535 2184 de
1557 2136 1642 2188 off.
1667 2134 1715 2196 3,
1744 2134 1823 2196 18,
1853 2135 1936 2184 74.

1275 2201 1494 2254 Pierus.
1531 2233 1600 2241 —
1636 2205 1833 2253 Tertiae
1877 2203 2052 2251 Musae
2101 2217 2284 2250 novem

1343 2275 1488 2323 Piero
1511 2281 1657 2322 natae
1679 2282 1724 2322 et
1747 2273 1994 2335 Antiopa,
2023 2286 2148 2332 quas
2171 2271 2286 2320 Pie-

1343 2343 1480 2391 ridas
1502 2351 1550 2392 et
1568 2343 1757 2391 Pierias
1789 2341 1949 2390 solent
1963 2343 2160 2405 epoetae
2193 2355 2283 2404 ap-

1341 2411 1562 2474 pellare,
1587 2412 1648 2461 de
1671 2427 1719 2460 n.
1747 2413 1799 2460 (1.
1819 2409 1869 2469 3,
1893 2410 1977 2472 21,
2000 2409 2086 2458 54.

194 2473 500 2542 Phrygius.
557 2478 808 2545 Phrygiae
847 2479 1039 2529 litterae
1083 2477 1201 2528 con'-
1270 2477 1465 2530 Pietas
1497 2481 1618 2540 dea,
1648 2481 1757 2529 eius
1789 2478 1982 2538 cultus,
2017 2477 2080 2526 de
2101 2477 2201 2544 leg.
2228 2479 2278 2535 2,

264 2546 483 2608 scriptae
510 2548 571 2596 ab
598 2548 806 2598 Hercule
830 2548 1012 2612 altero,
1052 2549 1113 2598 de
1145 2563 1193 2600 n.

263 2614 311 2661 d.
336 2611 388 2672 3,
416 2614 498 2675 16,
520 2616 603 2666 42.
630 2643 696 2653 -
714 2617 949 2681 Phrygiis
970 2619 1197 2667 cantibus

259 2695 359 2728 non
384 2681 505 2729 nulli
544 2683 837 2742 incitantur,
868 2687 929 2734 de
964 2687 1120 2735 divin.
1150 2687 1195 2745 1,

1338 2549 1390 2609 8,
1415 2549 1496 2600 19.
1524 2550 1595 2598 lb.
1621 2550 1670 2610 2,
1695 2548 1776 2609 11,
1801 2547 1884 2597 28.
1901 2573 1965 2583 -—
1983 2548 2106 2595 Eius
2125 2547 2280 2596 aedes

1337 2617 1528 2668 Romae
1549 2618 1646 2667 icta
1679 2633 1706 2665 e
1741 2616 1929 2680 caelo,¹
1949 2616 2012 2665 de
2043 2616 2203 2664 divin.
2229 2615 2276 2674 1,

1337 2686 1422 2750 43,
1443 2685 1528 2737 98.

260 2747 347 2807 50,
370 2748 825 2817 114.-——Phrygiae
846 2756 1087 2802 orationis
1106 2769 1195 2818 ge·
1266 2751 1444 2817 Pilia,
1470 2755 1622 2803 Attici
1649 2769 1778 2804 uxor
1794 2791 1806 2810 ‚
1833 2753 1898 2802 ad
1918 2755 2021 2802 Att.
2045 2754 2096 2812 4,
2121 2753 2202 2818 16,
2223 2754 2274 2801 4.

259 2830 380 2878 nus,
411 2825 534 2866 orat.
567 2817 629 2878 8,
663 2820 747 2868 24.
787 2820 857 2868 Ib.
894 2821 981 2882 18,
1016 2822 1099 2872 57.
1126 2849 1197 2858 —-

257 2884 534 2951 Phrygium
564 2887 779 2950 ferrum,
807 2889 857 2936 id
891 2896 992 2950 est,
1019 2892 1194 2940 Troia-

258 2969 405 3018 num,
450 2957 542 3006 sed
576 2957 896 3007 scribendum
940 2966 1015 3007 est
1059 2959 1194 3008 Bru-

250 3025 407 3087 ffl‘um,
446 3027 495 3074 in
532 3039 683 3076 versu
724 3026 893 3087 Ennii,
934 3041 1027 3092 pro
1065 3027 1187 3076 Sex,

258 3091 405 3141 Rosc.
429 3093 513 3157 32,
538 3093 623 3145 89.

1335 2824 1410 2872 Ib.
1431 2826 1481 2882 4,
1500 2823 1584 2882 46,
1607 2827 1653 2874 2.
1671 2849 1736 2858 —-
1752 2822 1874 2870 Eius
1894 2821 2110 2886 epistola
2128 2821 2278 2870 valde

1334 2895 1525 2955 scripta
1555 2899 1630 2940 est
1651 2889 1994 2954 συμπαθῶς,
2017 2891 2091 2940 lb.
2115 2891 2167 2950 5,
2191 2889 2272 2947 11,

1332 2963 1380 3010 7.
1422 2961 1496 3012 Ib.
1520 2962 1569 3022 6,
1599 2961 1648 3021 1,
1669 2961 1753 3010 22.
1782 2988 1852 2995 —-
1871 2959 1994 3008 Eius
2012 2959 2282 3016 valetudo,

1335 3029 1407 3080 lb.
1428 3031 1492 3089 ¹7,
1523 3030 1584 3089 5,
1618 3028 1665 3078 1.
1695 3057 1763 3065 —-
1802 3028 1930 3077 Pilia
1958 3021 2278 3092 πειράζεται

1335 3091 1674 3159 παραλύσει,
1705 3099 1775 3146 Ib.
1805 3096 1886 3158 16,
1914 3099 1963 3154 7,
1985 3097 2035 3148 8.

184 3156 406 3226 Phryx,
434 3172 555 3212 orat.
577 3164 638 3225 8,
674 3165 757 3213 27.
796 3165 859 3215 V.
882 3162 1098 3230 Mysus.
1122 3192 1191 3200 —
1261 3164 1339 3216 M.
1374 3164 1588 3231 Pilius,
1619 3167 1938 3216 necessarius
1973 3166 2163 3226 Attici,
2203 3163 2274 3212 Μ.

253 3229 417 3294 Phryx
440 3231 623 3292 aliquis
644 3240 728 3280 aut
746 3233 950 3297 Lycaon
968 3270 980 3292 ,
1016 3233 1079 3282 de
1099 3233 1189 3282 ho-

253 3299 387 3344 mine
418 3297 549 3346 futili
568 3307 616 3346 et
638 3309 925 3366 contempto
942 3339 956 3362 ,
980 3303 1045 3352 ad
1065 3302 1185 3351 fam.

252 3362 437 3424 30.1o‚
468 3364 547 3414 10.

175 3426 399 3480 ‘Phthas
459 3433 569 3480 sive
624 3435 875 3486 Vulcanus
930 3440 1185 3486 secundus

1331 3233 1605 3285 Servilium
1633 3236 1694 3284 de
1715 3235 1948 3299 pecuniis
1977 3232 2276 3297 repetundis

1330 3305 1605 3366 postulavit
1632 3319 1678 3352 a.
1701 3319 1753 3354 u.
1777 3320 1818 3352 c.
1851 3301 1970 3354 703.
1992 3339 2007 3362 ,
2046 3302 2180 3352 Cael.
2207 3301 2276 3349 ad

1330 3371 1451 3420 fam.
1472 3371 1523 3431 8,
1545 3371 1595 3429 8,
1617 3373 1669 3424 2.
1710 3371 2014 3421 Memoratur
2035 3373 2190 3420 etiam
2207 3369 2273 3418 ad

1327 3439 1435 3487 An.
1462 3438 1544 3498 13,
1575 3438 1658 3502 31,
1681 3441 1732 3488 4.
1831 3469 1834 3473 -
