2500 3850
154 169 271 227 172
730 179 1126 228 HERMIPPUS
1158 178 1241 214 -“-
1275 179 1644 228 HESIODUS.
1711 215 1716 220 .

217 341 379 398 roni8‚
412 341 477 390 ad
508 340 628 389 fam.
656 338 748 400 16,
788 339 876 397 15,
912 339 965 388 2.
1005 342 1070 391 ad
1090 339 1149 398 Q.
1225 335 1512 398 Hel-odeo,
1533 337 1689 386 Attici
1709 336 1948 396 libertus,
1972 335 2036 385 ad
2053 338 2158 390 Att.
2183 337 2236 396 6,

220 411 281 458 fr.
312 412 357 472 1,
382 411 435 470 2,
454 411 505 459 4.
528 411 578 471 S.
603 409 684 459 12.

1299 407 1346 468 1,
1370 405 1453 455 25.
1481 406 1547 454 cf.
1571 407 1636 455 ab.
1662 406 1742 466 14,
1771 407 1850 470 ts,
1871 406 1923 453 4.
1963 405 2044 466 15,
2069 406 2157 469 27,
2181 405 2235 457 3.

145 476 517 544 Hermippus,
553 479 751 542 legatus
790 478 1151 540 Temnitarum,
1223 473 1567 533 Herodotus.
1627 475 1752 524 Eius
1803 475 2118 534 eloquentia,
2171 476 2238 524 de

216 548 495 597 iudicatum
531 547 673 596 duxit
704 546 1016 596 Heraclidem
1056 551 1148 598 Te-

215 617 452 672 mnitam,
496 630 587 679 pro
632 616 809 666 Flacco
840 615 931 675 19,
969 617 1054 670 45.
1084 645 1153 654 -

214 686 427 734 Amicus
460 693 507 733 et
535 684 725 750 hospes
757 684 1041 749 Ciceronis,
1077 688 1148 738 ΙΙ).

104 779 111 786 ·
144 753 504 888 Hgghillffpus,
528 823 765 887 princeps
793 809 1150 888 Dionysopoli-

214 903 377 941 tarum
400 893 451 940 in
472 891 693 958 Phrygia
707 928 721 952 ,
761 892 826 941 ad
846 892 906 950 Q.
928 892 991 941 fr.
1016 892 1042 942 1
1058 928 1075 956 ,
1096 894 1147 952 2,

142 962 564 1091 ngrgoffservus
578 1029 888 1078 centurionis
901 991 1147 1094 (lanuleii,

214 1099 282 1146 ad·
304 1099 406 1145 Au.
430 1097 481 1160 5,
503 1097 586 1154 21,
605 1098 657 1147 4.

142 1164 488 1214 Hermobius
510 1166 764 1214 Temnites
786 1203 799 1224 ,
832 1169 977 1216 testis
1011 1169 1063 1216 in
1086 1168 1144 1218 L.

213 1235 443 1283 Flaccum
458 1269 472 1297 ,
496 1248 588 1299 pro
608 1234 790 1285 Flacco
814 1234 895 1299 18,
916 1236 1002 1288 43.

141 1317 524 1369 Hermodorus
544 1320 783 1384 princeps
809 1320 1144 1384 Ephesiorum

211 1403 238 1435 a
260 1388 457 1438 civibus
495 1396 703 1454 propter
736 1390 845 1438 eius
887 1399 1149 1454 praestan-

212 1457 333 1504 tiam
353 1457 620 1521 expulsuS,
634 1457 835 1510 Tuscul.
855 1459 905 1518 5,
922 1457 1008 1521 36,
1025 1459 1141 1511 105.

144 1541 549 1593 Hermodorus.
587 1544 844 1594 ‘Placetne
869 1546 961 1594 tibi
992 1546 1147 1595 libros

212 1613 274 1660 de
290 1612 475 1660 finEbus
494 1613 645 1661 edere
662 1613 858 1662 iniussu
876 1615 1022 1662 meo?
1042 1615 1147 1664 Hoc

214 1695 273 1728 ne
301 1679 642 1730 Hermodorus
676 1682 879 1742 quidem
913 1681 1145 1741 faciebat,

214 1751 284 1807 ie,
320 1749 405 1809 qui
431 1749 655 1797 Platonis
678 1749 835 1798 libros
859 1749 1037 1799 solitus
1071 1760 1149 1800 est

210 1816 503 1881 divulgare,
539 1833 601 1866 ex
622 1833 719 1880 quo
746 1809 999 1881 λόγοισιν
1024 1809 1146 1882 Ἐρ-

209 1875 1141 1951 μόὸωρος(ἑμπορεῦεται)’,(ιᾱΑῑῑ.
1184 1939 1191 1945 ,

140 1952 527 2073 Ηέἓῐὶιίίῖἰόἷὶιε
570 2020 877 2075 Salaminius
916 2024 1143 2084 illustriS,

209 2093 465 2195 navalium
490 2091 823 2156 architectus,
850 2094 911 2143 de
938 2101 1064 2143 orat.
1095 2094 1142 2156 l,

136 2158 524 2295 Helghggenes
542 2209 570 2291 ,ι
616 2205 871 2279 Ciceronis
929 2231 1141 2301 debitor,

208 2298 273 2346 ad
296 2298 396 2346 Aa.
424 2298 505 2356 12,
530 2298 613 2359 25,
645 2297 690 2346 1.
726 2300 798 2348 lb.
828 2300 907 2359 12,
936 2300 1022 2360 30,
1044 2301 1093 2349 2.

137 2378 521 2449 Hermogenes
553 2379 813 2446 Clodius,
850 2383 1059 2433 libertus
1094 2398 1139 2431 a.

207 2467 256 2503 u.
284 2467 327 2504 c.
353 2450 502 2513 709„
532 2451 598 2500 ad
618 2455 720 2500 Att.
750 2452 829 2512 13,
848 2454 932 2502 24.

134 2532 398 2598 Hernici,
420 2536 553 2591 Latii,
572 2537 779 2601 populi,
812 2539 860 2586 in
889 2538 1141 2587 civitatem

1297 552 1421 594 orat.
1441 544 1493 602 2,
1518 543 1598 600 13,
1619 543 1704 593 55.
1730 569 1801 580 -—
1821 541 1958 592 Nihil
1978 543 2236 594 Herodoto

1292 612 1520 672 dulcius,
1550 612 1738 677 fragm.
1767 627 1820 677 p.
1851 611 1966 664 287.
1985 637 2058 650 -—-
2077 611 2233 660 Hero-

1295 683 1444 732 dotus
1461 689 1510 729 et
1527 682 1704 730 eadem
1727 681 2060 746 superiorque
2090 691 2236 730 aetas

1292 763 1501 800 numero
1523 751 1686 799 caruit
1703 751 1804 798 nisi
1823 749 2024 812 quando
2045 757 2234 799 temere

1291 835 1350 870 ac
1369 819 1592 881 fortuito,
1615 826 1740 869 orat.
1759 819 1846 878 55,
1868 817 1982 873 186.
1995 845 2063 854 --
2077 818 2236 867 Hero-

1290 890 1438 940 dotus
1465 887 1889 953 Thucydidesque
1931 886 2233 951 longissime

1289 973 1320 1006 a
1354 956 1696 1023 sophistarum
1719 957 1916 1005 deliciis
1952 955 2031 1008 vel
2058 952 2251 1020 potius'-

1288 1027 1495 1092 ineptiis
1541 1025 1790 1074 afuerunt.
1836 1050 1904 1062 —-
1945 1024 2234 1074 Herodotus

1287 1096 1400 1144 sine
1437 1095 1554 1142 ullis
1591 1094 1802 1144 salebris
1839 1093 1986 1156 qnasi
2021 1093 2232 1142 sedatus

1289 1165 1453 1213 amnis
1473 1163 1610 1224 fluit,
1638 1171 1768 1212 orat.
1803 1163 1894 1220 12,
1929 1160 2013 1211 39.
2046 1189 2110 1198 --
2131 1163 2230 1210 He-

1289 1233 1502 1282 rodotus
1526 1240 1575 1280 et
1593 1231 1916 1296 Thucydides
1940 1232 1982 1278 si
2004 1238 2118 1294 apte
2138 1245 2233 1280 nu-

1289 1315 1586 1362 meroseque
1619 1300 1880 1354 dixerunt,
1913 1313 1973 1347 ea
2003 1312 2100 1348 non
2133 1313 2235 1346 nu—

1288 1384 1427 1419 mero
1446 1368 1676 1430 quaesito
1689 1405 1704 1428 ,
1725 1369 1818 1416 sed
1837 1369 2100 1416 verborum
2124 1369 2232 1416 col-

1290 1439 1534 1487 locatione
1592 1437 1882 1486 ceciderunt
1899 1471 1912 1492 ‚
1963 1444 2091 1496 orat.
2138 1436 2229 1496 65,

1290 1507 1411 1558 219.
1432 1531 1498 1541 -—
1519 1506 1672 1570 Apud
1691 1505 1996 1554 herodotum
2020 1513 2070 1553 et
2088 1508 2230 1568 apud

1290 1577 1674 1640 Theopompum
1695 1572 2088 1622 innumerabiles
2109 1583 2231 1631 sunt

1289 1644 1523 1702 fabulae,
1546 1644 1609 1692 de
1628 1643 1728 1708 leg.
1754 1643 1780 1692 1
1799 1680 1813 1703 ,
1839 1643 1863 1692 1
1879 1677 1893 1702 ,
1917 1643 1966 1691 5.
1987 1669 2053 1678 —-
2075 1643 2229 1693 Hero-

1289 1713 1438 1762 dotus
1459 1726 1559 1760 non
1578 1713 1808 1761 veracior
1830 1712 1989 1760 Ennio
2005 1747 2024 1773 ,
2059 1711 2122 1760 de
2145 1712 2228 1760 di·-

1288 1783 1391 1831 vin.
1414 1783 1444 1829 2
1461 1817 1476 1841 ,
1508 1779 1574 1831 56
1591 1816 1606 1840 ,
1631 1781 1747 1833 116.
1769 1807 1834 1816 -
1855 1780 1930 1827 Ex
1951 1781 2060 1829 eius
2087 1782 2228 1829 testi-

1289 1851 1456 1899 monio
1471 1849 1607 1913 apud
1621 1849 1795 1898 Medos
1816 1850 2036 1898 iustitiae
2053 1850 2226 1898 fruen-

1291 1920 1386 1969 dae
1416 1934 1570 1969 causa
1589 1918 1707 1969 olim
1733 1921 1856 1968 bene
1875 1919 2057 1967 morati
2077 1934 2235 1983 reges

1292 1989 1574 2050 constituti,
1613 1989 1677 2037 de
1707 1987 1790 2038 off.
1823 1989 1854 2037 2
1874 2024 1886 2045 ‚
1921 1988 2014 2043 12,
2049 1988 2134 2037 41.
2157 2015 2226 2023 -

1290 2058 1415 2109 Eius
1437 2058 1654 2106 narratio
1675 2058 1739 2106 de
1760 2055 1932 2105 Cleobi
1960 2066 2008 2105 et
2027 2055 2223 2115 Bitone,

1289 2126 1495 2176 Tuscul.
1523 2125 1548 2175 1
1567 2162 1581 2187 ,
1617 2128 1684 2175 47
1703 2162 1715 2183 ,
1741 2125 1859 2175 112.
1883 2150 1944 2161 -
1963 2124 2086 2173 Eius
2107 2140 2225 2173 nar-

1285 2196 1412 2244 ratio
1433 2195 1496 2243 de
1519 2193 1693 2243 Croesi
1711 2193 1813 2242 filio
1835 2192 2040 2257 infante,
2064 2194 2128 2242 de
2147 2195 2226 2243 di-

1286 2265 1391 2312 vin.
1409 2262 1456 2321 1,
1473 2263 1558 2321 53,
1577 2263 1690 2315 121.
1704 2290 1769 2299 -
1784 2262 2068 2311 Herodotus
2087 2262 2225 2311 The-

1286 2332 1568 2381 mistoclem
1589 2332 1919 2395 praedicavit,
1941 2331 2006 2380 ad
2023 2331 2148 2383 sam.
2167 2331 2222 2392 5,

1288 2401 1371 2461 12,
1395 2401 1443 2448 7.
1481 2400 1645 2450 defin.
1670 2402 1722 2463 2,
1743 2400 1828 2460 27,
1857 2399 1942 2450 87.

1216 2467 1540 2519 Herodotus
1567 2467 2051 2533 CephaloeditanuS,
2075 2470 2205 2517 Verr

1290 2548 1510 2587 accusat.
1534 2540 1586 2597 2,
1605 2538 1694 2596 52,
1719 2537 1834 2587 128.

206 2606 421 2668 recepti,
444 2619 535 2668 pro
557 2606 716 2655 Balbo
742 2605 823 2664 13,
844 2605 929 2655 31.
970 2607 1033 2655 de
1052 2604 1137 2654 off.
1210 2603 1456 2656 Heroica
1479 2617 1734 2669 tempora,
1755 2606 1818 2655 de
1837 2607 1995 2659 divin.
2025 2606 2068 2665 1,
2097 2606 2144 2666 l,
2172 2607 2216 2655 1.

207 2672 230 2718 1
252 2706 265 2727 ,
292 2672 350 2720 11
370 2709 383 2731 ,
406 2674 490 2721 35.
513 2699 579 2707 -
598 2674 803 2721 Hernici
824 2674 1010 2723 devicti
1028 2689 1057 2723 a
1077 2672 1135 2731 Q.
1208 2673 1398 2724 Herus
1414 2710 1428 2737 ,
1455 2674 1637 2723 vilicus
1655 2675 1715 2733 Q.
1740 2674 1994 2723 Ciceronis
2025 2675 2073 2721 in
2107 2676 2220 2723 eius

206 2740 390 2787 Marcio
412 2738 647 2788 Tremulo
668 2756 771 2789 cos.
795 2756 842 2789 a.
864 2758 914 2795 u.
930 2758 973 2795 c.
994 2742 1137 2803 648„

204 2808 425 2871 Philipp.
448 2806 499 2867 6,
519 2807 569 2865 5,
594 2808 675 2862 13.

132 2872 419 2939 Herodes,
452 2874 803 2935 AtheniensiS,
842 2877 905 2927 M.
941 2878 1138 2927 Cicero·
1181 2940 1185 2945 ,

202 2946 281 2994 nis
298 2945 391 3002 filii
412 2943 655 3009 magister
672 2946 884 2996 Athenis
902 2982 915 3003 ,
946 2948 1008 2995 ad
1032 2948 1133 2996 Att.

206 3013 286 3073 14,
313 3014 393 3073 16,
418 3014 469 3066 3.
511 3015 583 3063 lb.
608 3014 700 3075 14,
729 3014 821 3073 18,
846 3016 899 3065 4.
921 3040 987 3050 -—
1010 3016 1137 3064 Leo-

204 3084 349 3132 nidas
381 3086 560 3132 retinet
590 3098 737 3133 suum
770 3083 891 3132 illud
932 3082 1132 3133 adhuc.

118 3190 124 3195 .
203 3150 425 3203 Summis
466 3167 583 3200 vero
622 3152 855 3203 laudibus
890 3152 1134 3213 HerodeS,

199 3218 275 3269 lb.
300 3220 381 3282 15,
399 3220 481 3270 16.
498 3220 561 3269 Α.
578 3248 643 3257 --
657 3222 899 3281 HerodeS,
920 3223 963 3271 si
983 3222 1134 3271 homo

204 3300 362 3343 esset,
400 3288 763 3339 Dicaearchum
800 3293 968 3355 potius
998 3290 1136 3355 lege·

201 3369 302 3419 ret,
332 3372 482 3419 quam
512 3373 663 3407 unam
699 3360 913 3408 litteram
946 3360 1136 3409 scribe·

198 3436 301 3483 ret,
323 3427 395 3473 lb.
426 3427 476 3488 2,
502 3429 551 3485 2,
572 3428 623 3477 2.

1282 2745 1503 2802 Arcano,
1529 2744 1593 2792 ad
1614 2743 1668 2801 Q.
1695 2744 1756 2793 fr.
1781 2742 1904 2802 3.1‚
1933 2744 1981 2794 1.
2005 2744 2052 2803 5.
2083 2743 2126 2791 1.

1209 2808 1514 2862 Hesiodus.
1547 2814 1613 2863 V.
1651 2814 1802 2861 etiam
1825 2810 2128 2861 Homerus.
2149 2838 2221 2849 —-

1278 2881 1533 2931 Hesiodus
1553 2888 1604 2929 et
1614 2881 1860 2933 Homerus
1880 2880 2083 2929 fuerunt
2103 2892 2222 2929 ante

1278 2949 1491 2999 Romam
1525 2950 1778 2999 conditam
1796 2984 1812 3008 ,
1834 2948 2041 3000 Tuscul.
2073 2947 2097 2996 1
2115 2984 2129 3007 ,
2166 2948 2219 3007 1,

1279 3017 1329 3067 3.
1346 3044 1412 3055 -
1433 3018 1560 3067 Eum
1579 3018 1630 3067 in
1649 3020 1756 3067 suis
1777 3019 1960 3068 studiis
1979 3031 2079 3065 non
2101 3020 2216 3065 coe»

1278 3088 1354 3151 git
1373 3088 1720 3137 obmutescere
1741 3096 1992 3149 senectus,
2016 3085 2080 3134 de
2101 3100 2212 3138 sen.

1277 3156 1326 3213 7,
1352 3155 1437 3205 23.
1457 3182 1532 3194 -
1557 3155 1720 3219 Lepta
1750 3156 2086 3206 suavissimus
2105 3155 2215 3204 edi·

1277 3232 1382 3271 scat
1419 3224 1697 3273 Hesiodum
1737 3231 1786 3273 et
1819 3223 2002 3273 habeat
2040 3224 2091 3271 in
2127 3237 2214 3271 ore

1274 3289 1378 3354 τῆς
1407 3285 1466 3340 δ’
1493 3282 1694 3356 ἀρετῆς
1719 3286 1960 3355 ἱδρῶτα,
1989 3292 2056 3341 ad
2089 3292 2209 3344 fam.

1275 3358 1327 3423 6,
1351 3358 1431 3419 18,
1451 3360 1502 3410 5.
1522 3386 1593 3397 —
1609 3360 1732 3409 Eius
1759 3360 2106 3425 Theogoniam
2138 3362 2205 3408 in·

1277 3435 1582 3494 terpretatus
1614 3437 1690 3479 est
1718 3428 1880 3492 Zeno,
1919 3431 1983 3479 de
2012 3444 2062 3481 n.
2086 3428 2135 3477 d.
2163 3428 2214 3485 1,
