2500 3850
786 184 1215 232 conoruom1
1256 206 1339 216 -
1373 184 1786 234 cousinium.
2243 173 2324 237 93

237 336 614 405 Colophonii,
654 339 721 389 ad
764 340 882 388 fam.
926 341 1019 404 13,
1059 342 1153 406 69,
1194 344 1245 396 2.
1375 336 1464 393 '1b.
1497 343 1560 404 2,
1591 342 1685 405 31,
1724 340 1807 391 79.
1844 342 1920 394 lh.
1954 339 2013 400 3,
2048 341 2130 401 18,
2151 343 2236 396 47.
2259 365 2326 386 -.

306 424 399 473 pro
423 407 618 458 Archia
636 408 688 467 8,
712 407 794 458 19.
1391 410 1700 460 Concordiae
1717 410 1897 469 aedeS,
1935 411 1984 458 in
2008 410 2155 463 Catil.
2177 412 2235 476 3,
2267 411 2322 477 9,

238 476 472 528 Colotes
496 478 629 526 inter
650 477 855 541 Epicuri
884 479 1141 528 auditores
1173 479 1249 529 fa·
1391 479 1476 528 21.

306 547 502 597 mosior
536 553 585 595 et
622 547 923 608 loquacitate
958 549 1247 611 notabilior,
1325 547 1442 598 Con
1487 562 1571 596 us.
1609 549 1674 596 V.
1699 544 1949 596 Cas-sius.

310 617 373 664 de
392 630 434 662 r.
458 631 508 679 p.
534 614 586 677 6,
610 617 657 674 7,
681 616 729 663 7.
1324 615 1404 666 Co
1487 629 1623 665 uene
1643 614 1951 667 Rhodanus
1971 651 1986 678 ,
2008 617 2073 665 ad
2093 615 2213 665 fam.
2241 616 2321 678 10,

242 680 538 734 Comensis
556 719 569 744 ,
600 685 667 734 ad
688 684 791 732 Att.
813 684 865 744 5,
890 685 969 746 11,
992 686 1043 738 2.
1391 683 1474 743 34,
1499 684 1546 733 1.

240 749 462 803 Comici
493 751 688 814 aliquot
723 754 987 814 versiculi,
1020 755 1085 803 de
1119 762 1245 808 orat.
1323 751 1576 816 Connus,
1611 751 1960 804 nobilissimus
1989 753 2200 814 fidicen,
2225 753 2326 806 ,So-

308 825 367 882 2,
399 821 497 882 67,
529 821 646 870 274.
668 847 733 857 -
762 819 1145 872 Comoediarum
1173 824 1251 872 in-
1394 829 1580 870 cratem
1601 821 1787 872 fidibus
1821 822 2021 886 docuit,
2045 823 2110 872 ad
2129 823 2249 875 sam.
2271 822 2323 888 9,

310 898 561 939 certarum
601 889 906 954 fragmenta,
944 891 1013 940 ad
1047 892 1161 943 Her.
1201 893 1247 952 1,
1398 892 1482 950 22,
1504 887 1554 939 3.

312 959 397 1020 10,
420 959 507 1008 14.
544 959 606 1008 de
628 966 749 1009 orat.
775 959 825 1013 3,
846 958 934 1021 58,
961 959 1078 1010 219.
1118 968 1244 1010 orat.
1319 958 1512 1009 Conon
1532 959 1874 1009 Atheniensis.
1909 960 2029 1008 Eius
2061 965 2208 1024 pater
2231 958 2318 1008 Ti-

310 1025 397 1086 49,
422 1027 543 1079 166.
582 1028 737 1092 topic.
764 1026 851 1086 13,
871 1027 958 1081 55.
994 1044 1085 1094 pro
1110 1030 1245 1080 Cael.
1391 1027 1638 1093 motheus,
1661 1029 1729 1080 ad
1749 1032 1850 1082 Att.
1875 1029 1924 1093 6,
1949 1029 1998 1089 5,
2021 1031 2072 1080 2.
2097 1029 2325 1078 ——Prae-

315 1097 398 1156 15,
421 1096 508 1147 36.
539 1096 605 1144 ad
625 1096 744 1150 fam.
768 1095 818 1158 3,
840 1097 893 1157 8,
912 1097 962 1151 8.
980 1098 1250 1148 —Comiei
1389 1098 1726 1148 stantissimus
1763 1100 2058 1162 imperator,
2093 1097 2156 1146 de
2186 1105 2312 1148 orat.

312 1166 478 1229 ignoti
500 1165 754 1225 versiculi,
776 1167 841 1215 ad
862 1167 966 1215 Att.
984 1165 1066 1228 13,
1089 1165 1175 1233 23,
1195 1167 1245 1218 3.
1393 1165 1444 1226 3,
1467 1165 1535 1216 34
1549 1203 1561 1225 ,
1597 1167 1714 1218 139.
1735 1195 1801 1204 --
1822 1167 2140 1230 Timotheus,
2163 1165 2325 1216 Cono-

243 1233 307 1285 P.
329 1241 378 1282 et
394 1232 461 1282 L.
486 1230 759 1296 Cominii,
790 1236 983 1298 equites
1014 1235 1247 1297 Romani,
1390 1235 1470 1285 nis
1492 1234 1652 1299 filius,
1677 1251 1790 1286 cum
1810 1235 1931 1286 belli
1954 1236 2103 1285 laude
2127 1248 2225 1284 non
2244 1236 2319 1283 in-

310 1302 545 1353 homines
580 1303 781 1362 diserti,
813 1317 903 1366 pro
937 1304 1130 1354 Cluent.
1162 1303 1246 1365 36,
1394 1304 1552 1354 ferior
1569 1303 1752 1356 fuisset
1771 1319 1922 1368 quam
1942 1313 2110 1368 pater,
2132 1304 2196 1352 ad
2215 1318 2326 1352 eam

312 1369 398 1421 99.
1387 1372 1591 1421 laudem
1623 1374 1882 1422 doctrinae
1921 1384 1970 1420 et
1999 1371 2191 1434 ingenii
2211 1372 2321 1434 glo-

244 1438 309 1490 P.
363 1437 656 1490 Cominius
712 1439 1031 1508 Spoletinus,
1092 1457 1247 1504 eques
1391 1442 1517 1488 riam
1539 1441 1750 1500 adiecit,
1781 1442 1844 1489 de
1869 1439 1951 1488 off.
1977 1438 2023 1497 1,
2047 1437 2130 1496 32,
2156 1438 2267 1488 116.

314 1509 608 1570 Romanus,
640 1525 739 1571 quo
776 1519 1044 1561 accusante
1074 1512 1245 1562 Cicero
1321 1506 1563 1559 Consani
1578 1505 1943 1574 (Compsaui),
1965 1505 2159 1556 incolae
2172 1506 2318 1556 Com-

315 1577 543 1627 defendit
579 1577 634 1628 C.
680 1577 985 1629 Cornelium.
1037 1579 1105 1629 De
1137 1581 1247 1629 eius
1389 1592 1544 1642 psae,
1593 1577 1920 1642 Hirpinorum
1954 1575 2123 1639 urbiS,
2173 1575 2326 1625 hodie

316 1646 605 1709 eloquentia
649 1646 787 1700 Brut.
830 1648 924 1710 78,
967 1649 1085 1700 271.
1127 1650 1248 1700 Cor·
1389 1644 1580 1705 Coma,
1603 1648 1747 1701 Verr.
1771 1653 1994 1696 accusat.
2017 1646 2065 1702 5,
2085 1643 2149 1694 61
2165 1683 2178 1706 ‚
2204 1644 2320 1695 158.

316 1715 413 1764 nel.
437 1718 585 1780 prim.
616 1715 796 1782 fragm.
821 1716 869 1767 l.
888 1732 943 1782 p.
964 1717 1085 1769 209.
1321 1712 1681 1781 Consentini,
1735 1717 1931 1766 incolae
1977 1713 2151 1779 oppidi
2197 1713 2325 1763 Con-

246 1782 554 1834 Postumus
616 1781 905 1835 Cominius
958 1786 1246 1836 Auruncus
1386 1787 1578 1834 sentiae
1615 1785 1667 1834 in
1705 1786 2071 1836 mediterranea
2104 1781 2322 1832 Bruttio·

316 1853 494 1902 consul
515 1868 629 1902 cum
654 1853 744 1918 Sp.
777 1852 950 1905 Cassio
970 1855 1359 1943 Viscellinovk
1387 1869 1524 1914 rum,
1558 1853 1620 1903 de
1639 1854 1723 1904 fin.
1756 1855 1800 1918 l,
1824 1856 1875 1916 3,
1899 1858 1948 1906 7.

315 1938 363 1971 a.
383 1938 433 1969 u.
459 1940 501 1972 c.
526 1922 646 1976 261.
662 1957 678 1985 ,
708 1923 770 1973 de
788 1938 829 1972 r.
851 1939 902 1988 p.
926 1928 977 1988 2,
999 1923 1084 1985 33,
1106 1919 1383 2003 572223530.
1408 1919 1706 1975 Considius
1734 1923 1962 1993 Longus
1987 1960 2001 1987 ,
2029 1929 2326 1988 propraetor

248 1988 358 2041 Sex
404 1989 721 2053 Cominius,
773 2007 925 2055 eques
972 1995 1247 2053 Romanus,
1386 1992 1620 2057 Africae,
1661 1993 1832 2057 paullo
1872 2001 1988 2042 ante
2023 1990 2212 2040 bellum
2247 1992 2320 2040 ci-

318 2062 465 2113 Verr.
490 2072 706 2111 accusat.
731 2063 782 2123 4,
807 2061 888 2120 10,
908 2062 993 2111 24.
1387 2061 1490 2111 vile
1522 2062 1652 2110 inter
1671 2060 1937 2111 Caesarem
1959 2067 2006 2109 et
2032 2060 2327 2124 Pompeium

251 2126 657 2197 Commagene,
680 2144 800 2194 pars
824 2128 1028 2195 Syriae,
1054 2131 1248 2181 Amano
1388 2146 1435 2179 a.
1457 2147 1511 2180 u.
1544 2146 1588 2179 c.
1610 2130 1729 2181 704.
1753 2130 1835 2181 vel
1856 2132 2000 2180 initio
2025 2144 2069 2180 a.
2093 2129 2213 2181 705.
2242 2129 2328 2177 de·

314 2200 477 2247 monti
509 2206 558 2248 et
588 2197 830 2263 Euphrati
861 2200 1145 2261 interiecta,
1185 2200 1252 2250 ad.
1391 2199 1574 2249 cedens
1604 2201 1868 2264 provincia
1903 2199 2166 2265 Ligarium
2203 2212 2324 2262 pro·

314 2266 438 2319 fam.
469 2266 518 2329 8,
548 2265 639 2327 10,
670 2267 719 2319 1.
1393 2268 1591 2319 vinciae
1613 2268 1878 2332 praefecit,
1903 2282 1996 2333 pro
2020 2267 2190 2331 Ligar.
2209 2266 2256 2327 1,
2273 2267 2324 2315 2.

255 2332 697 2401 Commagenus,
730 2334 1010 2385 Antiochus
1038 2336 1130 2396 ΙΙ.,
1165 2334 1270 2385 rex'
1325 2334 1388 2387 L.
1424 2333 1720 2395 Considius
1745 2346 1794 2387 et
1820 2336 1938 2385 Sex.
1973 2335 2162 2384 Saltius
2183 2348 2328 2396 prae-

320 2403 701 2468 Gommagenes,
724 2404 791 2453 ad
812 2404 870 2462 Q.
888 2403 947 2454 fr.
964 2405 1013 2466 2,
1035 2403 1251 2471 10(12),
1393 2412 1531 2453 tores
1571 2402 1774 2466 Capuae
1809 2404 2068 2462 coloniae,
2116 2402 2178 2449 de
2216 2400 2328 2465 lege

317 2472 367 2520 2.
408 2472 477 2522 ad
496 2472 618 2523 fam.
644 2472 728 2532 15,
745 2474 796 2534 4,
818 2471 871 2523 3.
1394 2488 1505 2537 agr.
1528 2472 1578 2533 2,
1599 2470 1686 2534 34,
1705 2472 1771 2523 92
1791 2486 1905 2533 sqq.

252 2537 569 2591 Commoris
598 2542 740 2591 vicus
767 2541 846 2591 vel
880 2541 1144 2591 castellum
1175 2541 1256 2591 Ci-
1329 2540 1397 2606 Q.
1441 2536 1735 2589 Considius
1789 2538 2019 2601 Gallus,
2063 2536 2327 2586 familiaris

320 2608 469 2658 liciae
506 2610 571 2659 ad
608 2618 829 2661 montem
871 2609 1150 2673 Amanum,
1189 2611 1256 2660 ad
1397 2609 1596 2671 Verris,
1627 2624 1719 2674 pro
1743 2608 1934 2658 Cluent.
1957 2606 2048 2671 38,
2079 2606 2198 2660 107.
2240 2604 2331 2655 Se-

319 2676 442 2727 fam.
468 2678 551 2740 15,
581 2680 633 2742 4,
660 2677 711 2729 9.
1395 2693 1495 2727 nex
1511 2677 1845 2741 fortissimus,
1869 2677 1936 2727 ad
1953 2678 2057 2727 Att.
2079 2677 2130 2737 2,
2150 2677 2219 2726 24
2234 2713 2250 2737 ,
2265 2676 2321 2728 4.

254 2743 560 2797 Comoedia
608 2747 776 2813 prisca
820 2747 1063 2797 Athenis:
1109 2746 1258 2796 laesit
1331 2746 1398 2812 Q.
1417 2744 1714 2799 Considius
1737 2746 1957 2811 Gallus,
1980 2746 2129 2797 heres
2154 2746 2212 2805 Q.
2227 2744 2331 2794 Tu-

319 2829 421 2864 non
436 2816 601 2865 solum
618 2815 893 2879 populares
910 2814 1141 2865 homiues
1162 2818 1258 2865 im·
1395 2817 1458 2865 rii
1479 2854 1494 2881 ,
1516 2817 1582 2866 ad
1603 2818 1723 2867 fam.
1750 2817 1832 2878 12,
1853 2817 1938 2877 26,
1964 2818 2014 2869 1.

321 2884 537 2949 probos,
574 2884 667 2933 sed
700 2884 849 2935 etiam
886 2883 1158 2945 Periclem,
1193 2884 1258 2933 de
1332 2883 1401 2949 Q.
1425 2882 1726 2937 Considius
1744 2922 1759 2950 ‚
1782 2886 2049 2945 fenerator,
2068 2886 2133 2935 ad
2154 2886 2255 2934 Att.
2280 2883 2329 2942 1,

256 2950 628 3086 Cdmssittzldlild}
650 2952 770 3071 lillies
800 3024 1153 3088 conceptivus,
1186 3029 1259 3072 at·
1329 2954 1748 3073 M.12Cdusidius
1781 3021 2096 3087 Nonianus,
2132 3026 2333 3086 praetor

321 3090 545 3139 tributus
562 3088 812 3156 Laribus,
830 3092 897 3141 ad
914 3091 1019 3145 Au.
1043 3094 1096 3153 2,
1118 3091 1153 3143 3
1167 3128 1181 3151 ,
1206 3091 1259 3144 3.
1401 3104 1448 3139 a.
1470 3108 1521 3141 u.
1547 3108 1589 3141 c.
1615 3092 1733 3141 702.
1749 3092 1895 3141 -Εἰ
1913 3092 2197 3141 citeriorem
2218 3087 2332 3139 Gal—

324 3183 389 3193 --
430 3157 847 3223 Compitaliorum
887 3159 994 3211 dies
1034 3176 1082 3212 a.
1124 3175 1174 3209 u.
1214 3176 1258 3210 c.
1402 3159 1522 3209 liam
1566 3161 1868 3210 traditurum
1905 3176 1961 3210 se
1999 3159 2333 3227 pollicebatur

322 3224 443 3279 686.
475 3226 556 3277 vel
577 3226 695 3281 690.
720 3228 773 3276 in
800 3228 1052 3279 Kalendas
1077 3229 1260 3279 Ianua·
1404 3228 1587 3277 Caesar
1607 3243 1657 3282 a.
1675 3244 1731 3281 u.
1754 3244 1796 3281 c.
1828 3226 1974 3293 705„
2008 3229 2074 3278 ad
2101 3228 2222 3277 fam.
2247 3225 2331 3287 16,

324 3296 429 3344 rias
449 3296 654 3360 incidit,
677 3297 728 3345 in
748 3297 917 3352 Pison.
941 3299 994 3363 4,
1014 3298 1067 3349 8.
1403 3297 1486 3359 12,
1509 3296 1559 3347 3.
1578 3322 1650 3332 -
1663 3298 1965 3361 Propraetor
1983 3296 2162 3347 eodem
2181 3309 2331 3358 auno,

260 3360 581 3429 Compsani.
624 3365 689 3413 V.
719 3364 981 3417 Consaui.
1402 3364 1742 3428 Pompeianus
1759 3401 1774 3427 ,
1793 3366 1859 3415 ad
1875 3365 1978 3413 Att.
1997 3364 2048 3429 8,
2072 3363 2155 3416 11.
2181 3364 2258 3428 Β.,
2277 3364 2330 3411 2.

258 3428 577 3483 Concordia
598 3433 693 3483 dea
709 3470 725 3498 ,
758 3434 820 3485 de
846 3450 898 3489 n.
921 3436 973 3485 d.
996 3438 1047 3496 2,
1069 3435 1154 3499 23,
1172 3434 1261 3485 61.
1336 3430 1638 3485 Consualia
1653 3469 1668 3498 ,
1694 3434 1798 3485 Cic.
1826 3434 1888 3484 de
1906 3448 1949 3483 r.
1975 3449 2029 3497 p.
2051 3434 2102 3493 ⁶2,
2124 3434 2174 3493 7,
2199 3432 2279 3482 12.
