2500 3850
146 213 261 277 102
305 229 365 274 P.
396 226 598 274 colus.
626 227 828 274 LEN'r.
864 227 1139 276 srm'rn.
1174 250 1258 262 —
1283 230 1346 278 P.
1379 229 1583 278 coms.
1620 232 1828 280 LENT.
1855 232 2055 280 surm.

205 385 332 432 ciam
354 397 509 444 quum
532 391 580 430 et
612 384 908 432 auctoritate
939 391 1144 433 senatus

204 460 254 500 et
272 461 409 501 sorte
434 451 671 512 haberet,
705 452 1005 517 interposita
1024 452 1142 501 reli-

202 521 373 585 gione,
395 522 505 569 sine
525 519 631 569 ulla
652 521 965 572 dubitatione
986 522 1142 588 depo-

201 590 329 649 suit,
350 587 402 638 in
424 589 594 639 Pison.
627 587 712 652 21,
736 590 820 640 50.
842 617 909 625 -
932 589 1014 639 Ad
1032 592 1143 639 eius

202 658 549 706 auctoritatem
581 671 611 706 a
648 665 827 707 senatu
862 657 1143 724 profectam

200 728 361 776 Roma
398 728 464 776 ad
501 726 848 776 Ptolemaeum
888 727 1144 777 contendit

203 794 258 844 C.
282 795 520 844 Rabirius
547 795 818 846 Postumus
836 833 853 862 ,
886 809 980 860 pro
1007 795 1135 846 Rab.

198 862 439 914 Postumo
466 865 527 927 8,
556 865 639 916 21.
671 891 737 900 -—
762 866 970 914 Amicus
1001 863 1141 914 Cice·

198 936 367 996 ronis,
392 934 459 983 ad
486 935 590 983 Att.
613 935 675 995 5,
700 931 757 995 3,
786 933 833 984 3.
856 961 921 969 —
945 934 1141 984 Tuscu-

198 1001 370 1051 lanum
390 1017 541 1053 suum
562 1003 887 1068 proscripsit,
909 1002 981 1052 Ib.
1001 1001 1035 1053 6
1049 1039 1065 1063 ,
1090 1003 1138 1062 1,

198 1069 283 1122 23.
308 1098 374 1107 —-
406 1071 621 1121 Furnius
654 1077 701 1119 et
729 1070 1001 1136 Lemniae,
1037 1083 1141 1122 una

200 1154 315 1187 cum
336 1138 505 1190 Caelio
535 1141 895 1190 circumierunt
918 1146 968 1188 et
997 1140 1138 1188 labo-

196 1215 399 1272 rarunt,
447 1216 504 1258 ut
553 1208 783 1259 Ciceroni
830 1208 1138 1274 supplicatio

199 1277 551 1328 decerneretur
578 1292 625 1331 a.
650 1293 703 1328 u.
735 1277 932 1344 0.,704.
950 1315 971 1338 ,
1000 1277 1137 1330 Cael.

198 1347 264 1396 ad
284 1346 405 1397 fam.
430 1347 488 1407 8,
513 1345 574 1396 11
592 1381 607 1410 ‚
636 1349 688 1397 2.
707 1375 775 1384 ——
800 1347 865 1396 V.
892 1347 969 1400 Id.
989 1347 1136 1400 Febr.

196 1415 316 1468 705.
331 1415 521 1465 litteras
534 1417 732 1481 accepit
744 1414 938 1480 Cicero,
958 1415 1141 1467 cohor-

194 1494 271 1533 tes
300 1501 364 1534 ex
382 1485 567 1534 Piceno
593 1485 810 1536 Lentulo
840 1494 889 1535 et
915 1485 1135 1534 Thermo

197 1554 496 1603 ducentibus
532 1569 646 1602 cum
675 1553 884 1604 Domitii
909 1555 1138 1604 exercitu

195 1623 488 1670 coniunctas
509 1635 622 1670 esse
638 1658 652 1682 ,
681 1622 747 1670 ad
767 1624 873 1675 Att.
896 1624 945 1687 7,
966 1621 1063 1683 23,
1087 1621 1133 1674 1.

192 1719 262 1728 -—
293 1690 338 1738 A
368 1687 580 1738 Caesare
616 1688 831 1739 Corfinio
867 1690 1137 1742 incolumis

194 1759 437 1806 dimissus
456 1793 469 1814 ,
500 1757 573 1806 Ib.
594 1757 645 1815 8,
670 1756 752 1818 12,
775 1757 824 1808 6.
866 1758 938 1806 Ib.
962 1758 1025 1817 8,
1050 1758 1132 1817 14,

191 1825 356 1878 3.1b.
378 1825 440 1887 9,
464 1822 523 1886 3,
557 1825 605 1874 1.
636 1825 709 1874 Ib.
736 1822 857 1887 9,7,
878 1824 930 1875 6.
952 1825 1134 1874 ——Pu-

190 1894 339 1945 teolis
372 1908 427 1943 se
457 1895 510 1943 iu
540 1893 700 1946 hortis
730 1895 839 1943 suis
873 1893 1133 1945 occultans

191 1964 387 2015 litteras
425 1964 656 2015 Ciceroni
690 1964 887 2013 remisit
920 1962 1134 2012 mirifice

190 2035 385 2097 gratias
412 2046 570 2098 agens
594 2031 832 2096 Caesari,
858 2030 928 2083 1b.
950 2030 1011 2094 9,
1045 2031 1128 2094 11,

194 2102 243 2152 1.
268 2109 315 2151 et
334 2104 405 2155 ib.
428 2104 513 2161 Α.,
534 2098 587 2154 3.
616 2100 680 2152 cl.
704 2102 775 2151 ib.
795 2099 846 2159 9,
874 2100 957 2164 13,
980 2102 1029 2149 7.
1056 2101 1129 2150 lb.

190 2171 242 2232 9,
264 2170 298 2221 9
314 2206 328 2231 ,
359 2169 441 2223 15.
465 2197 531 2205 -
557 2168 611 2221 P.
637 2169 905 2219 Lentulum
936 2176 1133 2235 patrem

190 2237 357 2289 Rhodi
383 2252 496 2289 esse
519 2238 755 2299 aiebant,
776 2237 1132 2288 Alexandreae

188 2306 349 2356 filium
381 2323 432 2359 a.
464 2324 517 2358 u.
550 2323 597 2357 c.
631 2306 785 2372 707„
818 2308 884 2358 ad
916 2307 1022 2360 Att.
1046 2306 1129 2368 11,

192 2376 275 2438 13,
301 2377 348 2426 1.
371 2404 441 2415 -—
457 2376 571 2427 Non
589 2384 823 2443 receptus
848 2392 879 2426 a
897 2376 1132 2433 Rhodiis,

187 2446 253 2495 ad
273 2445 397 2496 fam.
427 2448 511 2509 12,
535 2447 616 2512 14,
638 2446 689 2497 3.
712 2474 778 2483 -
796 2446 965 2498 Foede
982 2444 1133 2511 periit

189 2516 243 2562 in
275 2515 406 2565 bello
438 2515 602 2576 civili,
636 2516 709 2565 lb.
740 2516 802 2577 9,
839 2515 930 2578 18,
964 2516 1013 2565 2.
1063 2512 1126 2563 cl.

188 2581 412 2648 Philipp.
440 2582 522 2645 13,
548 2584 629 2642 14,
650 2584 735 2636 29.

119 2645 184 2703 P.
216 2649 513 2703 Cornelius
541 2649 814 2703 Lentulus
839 2649 1127 2716 Spinther,

189 2721 468 2785 superioris
486 2718 637 2770 filius.
663 2716 864 2768 Eximia
884 2734 976 2783 spe
991 2734 1131 2769 sum-

189 2804 304 2838 mae
325 2788 529 2838 virtutis
554 2787 854 2837 adolescens
869 2821 885 2849 ,
916 2788 983 2837 ad
1005 2787 1130 2842 fam.

190 2858 237 2916 1,
260 2858 310 2919 7,
335 2856 419 2909 11.
449 2857 521 2905 Ib.
540 2855 591 2919 9,
616 2854 683 2906 23
707 2863 757 2906 et
775 2856 1021 2907 24.—Ei
1040 2872 1130 2906 au-

188 2940 285 2975 nus
316 2925 453 2976 idem
483 2922 641 2991 (697)
666 2930 716 2973 et
734 2923 935 2975 virilem
965 2927 1129 2989 patris

187 3003 237 3044 et
269 3003 580 3059 praetextam
600 2992 933 3060 (auguratus)
951 2994 1132 3060 populi

187 3064 377 3114 iudicio
418 3071 591 3129 togam
629 3061 795 3124 dedit,
831 3076 925 3127 pro
958 3060 1126 3112 Sestio

187 3132 283 3194 69‘,
308 3134 426 3185 144.
458 3157 527 3168 -
548 3130 683 3181 Cena
709 3131 967 3195 auguralis
991 3131 1129 3197 apud

186 3200 458 3251 Lentulum
477 3215 525 3254 a.
542 3216 594 3249 ιι.
617 3216 663 3250 c.
684 3199 825 3261 697„
842 3200 909 3251 ad
927 3200 1049 3254 fam.
1074 3200 1126 3263 7,

188 3267 272 3331 26,
296 3273 347 3321 2.
366 3296 435 3306 -
448 3269 699 3319 Vestitum
716 3270 949 3334 mutavit,
972 3283 1127 3334 quum

190 3335 245 3386 C.
288 3337 407 3388 Cato
444 3338 613 3405 legem
648 3339 1026 3405 promulgasset
1064 3338 1128 3388 de

188 3405 403 3469 imperio
441 3407 553 3456 eius
587 3408 719 3471 patri
749 3407 1046 3472 abrogando
1078 3420 1124 3455 a.

189 3488 239 3523 u.
262 3489 308 3527 c.
339 3472 489 3533 698„
526 3474 593 3523 ad
614 3474 674 3534 Q.
696 3473 759 3529 fr.
790 3474 849 3537 2,
886 3474 948 3537 3,
987 3473 1035 3524 1.
1060 3501 1126 3511 —

1284 410 1355 422 -—
1373 385 1654 436 Divortium
1679 379 1866 436 fecisse
1886 401 2002 436 cum
2026 387 2230 438 Metella

1285 454 1548 505 dicebatur
1579 470 1625 504 a.
1656 471 1711 507 u.
1747 470 1788 504 c.
1829 453 1978 516 709„
2019 457 2085 505 ad
2114 458 2224 509 Att.

1290 524 1381 583 12,
1421 524 1518 586 52,
1549 523 1600 571 2.
1645 524 1708 572 cl.
1742 524 1812 573 ib.
1846 523 1939 585 13,
1971 525 2032 586 7,
2073 526 2118 574 1.
2157 553 2226 564 —

1285 591 1439 655 Apud
1460 589 1749 643 Ciceronem
1765 592 1860 642 fuit
1876 607 1926 643 a.
1942 607 1993 641 u.
2012 608 2056 644 c.
2080 592 2223 654 710„

1283 660 1357 708 Ib.
1392 661 1474 722 14,
1498 659 1582 721 11,
1606 662 1656 712 2.
1681 687 1747 696 —·
1767 659 2024 725 Particeps
2051 662 2225 712 caedis

1287 727 1636 778 Caesarianae.
1667 729 1762 778 Pro
1792 739 2060 792 quaestore
2090 745 2137 779 a.
2167 746 2220 781 u.

1283 812 1324 845 c.
1348 796 1465 846 711.
1497 811 1613 846 cum
1642 796 1891 848 Trebonio
1919 797 2225 864 proconsule

1281 865 1569 929 profectus;
1588 865 1688 916 hoc
1708 867 1875 918 occiso
1887 901 1904 930 ‚
1924 874 2223 932 propraeto-

1281 935 1352 982 ris
1373 947 1558 984 nomen
1577 935 1932 1002 adsumpserat
1945 971 1959 996 ,
1993 949 2091 996 quo
2114 950 2222 984 ma-

1281 1004 1390 1054 iore
1436 1004 1730 1054 auctoritate
1778 1005 1931 1054 sociis
1971 1005 2222 1068 imperare

1279 1079 1470 1136 posset.
1521 1072 1774 1136 Epistolas
1811 1073 1875 1122 de
1921 1073 2028 1120 suis
2067 1073 2220 1122 rebus

1280 1141 1442 1205 gestis
1472 1140 1611 1190 misit
1641 1157 1796 1203 quum
1819 1142 1886 1191 ad
1909 1141 2219 1202 Ciceronem,

1279 1209 1347 1258 ad
1365 1208 1484 1258 fam.
1510 1207 1602 1270 12,
1640 1210 1735 1270 14,
1769 1217 1874 1258 tum
1902 1209 1969 1259 ad
1989 1209 2219 1258 consules

1280 1287 1407 1336 cet.,
1439 1278 1516 1327 Ib.
1560 1278 1653 1338 12,
1700 1279 1783 1328 15.
1824 1305 1894 1315 —-
1933 1279 2222 1343 Appetebat

1278 1348 1687 1410 procurationem
1718 1347 1904 1412 Asiae,
1937 1347 2012 1396 Ib.
2040 1346 2130 1407 14,
2162 1347 2213 1397 5.

1277 1442 1349 1452 -
1375 1414 1646 1479 Lentulus,
1675 1417 1762 1478 qui
1790 1417 1842 1465 in
1863 1414 1929 1465 M.
1960 1413 2104 1464 Bruti
2134 1429 2218 1464 ca·

1280 1484 1398 1534 stris
1445 1492 1554 1534 erat
1599 1500 1647 1537 a.
1693 1499 1743 1535 u.
1791 1500 1836 1538 c.
1885 1482 2003 1536 711.
2021 1518 2036 1543 ,
2079 1491 2219 1547 pete-

1278 1553 1362 1601 bat
1381 1552 1732 1618 pontificatum
1751 1554 1998 1604 minorem
2011 1587 2024 1610 ,
2045 1565 2128 1614 ep.
2151 1553 2221 1602 ad

1276 1621 1417 1671 Brut.
1454 1621 1511 1682 1,
1543 1623 1627 1675 14.
1647 1623 2040 1673 ——Memoratur
2066 1619 2219 1670 etiam

1276 1689 1351 1738 lb.
1376 1691 1428 1750 2,
1455 1692 1504 1740 2.

1203 1756 1268 1807 Ρ.
1309 1755 1604 1807 Cornelius
1642 1757 1913 1808 Lentulus
1952 1757 2112 1810 Sura.
2156 1761 2216 1809 P.

1273 1825 1518 1874 Lentulus
1539 1824 1668 1874 Sura
1687 1825 1914 1887 aequalis
1935 1827 2220 1886 Q.Horten·

1275 1894 1366 1957 sii,
1389 1892 1531 1943 Brut.
1553 1892 1637 1951 64,
1658 1891 1779 1947 230.
1804 1893 1878 1946 lb.
1899 1893 1984 1955 90,
2004 1893 2122 1948 308.
2149 1922 2218 1933 -

1275 1963 1522 2022 Quaestor
1553 1963 1778 2012 urbanus
1823 1977 1870 2011 a.
1903 1979 1955 2017 u.
1989 1979 2038 2018 c.
2070 1964 2216 2026 673„

1271 2032 1418 2084 Verr.
1441 2043 1610 2083 acone.
1637 2031 1692 2090 1,
1713 2030 1807 2092 14,
1835 2029 1921 2083 37.
1943 2062 2012 2073 —-
2033 2047 2139 2085 cos,
2164 2048 2212 2088 a.

1271 2115 1323 2148 u.
1347 2115 1390 2152 c.
1413 2098 1554 2163 683„
1576 2114 1608 2148 a
1629 2100 1721 2149 Cn.
1739 2098 1954 2151 Lentulo
1972 2100 2214 2153 Clodiano

1273 2167 1390 2217 etL.
1407 2165 1567 2217 Gellio
1584 2168 1880 2218 censoribus
1895 2184 1942 2219 a.
1961 2184 2014 2221 u.
2029 2184 2076 2219 c.
2089 2169 2210 2221 685.

1273 2242 1454 2287 senatu
1475 2245 1658 2289 motus:
1673 2245 1853 2303 postea
1867 2239 2070 2301 iterum,
2088 2246 2144 2286 ut
2161 2239 2214 2287 iu

1271 2314 1503 2356 senatum
1521 2307 1856 2372 reciperetur,
1883 2307 2048 2358 factus
2066 2321 2214 2371 prae·

1272 2383 1350 2425 tor
1371 2390 1417 2424 a.
1439 2391 1493 2429 u.
1519 2390 1564 2425 c.
1583 2374 1726 2440 691„
1749 2373 2072 2426 Catilinariae
2093 2389 2213 2424 con-

1272 2444 1539 2495 iurationis
1559 2446 1828 2510 particeps,
1851 2445 2104 2511 supplicio
2123 2444 2212 2493 ad-

1271 2513 1436 2563 fectus
1459 2521 1552 2563 est.
1584 2540 1650 2549 --
1683 2514 1756 2564 De
1776 2515 1886 2563 eius
1905 2514 2208 2577 eloquentia,

1268 2582 1407 2631 Brut.
1441 2581 1538 2645 66,
1570 2581 1688 2633 235.
1713 2610 1780 2619 -
1811 2582 1900 2632 Bis
1930 2582 2208 2643 absolutus,

1271 2652 1338 2701 ad
1360 2652 1465 2703 Att.
1500 2652 1558 2715 1,
1594 2649 1660 2700 16
1675 2687 1691 2712 ,
1722 2651 1773 2702 9.
1798 2678 1866 2687 -
1882 2652 1942 2704 Ρ.
1965 2649 2210 2701 Lentulus

1269 2720 1400 2769 Sura
1443 2726 1648 2784 praetor
1689 2717 1929 2785 (iterum)
1977 2734 2024 2769 a.
2067 2736 2118 2771 u.
2161 2734 2206 2768 c.

1267 2787 1390 2839 691.
1405 2822 1421 2850 ,
1452 2787 1784 2852 Allobrogum
1803 2787 2000 2853 legatos
2020 2786 2210 2838 sollici-

1267 2857 1422 2918 tavit,
1445 2856 1498 2904 in
1519 2854 1664 2905 Catil.
1683 2854 1716 2906 3
1731 2889 1748 2917 ,
1768 2856 1801 2907 2
1817 2894 1832 2917 ,
1863 2858 1916 2910 4.
1939 2882 2006 2892 ·—
2025 2857 2110 2906 Ad
2129 2854 2210 2905 Ci-

1268 2938 1502 2975 ceronem
1521 2932 1756 2984 vocatus,
1787 2925 1858 2975 Ib.
1881 2924 1914 2976 3
1930 2960 1946 2988 ,
1977 2923 2040 2989 3,
2067 2924 2119 2977 6.
2141 2950 2208 2960 -·-

1269 2992 1405 3053 Quid
1449 3008 1564 3043 cum
1615 2993 1976 3058 Allobrogibus
2026 2993 2206 3057 egerit,

1267 3064 1342 3112 Ib.
1365 3062 1427 3122 3,
1459 3063 1520 3125 4,
1554 3061 1604 3113 9.
1643 3060 1798 3123 Ib.3,
1831 3062 1890 3125 5,
1927 3061 2118 3123 lOsqq.
2141 3087 2207 3097 --

1269 3132 1392 3180 Eius
1421 3131 1616 3181 litterae
1648 3132 1715 3181 ad
1745 3130 2009 3181 Catilinam
2040 3130 2205 3189 datae,

1265 3201 1344 3254 Ib.
1367 3199 1418 3265 3,
1437 3199 1488 3260 5,
1512 3200 1674 3252 12.-
1692 3200 1868 3250 Patres
1886 3206 2208 3257 censuerunt,

1266 3275 1340 3329 ut,
1369 3281 1524 3335 quum
1554 3282 1611 3319 se
1639 3274 1879 3334 praetura
1897 3268 2206 3326 abdicasset,

1267 3346 1372 3386 tum
1404 3338 1456 3386 in
1485 3337 1769 3387 custodiam
1797 3336 2102 3391 traderetur,
2126 3335 2201 3383 Ib.

1267 3404 1329 3466 3,
1351 3404 1412 3468 6,
1442 3406 1508 3455 14
1538 3412 1589 3454 et
1620 3403 1702 3454 15.
1732 3404 1879 3457 —P.
1902 3402 2105 3452 Lentuli
2124 3418 2206 3453 so·

1266 3487 1443 3534 mnus,
1465 3475 1539 3523 Ib.
1561 3472 1621 3534 3,
1643 3473 1705 3533 7,
1733 3471 1817 3522 16.
1837 3498 1905 3509 -
1930 3470 2089 3521 Suum
2117 3486 2208 3520 no-
