2500 3850
250 164 367 224 152

241 331 311 401 Q.
352 330 583 387 Flavius
625 331 1005 393 Tarquiniensis
1042 328 1247 390 quidam

206 465 211 468 Ι
308 402 561 451 interfecit
596 401 913 466 Panurgum,
959 413 1051 463 pro
1089 397 1241 447 Rosc.

308 472 449 524 Corn.
476 470 558 533 11,
582 469 665 520 32.

240 540 301 590 C.
324 535 557 589 Flavius
581 533 863 599 Fimbria,
884 551 1045 586 novus
1076 537 1245 595 homo,

307 609 564 674 praelatus
599 622 630 656 a
667 605 859 672 populo
895 607 947 654 in
985 604 1247 656 consulatu

304 677 523 742 petendo
564 677 625 735 Q.
661 675 861 724 Lutatio
902 674 1109 736 Catulo,
1153 689 1245 738 pro

308 747 478 796 Plano.
499 745 551 803 5,
578 745 739 796 12.--
755 742 807 792 C.
831 743 1073 807 Fimbria,
1100 758 1246 792 accu-

306 825 447 869 satus
466 831 495 864 a
508 813 577 866 M.
590 812 815 863 Gratidio
836 813 899 862 de
917 813 1148 876 pecuniis
1167 827 1246 862 re-

307 883 572 950 petundiS,
610 881 749 931 Brut.
782 881 879 942 45,
923 880 1039 931 168.
1077 907 1143 916 —-
1175 880 1241 929 M.

305 952 509 1003 Aemilii
544 949 721 1000 Scauri
762 951 1050 999 testimonio
1095 950 1149 997 in
1188 948 1242 997 C.

305 1022 577 1071 Fimbriam
608 1019 851 1068 creditum
882 1032 980 1067 non
1014 1027 1117 1082 est,
1150 1032 1243 1083 pro

302 1093 444 1143 Font.
468 1093 529 1150 7,
553 1089 634 1138 14.
666 1115 731 1122 —
758 1087 812 1136 G.
847 1087 1099 1151 Fimbria,
1136 1102 1239 1136 cos.

305 1175 351 1208 a.
372 1176 426 1212 u.
452 1175 497 1211 c.
521 1156 643 1208 650.
667 1170 765 1206 non
788 1157 1129 1205 mediocribus
1148 1157 1245 1205 ini-

303 1228 511 1278 micitiis
529 1241 589 1275 ac
606 1226 867 1275 laboribus
890 1225 1167 1285 contendit,
1190 1233 1247 1274 ut

304 1299 369 1348 ad
406 1309 633 1347 summos
674 1294 895 1346 honores
932 1295 1242 1360 perveniret,

304 1369 447 1417 Verr.
473 1371 697 1418 accusat.
728 1364 788 1425 5,
826 1363 923 1426 70,
960 1363 1075 1416 181.
1100 1389 1166 1400 —
1186 1363 1239 1416 G.

299 1437 524 1486 Fimbria
561 1434 794 1485 tribunus
842 1432 981 1498 plebi
1026 1448 1127 1482 non
1167 1441 1245 1484 est

304 1507 497 1566 factus,
519 1519 613 1568 pro
632 1503 804 1554 Plane.
832 1503 918 1559 21,
939 1505 1024 1555 52.
1039 1502 1243 1551 —Eius

300 1577 443 1624 nervi
472 1576 523 1622 in
546 1572 787 1635 dicendo,
824 1572 915 1621 sed
946 1573 1049 1621 oris
1072 1572 1242 1636 pravi-

300 1651 379 1690 tas
400 1649 448 1690 et
466 1642 736 1690 verborum
754 1640 965 1690 latitudo
979 1677 994 1704 ,
1026 1642 1092 1690 de
1110 1647 1237 1689 orat.

300 1713 349 1773 2,
370 1711 455 1767 22,
478 1709 567 1759 91.
594 1735 661 1744 -
681 1709 755 1757 De
776 1709 885 1758 eius
904 1709 1145 1758 facultate
1162 1709 1241 1758 di-

302 1777 449 1826 cendi
492 1785 541 1826 et
582 1777 778 1826 actione
816 1783 865 1824 et
907 1779 1238 1837 orationibus,

302 1848 441 1895 Brut.
466 1843 553 1907 34,
577 1842 693 1894 129.
711 1867 773 1880 -—-
791 1843 914 1891 Eius
936 1845 1145 1909 dictum,
1176 1846 1238 1895 de

302 1913 385 1966 off.
401 1912 433 1965 3
466 1912 534 1967 19
571 1914 657 1963 77.
672 1942 737 1953 -—-
752 1910 807 1965 G.
827 1911 1065 1974 Fimbria,
1082 1929 1237 1976 quum

300 1950 664 2033 iffi‘r'issffoe‘t'ur
692 1980 996 2033 Saturninus
1025 1996 1071 2031 a.
1104 1998 1155 2032 u.
1189 1998 1235 2035 c.

298 2054 450 2116 654„
484 2067 577 2117 pro
614 2050 777 2104 salute
814 2052 1070 2100 communi
1100 2066 1239 2100 arma

300 2124 459 2183 cepit,
480 2135 575 2184 pro
598 2119 653 2171 C.
676 2120 851 2168 Rabir.
878 2120 1024 2185 perd.
1046 2119 1095 2181 7,
1116 2119 1199 2168 21.

230 2186 292 2237 C.
330 2186 563 2238 Flavius
611 2185 893 2250 Fimbria,
949 2188 1017 2235 Μ.
1066 2188 1239 2238 Crassi

300 2258 511 2307 oratoris
568 2256 823 2319 aequaliS,
870 2255 1039 2317 qualis
1088 2256 1239 2305 fuerit

302 2333 500 2389 orator,
538 2325 677 2377 Brut.
714 2324 809 2389 66,
842 2322 959 2376 233.
990 2325 1237 2376 -Homo

296 2396 451 2462 longe
492 2395 861 2445 audacissimus
892 2403 941 2443 et
974 2396 1238 2445 insanissi-

270 2460 272 2463 ⁴
296 2481 411 2515 mus
426 2502 439 2528 ,
462 2480 555 2529 pro
577 2464 697 2514 Sex.
712 2465 866 2514 Rosc.
890 2464 973 2521 12,
997 2462 1080 2514 33.

231 2528 291 2579 C·
308 2530 542 2584 Flavius
558 2530 754 2594 Pusio,
770 2548 925 2595 eques
940 2532 1111 2596 Rom„
1130 2532 1235 2583 for-

294 2606 412 2651 titer
429 2603 613 2651 restitit
630 2602 697 2653 M.
713 2600 895 2664 Druso,
919 2603 1121 2653 tribuno
1141 2603 1233 2666 pl„

294 2669 497 2735 legibus
526 2670 633 2719 suis
657 2669 721 2717 dc
744 2671 1123 2729 quaestionibus
1143 2671 1236 2720 ha-

293 2738 475 2787 bendis
505 2738 557 2784 in
590 2750 706 2798 eoS,
744 2738 832 2798 qui
870 2738 932 2786 ob
963 2754 1070 2789 rem
1101 2740 1236 2789 iudi-

297 2806 509 2855 candam
556 2806 819 2869 pecuniam
858 2808 1136 2872 cepissent,
1180 2810 1236 2857 in

293 2873 577 2939 periculum
625 2874 860 2933 vocanti,
905 2889 996 2937 pro
1036 2876 1230 2930 Cluent.

169 3011 174 3014 “
223 3005 394 3062 Flora
413 3012 524 3068 dea,
546 3010 692 3060 Verr.
714 3018 938 3059 accusat.
961 3011 1012 3072 5,
1038 3013 1122 3076 14,
1143 3012 1229 3067 36.

222 3074 426 3130 Florus
441 3080 671 3140 Larinas,
687 3093 779 3143 pro
793 3077 988 3133 cluent.
1004 3080 1095 3141 59,
1112 3079 1230 3132 162.

221 3142 475 3199 Fluctus.
517 3149 685 3199 Duces
716 3148 1061 3199 Romanorum
1094 3164 1235 3201 mare

799 175 865 233 Q.
889 173 1186 220 FLAVIUS
1214 194 1296 205 -—
1321 173 1381 219 P.
1409 171 1799 236 FONTEIUQ

1319 325 1690 379 Flumentana
1735 334 1882 393 porta
1929 326 2141 384 Romae.
2203 331 2337 382 Eam

1390 396 1587 447 Caelius
1607 406 1846 461 occupat,
1875 396 1928 446 id
1949 404 2042 459 est,
2063 400 2339 462 praedium

1389 467 1508 515 emit
1528 481 1688 531 prope
1709 481 1846 526 eam,
1871 465 1936 514 ad
1955 467 2060 516 Att.
2086 469 2136 528 7,
2159 467 2209 531 3,
2241 468 2296 521 9.

1317 533 1742 586 Foenicularius
1757 533 1998 599 Campus
2016 537 2068 584 in
2081 537 2340 600 Hispania

1350 623 1355 626 ·
1386 605 1726 654 Tarraconem
1744 619 1940 663 versuS,
1959 604 2027 653 ad
2045 607 2147 654 Att.
2173 605 2258 668 12,
2277 607 2334 656 8.

1317 673 1485 723 Fons.
1525 673 1699 722 Fontis
1722 673 1987 723 delubrum
2012 678 2339 724 consecravit

1390 741 1446 791 C.
1465 741 1700 806 Papirius
1721 742 1862 792 Maso
1882 755 1986 791 cos.
2007 757 2054 792 a.
2073 760 2122 793 u.
2139 759 2183 792 c.
2201 743 2333 798 532,

1389 826 1453 861 ex
1485 809 1686 861 Corsica
1705 811 1894 872 redux,
1919 811 1983 860 de
2003 825 2056 864 n.
2077 815 2128 862 d.
2153 811 2218 872 3,
2243 814 2338 874 20,

1384 881 1468 930 52.
1523 881 1693 930 Fontis
1737 895 1856 944 ara,
1898 880 1960 929 de
2000 880 2099 946 leg.
2139 883 2201 940 2,
2241 884 2335 941 22,

1316 1015 1555 1067 Fonteia
1573 1033 1698 1084 gens
1719 1017 1941 1068 Tusculo
1963 1019 2202 1078 oriunda,
2234 1035 2335 1083 pro

1386 1089 1530 1139 Font.
1553 1089 1634 1144 14,
1657 1087 1741 1138 31.
1763 1087 2068 1148 -Plebeia,
2092 1088 2154 1137 de
2177 1089 2334 1138 domo

1387 1171 1482 1206 sua
1505 1157 1593 1217 44,
1617 1155 1736 1207 116.
2197 1154 2202 1159 ⁴

1316 1221 1582 1287 Fonteia,
1619 1225 1688 1277 M.
1731 1225 1925 1275 Fonteii
1969 1240 2138 1289 soror,
2177 1226 2330 1291 virgo

1385 1293 1634 1356 Vestalis,
1659 1308 1752 1358 pro
1773 1295 1918 1345 Font.
1949 1293 2027 1352 17,
2050 1293 2132 1351 36.

1317 1361 1432 1427 (G.)
1463 1359 1733 1412 Fonteius
1750 1399 1765 1426 ,
1792 1371 1938 1428 pater
1966 1364 2161 1413 Fonteii
2185 1379 2214 1412 a
2243 1363 2331 1413 Ci-

1385 1447 1568 1481 cerone
1589 1431 1810 1494 defensi,
1840 1446 1932 1496 pro
1953 1433 2093 1482 Font.
2122 1431 2215 1493 14,
2237 1431 2326 1482 31.

1384 1501 1456 1550 lb.
1484 1501 1567 1561 17,
1591 1501 1672 1552 38.

1317 1567 1378 1618 C.
1419 1567 1720 1632 Fonteius,
1744 1570 1957 1636 legatus
2003 1570 2067 1620 Μ.
2108 1571 2328 1632 Fonteii,

1381 1653 1476 1703 pro
1497 1640 1640 1692 Font.
1663 1641 1716 1699 4,
1738 1640 1789 1691 8.

1313 1706 1390 1757 M.
1437 1705 1704 1758 Fonteius
1754 1708 1832 1759 Μ.
1881 1707 1946 1761 F.
1963 1745 1978 1772 ‚
2033 1709 2148 1758 eius
2165 1745 2178 1768 ,
2236 1711 2330 1770 qui

1383 1775 1442 1834 Q.
1509 1776 1727 1826 Servilio
1783 1779 2004 1842 praetori
2053 1777 2184 1827 bello
2239 1792 2328 1826 so-

1379 1844 1498 1893 ciali
1546 1845 1746 1909 legatus
1801 1847 1981 1896 Asculi
2025 1845 2326 1896 interfectus

1380 1920 1482 1971 est,
1531 1912 1829 1978 perfunctus
1869 1922 2137 1978 quaestura
2177 1932 2225 1968 a.
2265 1932 2322 1967 u.

1380 1997 1422 2029 c.
1455 1980 1608 2047 665„
1643 1982 1900 2033 aedilitate
1927 2000 1974 2035 a.
1997 1985 2116 2037 672.
2135 2023 2149 2045 ,
2183 1986 2325 2050 leg-a—

1379 2050 1515 2097 tione
1547 2051 1598 2099 in
1635 2051 1936 2101 Macedonia
1971 2061 2020 2103 et
2054 2054 2322 2119 Hispania,

1377 2126 1581 2182 praetor
1626 2119 1850 2168 urbanus
1900 2136 1959 2171 a.
2021 2121 2142 2176 676.
2157 2161 2173 2185 ,
2229 2136 2323 2187 pro

1378 2195 1611 2250 praetore
1631 2186 1846 2237 Galliam
1867 2187 2246 2241 Narbonensem
2270 2208 2320 2243 a.

1380 2256 1690 2309 677-679,
1748 2258 1964 2307 obtinuit
2017 2260 2166 2321 eique
2227 2276 2325 2325 per

1378 2326 1649 2375 triennium
1680 2326 1930 2391 praefuit,
1962 2344 2061 2391 quo
2092 2338 2324 2393 tempore

1379 2394 1470 2448 Cn.
1513 2395 1786 2460 Pompeius
1829 2396 2180 2461 Hispaniense.
2216 2400 2325 2448 bel-

1377 2465 1482 2513 lum
1519 2465 1762 2515 adversus
1791 2464 2069 2517 Sertorium
2100 2468 2324 2516 adruini-

1379 2536 1572 2583 stravit.
1620 2534 1833 2584 Romam
1866 2550 2098 2585 reversus
2135 2537 2197 2587 de
2225 2552 2321 2601 pe-

1379 2604 1542 2653 cuniis
1571 2604 1865 2667 repetundis
1887 2620 2004 2655 reus
2032 2604 2193 2654 factus
2222 2614 2320 2665 est,

1377 2672 1749 2737 postulantibus
1771 2672 1958 2737 Gallis,
1988 2674 2040 2722 in
2059 2673 2141 2722 his
2161 2674 2318 2723 Indu-

1378 2742 1600 2791 ciomaro
1623 2740 1946 2791 Trevirorum
1967 2742 2212 2806 principe,
2234 2758 2320 2791 ac-

1379 2817 1584 2859 cusatus
1613 2824 1644 2858 a
1673 2809 1740 2857 M.
1776 2810 2053 2872 Plaetorio,
2086 2811 2320 2861 subscri-

1379 2885 1523 2941 ptore
1543 2877 1612 2930 M.
1633 2878 1816 2940 Fabio,
1847 2880 2088 2931 defensus
2110 2895 2139 2928 a
2165 2878 2318 2931 Cice·

1375 2961 1496 2997 rone
1529 2962 1577 2995 a.
1607 2962 1658 2995 u.
1691 2963 1734 2996 c.
1768 2948 1886 2999 685.
1907 2985 1920 3009 ,
1953 2964 2046 3013 pro
2081 2950 2224 2999 Font.
2265 2951 2315 3007 1,

1381 3015 1406 3065 1
1429 3030 1542 3077 sqq.
1562 3017 1712 3069 -M.
1733 3018 1968 3068 Fonteius
1989 3017 2193 3067 domum
2215 3018 2316 3067 Ra-

1378 3084 1625 3134 birianam
1645 3084 1860 3151 Neapoli
1879 3088 1998 3135 emit
2010 3122 2024 3147 ,
2052 3086 2116 3136 ad
2135 3088 2238 3135 Att.
2265 3088 2314 3147 1,

1375 3153 1427 3214 6,
1457 3154 1505 3203 1.
1542 3155 1616 3207 lb.
1639 3157 1694 3214 4,
1721 3154 1804 3218 15,
1825 3154 1876 3205 6.

292 3218 637 3281 ingredientes
698 3217 963 3268 immolare
1012 3218 1233 3269 hostiam
1305 3219 1368 3271 P.
1393 3220 1696 3285 Fonteius,
1731 3223 1971 3272 imberbis
1992 3221 2313 3285 adolescens,

291 3285 549 3337 Fluctibus
584 3294 975 3346 con-sueverant,
1012 3288 1075 3337 de
1103 3302 1153 3341 n.
1177 3288 1227 3339 d.

221 3353 456 3471 maini&
472 3354 620 3473 {fildas
638 3460 653 3483 ‚
676 3423 739 3473 de
756 3438 811 3472 n.
834 3424 883 3473 d.
905 3426 937 3474 2
950 3460 965 3485 ,
986 3426 1081 3489 44,
1107 3424 1225 3477 114.

1374 3306 1534 3342 annos
1555 3292 1737 3358 viginti
1754 3298 1928 3350 natus,
1960 3292 2109 3341 etiam
2130 3292 2314 3357 minor,

1373 3360 1636 3425 adoptavit
1670 3361 1724 3410 P.
1763 3358 2020 3419 Clodium,
2060 3361 2124 3410 de
2161 3361 2311 3411 domo

1372 3443 1464 3478 sua
1487 3427 1582 3491 13,
1613 3429 1681 3480 34
1707 3437 1755 3477 et
1779 3427 1865 3482 35.
1901 3429 1976 3477 lb.
1999 3427 2095 3491 29,
2128 3431 2213 3480 77.
2244 3454 2309 3467 --
