2500 3850
147 201 271 262 214

214 371 278 420 de
294 369 379 420 fin.
413 370 473 431 2,
501 367 597 432 30,
627 369 711 419 86.
736 393 801 404 --
820 368 999 428 Liber,
1030 369 1149 418 Her-

215 439 381 500 cules,
406 438 776 502 Aesculapius,
811 436 1014 497 Castor,
1036 437 1151 488 Pol-

211 507 303 558 lux
333 507 561 556 coluntur
580 523 741 569 aeque
770 514 921 568 atque
943 505 1150 571 Apollo,

213 577 475 626 Vulcanus
493 611 506 634 ,
530 576 836 637 Mercurius,
870 575 933 624 de
954 590 1004 627 n.
1028 576 1078 626 d.
1102 573 1153 635 3,

216 645 299 708 18,
314 645 397 695 45.
413 645 643 695 —Liber
662 653 709 694 et
723 645 1031 708 Proserpina
1046 645 1153 693 nati

214 731 279 763 ex
297 716 416 764 Iove
436 715 599 777 primo
614 751 627 778 ,
652 714 885 763 Aetheris
902 713 1008 762 filio
1025 750 1039 775 ,
1072 713 1147 768 lb,

214 781 245 834 3
261 819 275 844 ,
298 783 361 832 21
381 819 395 844 ,
426 782 512 833 53.
535 811 600 819 —
624 782 787 833 Simul
821 797 935 830 cum
968 782 1152 833 Libero

212 861 356 918 patre
404 850 673 918 Syracusis
735 851 991 902 colebatur
1038 851 1152 900 Ari-

212 929 411 980 staeuS,
434 921 533 970 olei
552 922 810 984 inventor,
834 923 977 972 Verr.
1003 935 1152 969 accu-

214 999 309 1038 sat.
330 992 380 1048 4,
400 990 486 1048 57,
508 989 623 1040 128.
645 1015 712 1025 -—
731 989 881 1039 Liber
899 1003 991 1052 pro
1012 990 1149 1052 vinc,

214 1060 276 1108 de
296 1066 422 1111 orat.
445 1057 496 1120 3,
517 1059 604 1118 42,
625 1057 744 1108 167.
778 1059 842 1110 V.
864 1054 1089 1108 Libera.

147 1125 351 1178 Libera
368 1163 382 1190 ,
418 1127 751 1191 Proserpina,
793 1127 990 1177 Cereris
1028 1126 1151 1177 filia.

212 1224 277 1232 --
311 1196 551 1245 Liberum
578 1196 793 1246 Romani
824 1211 938 1244 cum
971 1194 1152 1245 Cerere

214 1274 263 1314 et
280 1265 465 1315 Libera
493 1273 709 1332 auguste
740 1271 1014 1327 sancteque
1033 1279 1151 1314 eon-

212 1340 553 1395 secraverunt‚
581 1335 728 1387 Verr.
752 1341 971 1384 accusat.
993 1334 1045 1394 4,
1067 1331 1151 1393 48,

216 1402 335 1454 106.
356 1431 424 1440 —-
448 1401 785 1454 Simulacrum
804 1404 1014 1452 Liberae
1031 1440 1045 1464 ,
1076 1404 1148 1452 lb.

211 1475 264 1532 4,
285 1471 370 1538 49,
400 1471 518 1524 109.
540 1499 606 1509 -
626 1474 704 1523 Ab
728 1470 893 1524 aedile
911 1471 1019 1521 ludi
1038 1485 1151 1522 san-

212 1535 429 1592 ctissimi
448 1543 671 1592 maxima
700 1557 813 1592 cum
836 1544 1153 1591 caeremonia

215 1609 406 1671 Cereri,
470 1609 655 1660 Libero
712 1613 1024 1673 Liberaeque
1075 1610 1151 1660 fa-

211 1680 385 1729 ciundi
401 1714 414 1738 ,
442 1678 590 1728 Verr.
615 1687 836 1732 accusat.
859 1679 914 1738 5,
944 1681 1007 1730 14
1024 1716 1037 1738 ,
1060 1677 1147 1731 36.

210 1771 278 1783 —-—
301 1747 494 1796 Cereris
514 1755 563 1796 et
580 1747 793 1796 Liberae
815 1763 973 1812 sacra,
998 1750 1072 1796 lb.
1096 1748 1146 1811 5,

141 1881 455 1948 Liberalia,
498 1885 608 1935 dies
646 1883 807 1934 festus
840 1899 887 1935 a.
926 1885 975 1934 d.
1008 1883 1146 1939 XVI.

209 1954 317 2007 Kal.
341 1952 505 2019 April.
523 1990 538 2017 ,
574 1954 662 2003 ubi
691 1961 810 2019 toga
838 1954 1005 2003 virilis
1040 1955 1150 2004 dari

210 2023 421 2083 solebat,
444 2022 650 2081 adsum.
673 2024 755 2087 12,
776 2023 860 2087 25,
887 2023 933 2073 l.
956 2023 1021 2073 ad
1040 2024 1146 2073 Att.

210 2090 260 2151 9,
284 2090 335 2153 9,
356 2093 410 2143 4.

140 2155 402 2210 Libertas
426 2162 545 2220 dea,
568 2161 631 2211 de
651 2176 698 2212 n.
723 2162 770 2208 d.
792 2162 841 2219 2,
864 2160 950 2220 23,
970 2161 1056 2212 61.
1080 2186 1147 2199 —

208 2258 277 2269 --
317 2230 645 2289 Quaestiones
681 2228 886 2278 habitae
922 2230 973 2279 in
1019 2231 1148 2280 atrio

208 2298 485 2349 Libertatis
500 2334 513 2359 ,
556 2311 649 2363 pro
685 2298 796 2350 Mil.
826 2299 923 2361 22,
962 2297 1047 2349 59.
1078 2324 1150 2337 —-

205 2368 477 2419 Libertatis
496 2369 679 2417 atrium
704 2369 757 2417 in
774 2368 885 2417 foro
897 2366 1145 2429 Romane,

206 2438 272 2487 ad
294 2440 397 2487 Att.
419 2438 483 2501 4,
519 2436 613 2501 16,
646 2437 731 2491 14.
754 2464 814 2473 —-
842 2437 1075 2487 Libertas
1090 2438 1147 2491 P.

210 2504 402 2567 Clodii,
425 2513 592 2556 statua
609 2504 883 2556 Libertatis
903 2522 933 2555 a
951 2508 1006 2556 P.
1032 2506 1146 2557 Clo-

207 2575 293 2624 dio
322 2576 376 2623 in
409 2589 530 2624 area
560 2576 743 2625 domus
765 2575 1023 2627 Ciceronis
1052 2590 1145 2642 po-

206 2644 307 2693 sita
324 2650 374 2691 et
392 2651 711 2706 consecrata,
734 2643 802 2692 ad
821 2643 926 2692 Att.
947 2646 999 2705 4,
1020 2646 1071 2709 2,
1092 2644 1143 2695 3.

206 2712 271 2759 de
292 2711 441 2760 domo
462 2726 553 2759 sua
573 2712 661 2774 41,
685 2710 803 2763 108.
826 2712 899 2760 lb.
921 2715 1008 2775 42,
1025 2712 1141 2767 110.

136 2774 300 2827 Libo.
333 2777 396 2826 V.
420 2775 764 2829 Scribonius.

135 2841 320 2913 Libya
340 2861 381 2896 s.
403 2843 585 2897 Libua
600 2882 614 2909 ,
644 2847 841 2907 Africa,
861 2849 925 2899 de
944 2866 993 2903 n.
1017 2852 1066 2901 d.
1090 2851 1142 2912 3,

207 2914 287 2972 10,
310 2917 394 2966 24.
418 2915 624 2970 Tuscul.
650 2916 695 2981 l,
718 2916 806 2978 20,
825 2918 913 2969 45.
934 2944 1002 2955 -
1020 2920 1142 2969 Eius

206 2984 443 3045 vastitaS,
463 2984 527 3035 de
546 3000 597 3034 n.
619 2985 671 3040 d.
697 2984 742 3050 1,
765 2984 848 3043 36,
874 2986 989 3038 101.
1080 2984 1086 2991 ’

132 3047 419 3103 Licentiae
449 3054 694 3119 templum
727 3069 755 3103 a
790 3055 847 3109 P.
884 3056 1058 3108 Clodio
1088 3059 1141 3107 in

203 3121 406 3172 sedibus
440 3122 646 3173 Larium
685 3124 1010 3177 familiarium
1057 3126 1140 3177 Ci-

202 3192 399 3241 ceronis
430 3191 811 3244 exaedificatum
830 3231 844 3255 ‚
878 3195 941 3246 de
960 3195 1060 3261 leg.
1084 3197 1137 3258 2,

205 3259 286 3320 17,
308 3260 393 3312 42.
432 3263 496 3311 V.
516 3258 798 3313 Libertas.

131 3323 348 3378 Licinia
367 3326 542 3392 atria,
566 3345 659 3395 pro
682 3332 879 3391 Quinct.
902 3330 952 3396 3,
981 3332 1062 3385 12.

130 3390 349 3446 Licinia
378 3397 499 3460 lex,
537 3400 599 3448 de
620 3400 996 3461 curationibus,
1032 3399 1136 3450 lata

820 213 1077 260 LIBERA
1108 235 1195 246 --·
1220 213 1548 260 LICINIUS·

1293 386 1340 417 e.
1373 369 1490 422 377.
1509 406 1524 434 ,
1549 369 1611 417 de
1631 367 1744 432 lege
1765 382 1872 433 agr.
1893 368 1952 426 2,
1971 366 2022 426 8,
2043 368 2129 418 21.
2169 369 2229 418 de

1293 439 1442 487 domo
1464 453 1558 486 sua
1576 436 1662 497 20,
1685 437 1769 487 51.

1222 503 1441 556 Licinia
1474 505 1591 569 lex,
1619 507 1681 555 de
1703 505 1966 556 sodaliciis
1995 520 2025 554 a
2054 506 2123 559 M.
2147 505 2231 555 Li-

1293 575 1428 624 cinio
1460 573 1670 638 Crasso,
1702 568 1913 639 Pompei
1933 573 2105 640 Magni
2127 575 2232 623 col·

1292 645 1405 708 lega
1447 644 1496 692 in
1530 644 1794 693 consulatu
1836 659 1883 694 a.
1921 659 1974 696 u.
2009 657 2050 692 c.
2086 642 2229 708 684„

1294 713 1421 772 lata,
1441 713 1506 761 ad
1528 713 1646 761 fam.
1673 713 1724 774 8,
1747 713 1795 772 2,
1823 713 1868 761 1.

1225 778 1442 831 Licinia
1473 789 1521 830 et
1548 779 1710 831 Iunia
1731 782 1839 844 lert,
1871 783 1937 831 ad
1957 783 2062 831 Att.
2083 782 2146 843 2,
2179 782 2230 844 9,

1296 853 1343 901 1.
1384 851 1456 902 Ib.
1482 850 1661 913 4,16,
1692 849 1740 899 5.
1781 849 2001 915 Philipp.
2023 849 2076 913 5,
2103 849 2154 911 3,
2175 849 2227 902 8.

1295 921 1346 968 in
1376 919 1548 968 Vatin.
1585 919 1677 984 14,
1718 917 1802 972 33.
1849 934 1941 984 pro
1975 917 2108 970 Sest.
2142 919 2229 979 64,

1223 1053 1444 1107 Licinia
1476 1064 1524 1106 et
1558 1053 1746 1108 Mucia
1777 1057 1861 1106 lex
1889 1057 1954 1107 de
1987 1057 2231 1123 regundis

1295 1123 1648 1190 (redigundis)
1678 1127 1874 1175 civibus
1902 1127 2006 1176 lata
2031 1141 2078 1176 a.
2105 1141 2160 1180 u.
2185 1142 2226 1175 e.

1293 1193 1412 1244 659.
1470 1195 1669 1246 Cornel.
1715 1197 1864 1259 prim.
1910 1195 2097 1261 fragm.
2145 1196 2227 1245 10.

1297 1280 1342 1326 p.
1369 1261 1486 1312 210.
1526 1279 1617 1329 pro
1638 1265 1798 1314 Balbo
1817 1264 1901 1329 21,
1922 1263 2008 1318 48.
2045 1265 2122 1314 lb.
2143 1265 2229 1324 2-1,

1291 1333 1376 1384 59.
1415 1331 1557 1386 Brut.
1595 1332 1793 1398 16,63.
1834 1335 1896 1383 de
1930 1333 2014 1384 off.
2048 1333 2110 1394 3,
2147 1333 2228 1396 11,

1221 1467 1470 1534 Licinia,
1506 1471 1650 1536 virgo
1683 1471 1938 1532 VestaliS,
1981 1471 2044 1521 de
2079 1472 2230 1521 domo

1291 1554 1384 1588 sua
1405 1537 1490 1598 53,
1515 1537 1629 1590 136.

1222 1604 1470 1670 Licinia,
1509 1610 1654 1672 virgo
1691 1608 1915 1658 Vestalis
1958 1609 2172 1659 defensa
2203 1625 2232 1658 a

1297 1679 1353 1725 L.
1377 1676 1555 1726 Crasso
1575 1686 1773 1727 oratore
1791 1715 1804 1739 ,
1837 1678 1977 1730 Brut.
2001 1677 2086 1746 43,
2110 1678 2229 1730 160.

1221 1743 1471 1810 Licinia,
1507 1746 1560 1796 C.
1595 1747 1757 1795 Cassii
1793 1763 1966 1806 soror,
2006 1748 2099 1797 sed
2129 1762 2232 1797 non

1291 1830 1557 1880 germana,
1579 1814 1644 1864 ad
1665 1815 1785 1864 fam.
1809 1818 1858 1876 7,
1879 1814 1965 1880 23,
1985 1817 2036 1865 4.

1219 1881 1468 1947 Licinia,
1502 1883 1559 1938 L.
1586 1883 1748 1936 Crassi
1781 1887 1991 1936 oratoris
2012 1885 2141 1945 filia,
2170 1885 2227 1935 P.

1292 1953 1548 2019 Scipioni,
1585 1954 1875 2020 Serapionis
1902 1956 2100 2020 nepoti,
2131 1970 2230 2004 nu-

1291 2024 1423 2087 psit,
1445 2022 1586 2074 Brut.
1607 2023 1701 2085 58,
1723 2024 1839 2074 211.

1220 2088 1472 2142 Liciniae
1507 2093 1712 2155 ambae,
1750 2093 1809 2145 L.
1846 2093 2029 2143 Licinii
2060 2091 2232 2142 Crassi

1291 2162 1505 2211 oratoris
1546 2162 1680 2210 filiae
1719 2177 1782 2210 ex
1815 2162 2010 2219 Mucia,
2047 2169 2228 2226 neptes

1290 2230 1495 2280 Laeliae
1516 2228 1568 2280 C.
1594 2230 1648 2282 F.
1666 2269 1678 2291 ,
1714 2246 1924 2292 quarum
1956 2230 2111 2279 altera
2136 2244 2229 2278 nu-

1291 2302 1392 2363 psit
1413 2296 1637 2363 Scipioni
1658 2299 1874 2349 Nasicae
1888 2337 1902 2364 ,
1935 2298 2228 2365 Serapionis

1291 2370 1478 2433 nepoti.
1518 2394 1584 2405 —-
1621 2368 1806 2418 Earum
1833 2384 2042 2431 sermo,
2083 2368 2225 2418 Brut.

1288 2436 1372 2501 58,
1395 2435 1515 2488 211.

1217 2502 1508 2556 Liciniana
1541 2506 1721 2555 domus
1743 2506 1808 2556 ad
1836 2506 2003 2556 lucum
2025 2506 2226 2557 Pisonis

1287 2592 1316 2624 a
1349 2574 1409 2634 Q.
1439 2575 1677 2627 Cicerone
1712 2576 1959 2626 conducta
2001 2590 2047 2628 a.
2086 2592 2138 2627 u.
2174 2591 2224 2629 c.

1285 2643 1424 2706 698„
1449 2644 1515 2693 ad
1535 2644 1594 2703 Q.
1618 2644 1680 2694 fr.
1703 2646 1754 2708 2,
1783 2644 1833 2705 3,
1855 2645 1907 2699 7.

1214 2708 1493 2777 Licinius,
1538 2712 1698 2763 Catuli
1738 2713 1924 2774 cliens,
1975 2713 2226 2764 litteratus

1284 2782 1436 2833 homo
1453 2818 1465 2839 ‚
1490 2798 1669 2832 servus
1685 2796 1717 2831 a
1735 2798 1886 2831 manu
1909 2782 1962 2833 C.
1987 2780 2223 2845 Gracchi,

1284 2853 1346 2901 de
1366 2859 1490 2902 orat.
1515 2850 1565 2911 3,
1584 2850 1670 2917 60,
1693 2851 1812 2902 225.

1212 2917 1462 2970 Licinius
1489 2920 1768 2986 gladiator,
1801 2920 2019 2986 cupidus
2051 2919 2222 2971 Catili-

1281 3004 1403 3051 nae,
1434 2990 1483 3039 in
1502 2998 1622 3056 toga
1643 2990 1788 3039 caud.
1811 2998 1940 3043 extr.
1963 3005 2014 3055 p.
2037 2988 2158 3043 243.

1211 3054 1491 3122 Licinius,
1518 3057 1574 3117 Q.
1601 3058 1857 3110 Ciceronis
1883 3060 2219 3121 necessariuS,

1282 3128 1345 3176 ad
1373 3128 1430 3185 Q.
1452 3127 1520 3180 fr.
1544 3129 1666 3192 2,1,
1692 3128 1738 3177 l.

1209 3193 1458 3246 Licinius
1491 3212 1629 3263 popa
1660 3198 1833 3247 nescio
1869 3198 1956 3260 qui
1995 3198 2057 3247 de
2087 3198 2219 3246 circo

1161 3277 1181 3282 -
1281 3266 1499 3317 maximo
1515 3302 1530 3329 ,
1550 3281 1644 3331 pro
1667 3266 1773 3315 Mil.
1795 3268 1880 3324 24,
1901 3264 1986 3317 65.

1206 3330 1486 3398 Licinius,
1527 3350 1706 3385 servus
1746 3334 1940 3401 Aesopi
1985 3332 2221 3398 tragoedi

1277 3402 1548 3465 fugitivus,
1582 3404 1646 3452 ad
1669 3404 1725 3463 Q.
1749 3402 1810 3456 fr.
1838 3404 1886 3461 1,
1907 3403 1958 3467 2,
1978 3404 2031 3453 4.
2053 3405 2103 3465 S.
2131 3401 2214 3455 14.

196 3478 224 3509 a
246 3464 437 3514 Licinio
457 3464 663 3517 Stolone
679 3504 693 3529 ‚
714 3470 831 3518 trib.
851 3467 986 3533 pleb.
1010 3485 1056 3519 a.
1078 3485 1130 3521 u.
1202 3467 1452 3520 Licinius
1501 3471 1783 3537 plagiarius
1799 3508 1814 3533 ,
1857 3473 1908 3520 in
1949 3471 2217 3536 provittcia
