2500 3850
327 235 448 294 412

390 417 504 452 nem
547 399 614 450 ad
661 400 859 466 plebem
904 399 1212 462 adiuvisset,
1267 415 1329 449 ne

389 470 514 533 quid
550 469 810 520 moliretur
836 469 904 519 ad
922 468 1209 519 Ciceronem
1239 484 1330 518 ve·-

389 533 643 603 xandum,
691 537 864 590 Cicero
908 538 1115 598 scribit,
1166 538 1211 586 si
1253 552 1331 594 ea,

392 623 521 672 quae
557 607 620 658 de
648 623 704 659 se
736 615 887 674 pacta
919 607 1045 665 sint,
1087 620 1118 654 a
1152 603 1330 656 Clodio

369 676 490 727 'non
523 684 815 738 serventur,
855 690 912 724 se
942 677 993 724 in
1026 672 1167 724 caelo
1198 690 1330 736 esse,

391 756 447 798 ut
496 747 622 796 sciat
667 743 1126 809 Hierosolymarius
1171 743 1231 808 (i.
1284 759 1329 792 e.

391 813 685 880 Pompeius)
721 815 982 864 traductor
1015 812 1082 862 ad
1113 811 1332 876 plebem,

392 899 543 948 quam
566 885 747 934 bonam
780 883 886 934 suis
915 881 1199 947 putissimis
1223 895 1335 933 ora-

391 953 612 1004 tionibus
647 954 864 1018 gratiam
902 950 1177 1015 rettulerit,
1214 965 1335 1013 qua-

393 1037 503 1072 rum
535 1037 590 1070 se
623 1022 849 1071 divinam
879 1020 950 1069 ait
975 1019 1210 1069 meditari
1230 1033 1336 1066 πα-

391 1085 682 1156 λινῳδίαν,
708 1091 781 1142 Ib.
805 1091 855 1151 2,
876 1089 928 1147 9,
957 1088 1001 1137 1.
1025 1113 1093 1122 —-
1114 1087 1251 1148 Quae
1273 1088 1337 1136 de

392 1159 648 1207 tribunatu
692 1156 883 1222 plebis,
939 1171 1088 1219 quem
1127 1155 1337 1206 Clodius

391 1228 642 1292 petiturus
659 1234 763 1275 erat
779 1263 794 1291 ,
829 1226 1017 1290 cogitet
1039 1225 1246 1289 exponit
1266 1226 1334 1274 ib.

391 1298 422 1345 2
437 1335 452 1356 ‚
479 1295 541 1346 15
557 1333 570 1354 ,
591 1297 643 1346 2.
664 1323 736 1334 —-
753 1297 876 1345 Item
907 1295 970 1344 de
999 1294 1110 1360 lege
1133 1294 1338 1359 agraria

393 1379 422 1414 a
446 1364 663 1416 Caesare
680 1363 1005 1430 promulgata
1036 1371 1086 1413 et
1105 1363 1169 1413 de
1188 1363 1337 1411 Pom-

391 1436 498 1500 peii
523 1437 574 1484 in
595 1449 654 1484 ea
684 1434 947 1499 probanda
977 1432 1218 1490 consilio,
1261 1433 1331 1480 Ib.

394 1504 425 1553 2
443 1539 457 1564 ,
493 1504 585 1568 16,
618 1504 666 1554 1.
691 1506 740 1554 2.
761 1503 1144 1566 —Pompeium
1170 1501 1239 1551 ait
1261 1508 1339 1562 ty-

394 1573 654 1620 rannidem
676 1571 958 1635 adfectare,
989 1572 1060 1620 Ib.
1083 1573 1142 1631 2,
1168 1569 1261 1629 17,
1289 1569 1333 1618 1.

393 1666 462 1677 —
491 1641 822 1705 Desperatum
862 1642 935 1689 rei
969 1639 1110 1706 publ.
1150 1642 1335 1687 statum

396 1708 557 1770 dolet,
590 1708 664 1761 Ib.
689 1710 747 1772 2,
783 1709 875 1772 18,
905 1711 960 1767 1,
987 1710 1037 1758 2.
1057 1707 1193 1755 -Α
1214 1705 1338 1756 Cae-

350 1813 356 1818 ·
393 1792 508 1827 sare
529 1792 585 1826 se
604 1777 879 1827 liberaliter
907 1777 1110 1827 invitari
1143 1775 1335 1835 scribit,

397 1854 450 1896 ut
479 1845 578 1895 sibi
608 1847 674 1895 sit
696 1845 922 1913 legatus,
956 1847 1105 1895 etiam
1127 1844 1340 1893 liberam

397 1916 704 1983 legationem
725 1917 826 1966 voti
853 1930 1005 1966 causa
1025 1914 1162 1977 dari,
1186 1928 1339 1977 quam

392 1995 561 2036 tamen
595 1988 840 2037 adversus
871 1984 1034 2036 Clodii
1066 1984 1337 2050 impuden-

395 2057 518 2105 tiam
556 2056 799 2120 praesidii
848 2056 972 2103 satis
1009 2068 1109 2105 non
1149 2051 1337 2101 habere

395 2132 556 2187 putat.
595 2126 770 2185 Itaque
795 2123 934 2172 illam
955 2123 1158 2185 quidem
1187 2136 1241 2171 se
1263 2128 1337 2169 te·

395 2207 513 2241 nere
533 2194 621 2250 ait,
640 2194 732 2241 sed
753 2206 959 2239 usurum
978 2191 1118 2240 haud
1135 2196 1335 2255 putare,

396 2261 467 2308 Ib.
499 2260 532 2309 2
551 2295 564 2317 ,
602 2259 666 2309 18
683 2297 697 2320 ,
722 2259 772 2310 3.
795 2285 864 2293 —
885 2259 1066 2323 Sperat
1088 2273 1142 2307 se
1171 2256 1339 2308 Clodii

397 2329 558 2378 minas
602 2328 680 2379 vel
724 2328 895 2379 subire
933 2343 1048 2377 cum
1091 2327 1339 2392 dignitate

393 2397 475 2447 vel
497 2396 752 2449 declinare
783 2397 891 2447 sine
911 2397 1142 2447 molestia
1163 2410 1334 2462 posse,

396 2468 469 2517 Ib.
492 2468 551 2528 2,
584 2467 667 2528 19,
691 2467 740 2521 1.
760 2494 831 2503 —-
853 2465 1096 2517 Cosconio
1117 2472 1335 2522 mortuo,

398 2537 484 2599 qui
509 2544 614 2586 erat
642 2538 770 2587 inter
785 2534 1026 2587 XXviros
1045 2549 1170 2600 agro
1191 2532 1339 2583 Cam-

395 2620 530 2671 pano
549 2606 830 2656 dividundo
845 2643 860 2670 ,
898 2606 1137 2655 invitatur
1155 2604 1208 2653 in
1229 2604 1339 2651 eius

397 2672 596 2738 locum,
631 2675 686 2724 id
718 2684 770 2724 ut
799 2682 946 2738 turpe
969 2673 1230 2737 repudiat,
1262 2672 1334 2719 lb.

395 2742 427 2788 2
444 2778 460 2799 ‚
488 2743 571 2802 19,
601 2743 655 2796 4.
678 2770 742 2779 ·-·
769 2742 955 2793 Scribit
972 2757 1001 2791 a
1020 2742 1263 2805 Pompeio
1282 2755 1338 2788 se

399 2812 588 2869 amari,
643 2810 875 2861 Clodium
915 2812 1014 2861 sibi
1057 2809 1339 2875 periculum

399 2879 705 2928 denunciare
720 2916 735 2939 ,
756 2880 1051 2943 Pompeium
1072 2877 1339 2927 adfirmare

398 2962 453 2997 se
482 2950 623 3013 prius
647 2949 867 2997 occisum
891 2949 953 2998 ab
989 2964 1048 2997 eo
1075 2962 1224 3010 quam
1258 2946 1340 2996 Ci-

398 3032 625 3067 ceronem
661 3017 904 3069 violatum
935 3019 1026 3079 iri,
1058 3018 1132 3068 Ib.
1164 3017 1226 3076 2,
1251 3016 1337 3073 20,

398 3087 425 3136 1
467 3101 546 3151 sq.
585 3114 654 3123 ——
704 3087 890 3137 Scribit
926 3088 990 3138 de
1025 3086 1224 3151 perdito
1266 3086 1339 3133 rei

395 3156 539 3221 publ.
563 3164 696 3206 statu
717 3168 765 3207 et
784 3158 976 3207 maiore
1008 3155 1145 3219 quod
1171 3153 1339 3203 immi-

397 3232 511 3273 neat
547 3227 799 3290 periculo,
845 3227 907 3277 de
945 3226 1077 3275 mala
1114 3224 1340 3287 Pompeii

398 3294 766 3343 existimatione
805 3304 854 3345 et
901 3294 1062 3350 Bibuli
1110 3292 1337 3343 consulis

398 3361 558 3421 gloria
575 3398 588 3414 .
623 3363 685 3411 de
706 3365 811 3412 suis
846 3380 907 3413 ex
935 3362 1097 3413 Clodii
1121 3361 1338 3410 inimici·

396 3438 465 3475 tia
486 3431 753 3492 periculis,
787 3432 859 3480 Ib.
893 3435 952 3491 2,
989 3432 1075 3481 21.
1096 3456 1164 3465 -
1188 3430 1339 3477 Amat

398 3496 721 3559 Pompeium,
773 3500 867 3547 etsi
899 3504 1106 3562 propter
1140 3496 1339 3546 Clodia-

835 245 908 291 M.
932 245 1227 293 TULLIUS
1251 246 1323 296 M.
1346 245 1410 294 F.
1433 248 1503 292 M.
1528 247 1592 294 N.
1620 245 1893 292 CICERO.

1470 415 1588 450 num
1625 402 1884 465 negotium
1922 415 2073 451 nemo
2120 408 2273 466 putat
2315 417 2425 451 enm

1471 469 1546 519 illi
1566 471 1784 518 amicum
1804 484 1917 518 esse
1938 471 2145 530 debere,
2170 470 2246 519 lb.
2268 472 2321 531 2,
2344 471 2426 529 21,

1468 541 1525 586 4.
1579 564 1650 576 -
1694 538 1971 602 Pompeius
2024 540 2121 588 etsi
2164 539 2429 590 confirmat

1472 606 1705 668 Clodium
1740 607 1869 656 nihil
1907 614 2085 656 contra
2127 607 2426 658 Ciceronem

1474 675 1757 738 facturum,
1788 675 1872 724 hic
1900 683 2070 725 tamen
2090 677 2162 727 ad
2190 678 2423 727 resisten-

1474 746 1596 796 dum
1632 760 1689 794 se
1724 751 1896 810 parat,
1934 745 2008 797 Ib.
2048 747 2112 804 2,
2150 746 2251 803 21,
2286 745 2340 797 6.
2368 773 2423 780 --

1475 814 1660 864 Scribit
1684 829 1743 864 se
1763 812 1983 878 publicis
2004 814 2243 864 consiliis
2276 814 2423 864 nullis

1476 885 1720 934 interesse
1736 918 1751 947 ,
1792 882 1886 931 sed
1922 884 2096 932 causis
2138 883 2421 933 forensibus

1474 967 1681 1018 operam
1709 953 1854 1009 dare,
1876 951 1948 1000 lb.
1976 954 2008 1000 2
2030 988 2043 1010 ‚
2069 954 2157 1012 22,
2182 952 2237 1004 3.
2282 955 2354 1005 Ib.
2380 954 2421 1011 2,

1474 1021 1575 1082 23,
1613 1020 1665 1076 3.
1692 1047 1762 1057 —-
1783 1019 1948 1079 Quum
1985 1018 2199 1072 Clodius
2234 1023 2289 1070 in
2325 1023 2421 1071 dies

1476 1093 1696 1141 maiores
1716 1097 1935 1148 terrores
1957 1090 2293 1140 denunciaret
2307 1127 2323 1151 ,
2343 1091 2423 1138 At-

1474 1162 1634 1210 ticum
1679 1159 1886 1223 saepius
1930 1167 2081 1224 rogat
2121 1159 2335 1218 Cicero,
2376 1171 2421 1205 ut

1476 1229 1689 1278 Romam
1712 1225 1945 1289 advolet,
1966 1228 2036 1277 Ib.
2061 1229 2112 1291 2,
2134 1229 2207 1278 22
2222 1267 2238 1292 ,
2260 1231 2313 1277 4.
2352 1228 2419 1276 lb.

1476 1300 1541 1360 2,
1561 1299 1657 1358 23,
1680 1296 1731 1350 3.
1767 1297 1839 1344 lb.
1866 1297 1925 1357 2,
1951 1297 2048 1361 24,
2072 1296 2238 1349 5.1b.
2260 1298 2322 1354 2,
2342 1297 2419 1351 25,

1476 1368 1529 1417 2.
1560 1394 1626 1402 -
1659 1368 1858 1414 Interea
1884 1363 2058 1416 Cicero
2086 1365 2171 1414 bis
2204 1364 2421 1415 defendit

1478 1437 1543 1488 A.
1584 1435 1858 1484 Thermum
1896 1433 2165 1500 Flaccum,
2212 1436 2334 1484 item
2368 1433 2415 1480 L.

1477 1505 1739 1555 Valerium
1774 1502 2033 1558 Flaccum,
2075 1505 2164 1564 qui
2197 1518 2262 1552 ex
2286 1516 2419 1566 prae·

1476 1582 1589 1623 tura
1605 1573 1845 1624 Cicerone
1868 1572 2077 1622 consule
2096 1581 2245 1637 gesta
2258 1574 2419 1622 Asiam

1476 1642 1795 1708 provinciam
1816 1640 2101 1689 obtinuerat
2121 1677 2136 1701 ,
2164 1656 2197 1690 a
2217 1641 2284 1694 D.
2306 1640 2419 1689 Lae-

1478 1713 1545 1761 lio
1570 1712 1632 1762 de
1651 1709 1883 1776 pecuniis
1904 1710 2203 1773 repetundis
2226 1724 2418 1760 accusa-

1479 1789 1583 1830 tum
1602 1818 1617 1841 ,
1643 1795 1745 1828 una
1768 1793 1881 1827 cum
1901 1778 2169 1828 Hortensio
2204 1779 2415 1828 defendit

1481 1849 1723 1909 oratioue,
1740 1863 1869 1910 quae
1886 1854 2068 1908 exstat,
2082 1847 2413 1906 cf.ib.2‚25,l.

1547 1921 1608 1971 A.
1631 1934 1681 1967 u.
1705 1933 1749 1965 c.
1771 1915 1892 1969 696.
1916 1925 2011 1965 aet.
2031 1915 2220 1968 XLIX.
2243 1917 2302 1971 L.
2317 1915 2415 1967 Cal-

1478 1988 1659 2051 purnio
1692 1986 1880 2035 Pisone
1911 1986 2199 2035 Caesonino
2230 1990 2293 2035 A.
2331 1985 2415 2034 Ga-

1479 2056 1617 2106 binio
1640 2070 1771 2105 cosS.
1806 2053 2014 2104 Clodius
2035 2056 2273 2105 tribunus
2293 2055 2415 2119 pleb.
2470 2068 2472 2073 ¹

1476 2124 1639 2174 factus
1660 2130 1859 2190 praeter
1888 2124 2015 2172 alias
2048 2122 2193 2189 leges
2217 2123 2413 2188 popula·
2471 2124 2472 2145 l

1476 2210 1556 2242 res
1578 2202 1626 2243 et
1645 2193 1961 2261 perniciosas
1980 2192 2115 2242 hanc
2136 2207 2331 2256 quoque
2348 2202 2415 2239 tu-

1477 2263 1563 2319 lit,
1597 2271 1653 2312 ut
1679 2264 1769 2324 qui
1792 2261 1957 2311 civem
1976 2262 2267 2311 Romanum
2288 2261 2412 2309 inde·

1479 2338 1701 2381 mnatum
1725 2330 2093 2391 interemisset,
2132 2332 2182 2379 ei
2216 2344 2345 2391 aqua
2372 2336 2411 2377 et

1478 2400 1585 2465 igni
1615 2400 2027 2460 interdiceretur,
2054 2414 2156 2461 qua
2189 2397 2302 2463 lege
2330 2398 2411 2446 etsi

1478 2484 1578 2519 non
1627 2469 1980 2518 nominabatur
2014 2468 2223 2531 Cicero,
2261 2477 2407 2515 tamen

1477 2538 1616 2588 solus
1682 2539 1966 2603 petebatur.
2042 2534 2219 2586 Cicero
2273 2536 2409 2600 igitur

1478 2616 1733 2668 tamquam
1782 2622 1901 2657 reus
1954 2606 2199 2655 vestitum
2252 2611 2409 2658 mutat,

1477 2675 1765 2727 sordidatus
1784 2674 1974 2724 incedit
1992 2675 2287 2739 populoque
2306 2687 2407 2735 sup·
2464 2688 2466 2733 ἢ

1476 2745 1597 2810 plex
1614 2744 1697 2809 fit,
1718 2744 1863 2795 cuius
1883 2744 1956 2792 rei
1977 2758 2094 2793 eum
2116 2758 2232 2794 sero
2255 2742 2407 2807 poeni·
2464 2742 2466 2755 '

1478 2820 1565 2863 tet.
1603 2810 1764 2862 Simul
1783 2820 1953 2863 tamen
1976 2826 2089 2861 cum
2113 2826 2172 2862 eo
2198 2820 2407 2874 equester

1479 2880 1602 2931 ordo
1629 2887 1935 2944 senatusque
1968 2880 2211 2943 frequens
2238 2888 2403 2929 vestem
2462 2916 2465 2937 ἓ

1478 2964 1570 3016 pro
1610 2949 1869 3001 Ciceronis
1912 2950 2078 2999 salute
2130 2948 2401 2998 mutandam

1480 3020 1695 3082 censuit,
1714 3033 1809 3083 pro
1831 3019 1964 3071 Sest.
1985 3019 2069 3079 12,
2085 3020 2254 3068 27.-
2268 3019 2401 3066 Imm)

1481 3104 1636 3151 quum
1676 3087 1994 3139 incredibilis
2030 3088 2082 3137 in
2122 3086 2401 3153 Capitolium

1478 3156 1748 3207 multitudo
1780 3173 1845 3209 ex
1867 3165 1967 3206 tota
1988 3156 2113 3205 urbe
2146 3163 2401 3216 cunctaque

1478 3226 1621 3276 Italia
1642 3228 1989 3285 convenisset,
2011 3233 2211 3275 vestem
2232 3232 2399 3273 mutan·
2460 3264 2462 3277 ,

1479 3295 1597 3346 dam
1642 3309 1818 3347 omnes
1860 3294 2253 3357 Ciceronemque
2289 3290 2397 3343 omni

1478 3364 1674 3413 ratione
1732 3363 2111 3414 defendendum
2174 3368 2395 3429 putarunt.

1477 3446 1570 3498 pro
1593 3430 1719 3483 Sest.
1745 3434 1835 3493 12,
1871 3430 1956 3481 28.
1977 3459 2049 3467 -—
2070 3431 2315 3482 Consules
2344 3430 2397 3477 in-

1478 3502 1619 3549 terim
1639 3501 1921 3558 edixeruut‚
1948 3509 1999 3548 ut
2022 3508 2231 3549 senatus
2251 3500 2312 3548 ad
2336 3514 2395 3547 ve-
2458 3528 2460 3537 ·

2415 3674 2459 3811 l
