2500 3850
164 179 289 243 204

636 193 949 242 IUTURNA
976 214 1062 226 -·
1094 195 1567 245 M.1UVENT1US
1591 197 1799 246 PEDO.

235 347 354 400 129.
390 374 459 384 -
494 349 611 398 Tria
638 348 927 400 ferebantur
966 348 1017 401 in
1051 352 1174 403 orbe
1242 353 1495 406 Iuturna.
1544 352 1751 404 Statuae
1780 352 2078 415 inauratae,
2128 369 2274 420 quas

232 425 480 467 terrarum
506 421 654 483 signa
675 419 809 468 Iovis
832 420 1170 486 imperatoris,

232 500 334 537 nno
354 486 407 536 in
426 501 615 552 genere
646 487 985 552 pulcherrime
1008 490 1167 540 facta.

235 569 391 604 unum
428 556 479 605 in
506 557 831 615 Macedonia,
866 556 1082 609 alterum
1120 559 1171 607 in

232 624 380 674 Ponti
418 640 506 675 ore
542 633 591 676 et
624 626 904 690 angustiiS‚
948 630 1169 688 tertium,

236 695 373 755 quod
386 693 647 758 Syracusis
666 702 783 744 ante
794 695 1003 746 Verrem
1024 711 1171 761 prae-

232 772 394 812 torem
424 763 519 812 fuit
534 797 550 821 ‚
582 765 726 816 Verr,
750 772 971 816 accusat.
995 767 1058 828 4,
1080 765 1164 825 58,

235 831 353 883 129.
370 857 443 869 -
472 830 667 882 Iovem
690 829 959 896 Lapidem
978 835 1166 894 iurare,

231 903 295 950 ad
322 900 443 954 fam.
469 903 521 960 7,
551 903 634 963 12,
665 902 715 950 2.
744 927 812 937 -
842 903 975 953 lovis
995 903 1170 952 Latia-

232 970 300 1018 ris
323 970 464 1018 lacus
491 984 695 1020 nemora
723 970 951 1033 finesque
971 972 1030 1023 Ρ.
1054 973 1170 1025 Clo-

232 1038 345 1086 dius
364 1053 518 1102 saepe
541 1039 676 1088 omni
709 1039 902 1088 nefario
924 1048 1099 1105 stupro
1120 1049 1169 1092 et

232 1106 423 1156 scelere
444 1107 743 1164 maculavit,
765 1122 856 1172 pro
880 1109 1064 1160 Milone
1082 1109 1167 1173 31,

231 1172 936 1241 85oe-—1uppiterMinianua
958 1180 1024 1228 ad
1042 1179 1169 1229 fam.

230 1243 719 1307 9,16,8.—-10vis
749 1245 974 1312 Olympii
1010 1249 1167 1298 simu-

232 1313 423 1364 lacrum
446 1329 479 1363 a
495 1314 679 1366 Phidia
698 1316 982 1365 confectum
998 1352 1013 1379 ,
1038 1326 1165 1366 orat.

230 1384 292 1442 2,
315 1384 361 1432 5.
401 1384 476 1432 lb.
497 1384 560 1447 2,
581 1385 631 1436 9.
681 1409 738 1421 -
779 1386 885 1435 lovi
927 1384 1165 1452 Olympio

232 1467 440 1502 aureum
486 1453 761 1503 amiculum
808 1454 1084 1504 detractum
1136 1469 1167 1503 a

230 1520 475 1585 Dionysio
506 1524 725 1582 maiore,
760 1523 825 1572 de
844 1538 894 1572 n.
928 1525 980 1576 d.
1006 1523 1057 1583 3,
1077 1522 1163 1584 34,

230 1589 315 1641 83.
356 1617 422 1626 -
462 1591 693 1655 Iuppiter
712 1593 960 1656 optimus,
1000 1593 1164 1642 maxi-

230 1673 344 1708 mus
366 1694 380 1717 ,
416 1658 687 1714 salutaris,
725 1659 1023 1724 hospitam,
1064 1668 1166 1711 sta-

227 1727 354 1774 toris
395 1741 545 1788 quem
584 1728 651 1776 ad
694 1730 902 1778 modum
950 1730 1163 1790 dicatur,

230 1795 293 1844 de
312 1793 396 1843 fin.
422 1793 471 1851 3,
493 1792 578 1857 20,
600 1795 686 1846 66.
705 1821 764 1832 —
788 1798 1015 1860 Iuppiter
1033 1798 1166 1862 opti·-

227 1877 343 1911 mus
402 1864 687 1927 maximus,
757 1863 955 1918 Gornel.
1007 1867 1159 1931 prim.

228 1933 414 1999 fragm.
455 1932 539 1985 28.
579 1948 633 1998 p.
673 1933 793 1985 213.
830 1962 897 1973 —
942 1936 1167 2001 luppiter

226 2011 405 2067 pater,
442 2003 625 2070 fragm.
657 2018 710 2068 p.
743 2005 863 2055 515.
897 2029 954 2041 -
990 2006 1167 2072 Iuppi-

228 2082 306 2120 ter
322 2086 465 2136 puer,
489 2073 678 2123 lactens
699 2089 813 2123 cum
834 2075 1025 2125 Iunone
1044 2075 1166 2124 For-

226 2148 377 2190 tunae
426 2142 478 2190 in
519 2143 714 2207 gremio
756 2144 968 2205 sedens,
1006 2158 1164 2193 mam-

227 2222 363 2258 mam
384 2220 658 2275 appetens,
696 2211 967 2261 Praeneste
988 2214 1166 2262 castis-

226 2279 353 2327 sime
374 2279 555 2329 colitur
580 2295 610 2329 a
631 2281 892 2345 mati-ihm,
918 2281 980 2330 de
1002 2281 1162 2331 divin.

226 2348 276 2407 2,
287 2348 373 2407 41,
396 2346 479 2400 85.
504 2374 561 2385 -
584 2349 719 2399 lovis
738 2351 1043 2415 cognomina
1062 2358 1163 2400 sta-

225 2426 304 2467 tor
322 2426 371 2468 et
390 2418 639 2483 invictus,
680 2419 743 2469 de
764 2419 867 2485 leg.
898 2421 948 2479 2,
973 2416 1055 2480 11,
1074 2419 1161 2471 28.

224 2514 289 2523 -—-
313 2488 541 2553 Iuppiter
558 2496 745 2549 stator,
776 2489 1164 2552 antiquissimus

226 2562 398 2607 custos
426 2558 568 2607 urbis
599 2559 813 2621 Romae,
848 2559 903 2606 in
935 2557 1084 2608 Catil.
1109 2557 1158 2620 l,

224 2625 282 2681 5,
322 2624 405 2673 11.
444 2651 515 2661 -
551 2626 772 2684 Iisdem,
812 2626 999 2687 quibus
1036 2626 1164 2676 haee

225 2690 374 2754 Urbs,
413 2693 659 2755 auspiciis
684 2709 715 2743 a
733 2693 949 2743 Romulo
972 2697 1161 2745 consti·

222 2767 380 2820 tutus,
425 2759 499 2811 Ib.
526 2760 573 2819 1,
592 2761 676 2824 13,
696 2760 782 2813 33.
804 2764 1026 2813 -Iovis
1056 2772 1161 2814 sta-

222 2827 349 2876 toris
395 2827 639 2890 templum
688 2846 720 2879 a
757 2831 972 2882 Romulo
1009 2833 1159 2882 victis

222 2892 427 2944 Sabinis
454 2896 509 2944 in
530 2897 713 2949 Palatii
745 2901 915 2951 radice
934 2916 1048 2950 cum
1069 2902 1161 2950 Vi-

222 2964 383 3014 ctoria
405 2974 483 3015 est
504 2969 848 3029 constitutum,
861 2968 1155 3023 Pseudocic.

224 3042 495 3098 antequam
525 3037 619 3087 iret
650 3038 703 3087 in
724 3052 806 3090 ex.
834 3038 926 3098 10,
968 3040 1053 3088 24.
1088 3065 1158 3075 --

218 3104 353 3153 Iovis
380 3107 586 3157 statoris
618 3108 819 3171 signum
846 3108 985 3171 apud
1003 3108 1158 3157 Arre·

220 3172 374 3235 tium,
414 3174 477 3224 de
497 3176 650 3226 divin.
675 3176 723 3236 1,
754 3175 840 3237 35,
864 3178 951 3229 77.
975 3202 1045 3212 --
1078 3178 1159 3227 Io-

223 3244 301 3291 vis
354 3240 463 3292 Urit
523 3244 694 3294 fanum
747 3244 1157 3308 antiquissimum

221 3310 547 3363 barbarorum
578 3315 1055 3378 sanctissimumque
1078 3314 1158 3365 di-

217 3387 421 3496 22⁹⁰&
460 3396 491 3429 a
534 3382 592 3434 L.
635 3382 847 3441 Pisone,
898 3383 948 3431 in
987 3383 1157 3435 Pison-

1313 423 1550 474 Staienus
1569 424 1743 488 posuit
1770 423 1836 472 ad
1855 423 2124 484 Iuturnae,
2161 440 2270 490 pro

1313 493 1541 543 Cluentio
1562 491 1802 552 36,101.

1242 577 1543 641 Iuventas,
1591 575 1703 625 deis
1754 576 1939 639 pocula
1977 577 2264 636 ministrat,

1311 645 1522 696 Tuscul.
1554 644 1614 705 1,
1652 644 1744 702 26,
1785 644 1870 695 65.
1910 671 1976 682 -
2015 647 2261 696 Inventas

1310 714 1494 780 pocula
1511 713 1834 775 ministr-ane,
1857 715 1924 764 de
1945 729 1995 765 ιι.
2019 716 2070 768 d.
2095 715 2144 778 1,
2168 715 2266 775 40,

1308 785 1426 835 112.
1448 809 1517 820 -
1535 783 1668 833 Ludi
1686 784 1978 848 Iuventatis,
2007 798 2140 848 quos
2161 783 2260 834 Sa-

1307 854 1496 904 linator
1535 852 1751 903 Senensi
1786 850 1982 917 proelio
2021 869 2073 906 a.
2114 869 2166 902 u.
2203 869 2249 903 c.

1308 923 1430 976 547.
1470 929 1707 982 voverat,
1747 921 1869 970 facti
1891 923 2100 972 demum
2129 937 2175 970 a.
2196 937 2249 971 ιι.

1311 1008 1355 1042 c.
1379 991 1531 1053 557„
1567 990 1707 1044 Brut.
1734 989 1828 1054 18,
1861 989 1947 1042 73.
1991 1016 2063 1028 -—
2091 991 2256 1040 Anni-

1309 1061 1538 1110 versaria
1568 1074 1713 1110 sacra
1731 1059 2010 1110 Iuventatis
2047 1075 2090 1110 a.
2119 1074 2170 1108 u.
2205 1076 2250 1110 c.

1309 1128 1430 1180 694.
1468 1143 1569 1178 ιιοιι
1604 1129 1904 1189 commissa,
1945 1130 2013 1179 ad
2051 1131 2157 1178 Att.
2202 1129 2254 1192 1,

1309 1197 1406 1261 18,
1444 1198 1496 1252 3.

1234 1278 1496 1332 Iuventia
1515 1296 1670 1346 gens,
1706 1296 1798 1346 pro
1817 1280 2021 1330 Plancio
2041 1279 2076 1330 8
2091 1315 2107 1344 ‚
2131 1279 2214 1332 19.

1235 1364 1529 1418 Iuventius
1561 1369 1759 1432 primus
1791 1368 1854 1417 de
1883 1366 2035 1432 plebe
2068 1367 2254 1417 aedilis

1307 1437 1498 1486 curulis
1509 1437 1770 1486 dicebatur
1789 1437 1969 1499 factus,
1993 1450 2084 1502 pro
2101 1436 2247 1486 Plan·

1307 1507 1387 1554 cio
1409 1507 1502 1568 24,
1535 1505 1622 1558 58.

1236 1587 1309 1638 Τ.
1332 1585 1652 1652 Iuventius,
1690 1598 1856 1638 orator
1885 1596 1936 1638 et
1965 1589 2094 1638 iuris
2129 1603 2246 1638 con-

1305 1658 1468 1706 sultus
1484 1692 1499 1719 ,
1537 1657 1675 1707 Brut.
1698 1657 1796 1719 48,
1822 1657 1939 1708 178.

1236 1724 1316 1776 Μ.
1365 1724 1654 1777 Iuventius
1691 1723 2018 1778 Laterensis
2067 1728 2250 1776 existi·

1307 1797 1538 1845 mabatur
1562 1797 1697 1845 laute
1735 1796 1949 1860 fecisse,
1980 1796 2122 1858 quod
2159 1797 2249 1846 tri-

1307 1865 1553 1914 bunatum
1581 1865 1654 1931 pl.
1685 1871 1857 1931 petere
1887 1866 2080 1916 destitit
2112 1881 2159 1918 a.
2189 1881 2247 1913 ιι.

1309 1950 1355 1985 c.
1378 1935 1508 2000 695,
1550 1950 1612 1984 ne
1631 1936 1819 1985 iuraret
1836 1937 1888 1984 in
1903 1935 2070 2000 legem
2094 1949 2247 1999 agra·

1305 2006 1434 2053 riam
1464 2003 1798 2069 Campanam,
1836 2006 1901 2055 ad
1922 2007 2028 2053 Att.
2063 2005 2124 2066 2,
2162 2003 2248 2064 18,

1307 2075 1359 2123 2.
1393 2073 1458 2126 el.
1483 2088 1576 2138 pro
1590 2074 1790 2123 Plancio
1809 2075 1894 2135 22,
1917 2074 2004 2125 52.
2025 2100 2092 2108 -
2116 2073 2248 2124 Con-

1306 2144 1574 2193 iurationis
1607 2144 1662 2193 in
1703 2142 1792 2195 Cn.
1832 2142 2129 2207 Pompeium
2167 2143 2247 2190 in-

1307 2211 1572 2262 simulatus
1593 2226 1624 2261 a
1640 2213 1812 2263 Vettio
1831 2212 1997 2261 indice
2010 2246 2027 2274 ,
2052 2212 2117 2261 ad
2135 2212 2246 2264 Att.

1305 2280 1369 2344 2,
1406 2281 1504 2345 24,
1540 2281 1593 2332 3.
1614 2308 1681 2318 -—
1713 2281 1779 2329 M.
1799 2279 2116 2343 Laterensis,
2152 2294 2246 2329 no-

1306 2350 1527 2399 minatus
1565 2365 1596 2400 a
1629 2349 1687 2400 L.
1724 2350 1896 2399 Vettio
1933 2350 2129 2409 indice,
2168 2349 2246 2397 in·

1305 2420 1494 2468 stinotu
1520 2419 1575 2472 P.
1598 2419 1824 2478 Vatinii,
1855 2419 1974 2471 trib.
2010 2418 2083 2483 pl.
2115 2432 2164 2465 a.
2187 2432 2244 2467 ιι.

1305 2503 1352 2537 c.
1373 2486 1492 2539 695.
1514 2525 1527 2548 ,
1569 2490 1622 2536 in
1642 2487 1904 2538 Vatinium
1934 2486 1998 2537 11
2015 2524 2030 2546 ,
2061 2486 2146 2537 26.
2173 2511 2245 2523 —-

1305 2556 1492 2607 Contra
1519 2572 1634 2606 eum
1662 2570 1823 2622 paene
1853 2557 2044 2606 invitus
2067 2554 2244 2605 defen·

1305 2626 1382 2676 dit
1411 2623 1500 2677 Cn.
1523 2625 1785 2676 Plancium
1815 2625 1926 2690 lege
1951 2624 2148 2673 Licinia
2177 2625 2244 2674 de

1304 2694 1626 2745 sodaliciisa.
1644 2711 1696 2746 ιι.
1717 2711 1760 2744 c.
1779 2694 1896 2747 700.
1929 2700 2242 2752 accusatum,

1301 2778 1396 2829 pro
1420 2764 1708 2824 Planciol,
1728 2765 1779 2816 2.
1817 2764 1893 2813 lb.
1915 2764 1978 2823 2,
2000 2763 2148 2813 5etc.
2171 2786 2241 2798 —

1300 2832 1590 2882 Laterensis
1624 2840 1828 2898 praetor
1863 2848 1912 2884 a.
1949 2848 2002 2885 n.
2041 2848 2086 2881 c.
2118 2828 2238 2883 703.

1302 2901 1446 2967 leges
1485 2902 1754 2965 ignoranS,
1793 2900 1994 2951 Caelius
2015 2900 2084 2951 ad
2116 2900 2238 2954 fam.

1299 2970 1365 3030 8,
1401 2968 1465 3031 8,
1500 2969 1551 3021 3.
1579 2973 1923 3036 -Αιιςιιι-ιι.
1952 2985 2003 3019 ιι.
2027 2968 2240 3027 ο.709.,

1301 3006 1370 3089 mi
1388 3039 1491 3087 Att.
1528 3038 1620 3097 12,
1650 3040 1734 3093 17.
1769 3065 1840 3078 -
1866 3039 1932 3088 Α.
1966 3054 2018 3092 ιι.
2041 3054 2085 3088 c.
2118 3038 2237 3097 711,

1301 3123 1416 3158 οιιιιι
1451 3107 1648 3173 Lepido
1699 3110 1996 3158 coniunctus
2039 3113 2146 3158 erat
2179 3114 2241 3155 et

1300 3177 1483 3227 Planco
1501 3216 1515 3239 ,
1554 3176 1770 3227 Plancus
1789 3176 1856 3227 ad
1877 3176 1997 3230 fam.
2024 3176 2088 3227 10
2104 3210 2122 3239 ,
2155 3175 2238 3236 11,

1301 3245 1355 3295 3.
1395 3246 1470 3294 Ib.
1496 3246 1590 3309 10,
1622 3245 1788 3307 15,2.
1839 3246 1916 3296 Ib.
1941 3244 2040 3309 10,
2069 3245 2162 3308 18,
2183 3244 2218 3293 2

1301 3315 1378 3367 lb.
1407 3313 1474 3363 10
1489 3351 1504 3372 ,
1524 3316 1589 3365 21
1607 3352 1623 3377 ,
1652 3314 1777 3365 3.-
1794 3314 2010 3364 Plancus
2027 3314 2094 3363 ad
2112 3312 2233 3365 fam.

1304 3382 1397 3442 10,
1427 3382 1520 3440 23,
1551 3384 1601 3433 4.

1230 3448 1310 3501 Μ.
1345 3448 1636 3502 Iuventius
1655 3449 1839 3516 Pedo,
1880 3466 1942 3500 ex
1961 3457 2130 3500 vetere
2161 3454 2239 3502 iu-
