2500 3850
537 163 984 218 DEMOCRITUS
1030 183 1114 198 -·-
1148 163 1685 216 DEMOSTHENES.

101 319 550 384 praesensionem
587 334 752 368 rerum
791 318 1078 370 futurarum

105 389 510 454 comprobavit,
529 388 604 436 Ib.
629 387 654 437 1
673 425 688 448 ‚
709 385 767 449 3,
789 387 840 436 5.
865 413 928 424 -—
951 386 1078 438 Cen-

101 467 193 508 set
235 457 503 522 sapienter
541 456 822 506 instituisse
859 462 1074 519 veteres,

102 533 168 575 ut
191 525 432 575 hostium
451 525 824 575 immolatarum
855 525 1076 590 inspice·
1134 564 1140 568 -

103 602 300 644 rentur
329 603 476 659 exta,
512 595 586 644 lb.
624 594 650 644 1
672 631 687 655 ,
721 595 816 656 57,
854 592 972 645 131.
1007 621 1074 632 —-

107 664 266 722 Quae
283 663 376 714 ilie
397 662 680 728 Gargettius
696 661 1006 730 (Epicurus)
1026 671 1076 714 et

101 735 220 782 iam
244 741 370 782 ante
391 732 709 782 Democritus
731 727 956 792 εἴδωλα,
979 733 1072 783 Ca-

99 804 218 852 tius
253 809 462 866 spectra
494 801 815 865 nominabat,
851 802 916 850 ad
947 801 1068 854 fam.

106 871 200 933 15,
235 871 328 933 16,
354 870 402 920 1.
423 897 488 906 —·
509 871 794 936 Imaginum
813 870 1073 934 Epicuris-

97 956 229 990 rum
253 939 465 989 licentia
487 939 818 989 aDemocrito
833 947 924 1000 est,
943 939 1005 989 de
1019 954 1069 994 11.

100 1011 158 1061 d.
177 1010 234 1070 1,
255 1007 348 1072 38,
370 1007 898 1058 107.--—Democritus
917 1008 1072 1056 simu-

100 1078 262 1128 lacra
298 1084 354 1128 et
392 1077 638 1142 Epicurus
662 1077 914 1142 imagines
952 1078 1070 1127 deo-

99 1163 232 1197 rum
245 1147 504 1198 inducens
515 1147 736 1208 quodam
754 1151 900 1211 pacto
918 1153 1071 1212 negat

101 1231 232 1266 esse
259 1217 394 1266 deos
404 1251 422 1276 ,
454 1215 527 1264 Ib.
550 1216 611 1279 2,
633 1215 727 1275 30,
751 1214 834 1266 76.
855 1240 923 1251 -—
945 1213 1068 1265 Cen-

99 1294 186 1336 set
225 1284 597 1335 dormientium
629 1285 824 1333 animos
861 1292 1071 1334 externa

99 1362 150 1404 et
186 1354 495 1404 adventicia
525 1353 716 1403 visione
744 1351 964 1418 pulsari,
1007 1353 1069 1403 de

99 1425 281 1473 divin.
295 1423 350 1484 5,
367 1421 454 1482 58,
471 1418 585 1472 120.
600 1447 668 1458 --
681 1422 843 1487 Negat
863 1423 972 1470 sine
989 1421 1069 1470 fu-

99 1507 230 1542 rore
269 1505 582 1556 quemquam
604 1493 805 1556 poetam
830 1505 1070 1555 magnum

99 1577 230 1614 esse
259 1575 456 1626 posse,
481 1560 546 1609 de
568 1559 727 1614 divin.
757 1559 818 1622 1,
852 1559 950 1620 37,
981 1559 1067 1610 80.

98 1631 170 1684 cl.
211 1632 288 1682 de
325 1636 460 1682 orat.
495 1630 561 1694 2,
593 1629 690 1694 46,
727 1625 844 1679 194.
875 1655 942 1664 --
971 1627 1070 1677 De-

97 1701 374 1751 mocritus
413 1699 616 1763 optimis
653 1697 824 1748 verbis
861 1713 1070 1748 causam

99 1770 382 1836 explicat,
405 1783 494 1818 cur
511 1773 625 1818 ante
656 1767 820 1818 lucem
843 1767 966 1832 galli
985 1783 1070 1818 ca·

99 1846 268 1898 nant,
304 1837 390 1886 lb.
423 1836 484 1898 2,
519 1836 619 1898 -26,
657 1836 740 1886 57.
779 1864 845 1873 -
879 1838 1068 1886 Verum

99 1910 274 1974 plane
295 1911 460 1971 negat
479 1920 617 1969 esse,
652 1920 834 1967 sensus
865 1905 1070 1968 quidem

100 1994 212 2027 non
257 1976 512 2027 obscuros
539 1976 688 2038 dicit,
729 1976 821 2025 sed
850 1976 1070 2026 tenebri-

101 2063 302 2107 coSQS,
337 2044 503 2097 Acad.
543 2059 618 2109 pr.
649 2046 710 2104 2,
746 2044 843 2106 23,
879 2043 962 2095 73.
1003 2044 1064 2094 cl.

101 2117 284 2167 Aead.
309 2119 448 2179 post.
474 2113 500 2163 1
518 2149 535 2178 ,
567 2114 660 2174 12,
681 2113 766 2163 44.
807 2114 967 2167 Acad.
989 2128 1069 2179 pr.

101 2188 156 2245 2,
174 2185 269 2244 10,
284 2182 382 2234 34.
399 2209 465 2219 -
477 2182 794 2233 Democritus
813 2182 1070 2247 Leucippo

100 2257 160 2304 in
195 2254 308 2303 hoe
328 2251 551 2313 similis,
580 2259 637 2301 ut
659 2251 844 2300 diceret
861 2251 1071 2316 pienum

103 2332 156 2373 et
177 2325 346 2372 inane
370 2334 504 2381 esse,
528 2336 556 2369 e
581 2336 681 2383 quo
703 2321 872 2371 omnia
889 2322 1072 2385 gigne-

99 2400 326 2451 rentur,
352 2388 562 2438 uberior
587 2390 638 2438 in
659 2390 897 2450 caeteris,
921 2390 992 2437 Ib.
1016 2390 1066 2455 2,

99 2460 198 2522 37,
225 2460 359 2510 118.
387 2457 452 2507 cf.
475 2459 546 2507 ib.
568 2459 618 2519 2,
642 2458 729 2519 40,
753 2460 954 2509 125.-
970 2458 1067 2508 De-

104 2530 376 2579 mocritus
411 2526 645 2593 sing-uias
683 2527 860 2577 mundi
899 2534 1069 2591 partes

101 2610 472 2663 persequen8‚
497 2597 746 2659 quidquid
776 2603 864 2645 aut
890 2597 956 2645 sit
984 2604 1072 2646 aut

101 2669 197 2717 fiat
215 2704 231 2726 ,
265 2664 594 2715 naturalibus
621 2664 732 2715 fleri
760 2672 847 2714 aut
879 2664 1070 2714 factum

105 2752 234 2789 esse
253 2736 414 2784 docet
427 2734 740 2799 ponderibus
761 2741 809 2783 et
827 2735 1067 2795 motibuS‚

101 2807 186 2858 Ib.
210 2805 268 2868 2,
289 2804 386 2865 38,
413 2803 532 2853 121.
553 2830 624 2843 ——-·
639 2802 973 2868 DemocrituS,
993 2805 1072 2853 vir

103 2888 346 2939 magnus
373 2871 427 2920 in
450 2874 632 2937 primis
646 2910 662 2935 ,
682 2874 825 2921 cuius
845 2870 1070 2923 fontibus

99 2944 382 3008 Epicurus
419 2940 648 2991 hortulos
676 2955 795 2991 suos
827 2942 1072 3007 irrigavit,

102 3020 309 3061 nutare
343 3010 550 3059 videtur
575 3012 625 3060 in
653 3018 834 3060 natura
861 3010 1071 3060 deorum

99 3088 210 3133 etc.
227 3116 244 3139 ‚
271 3078 342 3129 de
363 3094 414 3131 n.
439 3078 493 3127 d.
519 3080 564 3143 1,
585 3080 670 3141 43,
694 3078 809 3129 120.
833 3104 900 3114 —-
920 3080 1073 3129 ‘Veni

101 3150 404 3207 Athenas’,
427 3148 592 3212 inquit
610 3148 940 3211 Democritus,
965 3154 1074 3199 ‘ne-

98 3235 209 3283 que
256 3232 348 3266 me
391 3218 660 3279 quisquam
704 3218 772 3267 ibi
823 3220 1071 3283 agnovit’,

100 3284 337 3337 Tuscul.
364 3286 398 3335 5
416 3322 431 3345 ‚
464 3283 562 3347 36,
586 3286 704 3337 104.
736 3314 808 3325 -
824 3287 954 3336 Eum
972 3301 1072 3337 non

101 3356 294 3421 coegit
318 3356 372 3404 in
393 3356 501 3403 suis
519 3356 702 3405 studii-s
723 3358 1073 3406 obmutescere

95 3432 398 3489 senectae,
429 3423 492 3473 de
513 3439 618 3475 sen.
642 3425 673 3474 7
686 3461 702 3487 ,
723 3424 808 3477 23.
829 3452 902 3463 -
919 3426 1072 3474 Arce-

2038 150 2155 212 125

1218 318 1348 370 silae
1368 320 1619 369 calumnia
1638 317 1940 369 conferenda
1959 333 2060 367 non
2080 325 2155 369 est

1217 404 1332 440 cum
1352 389 1627 439 Democriti
1645 388 1970 450 verecundia,
1993 387 2155 439 Acad.

1215 473 1295 523 pr.
1319 459 1378 518 2,
1401 457 1434 508 5
1451 495 1466 518 ,
1498 457 1581 508 14.
1601 481 1670 494 -
1690 457 2005 506 Democritus
2025 455 2156 523 phy-

1215 529 1355 576 sicus
1382 533 1555 578 ornate
1576 526 1773 576 locutus
1804 533 1909 587 est,
1938 527 2003 576 de
2022 533 2150 579 orat.

1217 596 1267 656 1,
1292 596 1376 656 11,
1397 596 1483 649 49.
1500 623 1567 632 --
1586 594 1751 645 Valde
1768 594 2045 645 Heraclitus
2067 595 2155 644 ob-

1213 678 1420 722 scurus3
1454 664 1663 714 minime
1701 663 2019 714 Democritus
2034 700 2051 725 ,
2092 663 2154 713 dc

1214 734 1374 784 divin.
1398 734 1448 792 2,
1466 732 1553 793 64,
1580 732 1700 784 133.
1720 758 1783 768 -
1801 734 1967 784 Video
1986 733 2155 782 visum

1214 817 1327 852 esse
1347 817 1447 851 non
1473 800 1627 852 nullis
1643 801 1867 852 Platonis
1893 809 1942 851 et
1970 801 2154 852 Demo·

1213 873 1330 922 criti
1348 872 1650 921 locutionem
1664 907 1809 925 .....
1836 871 2007 937 potius
2027 873 2152 935 poe-

1211 956 1295 990 ma
1332 941 1615 1006 putandum
1658 954 1809 1003 quam
1848 941 2154 990 comicorum

1207 1013 1501 1075 poetarum,
1534 1017 1659 1063 orat.
1688 1009 1773 1070 20,
1797 1008 1881 1059 67.
1904 1038 1974 1048 -
1994 1009 2153 1058 Multa

1210 1095 1275 1128 ex
1294 1095 1354 1129 eo
1378 1079 1547 1128 hausit
1580 1080 1861 1143 Epicurus,
1898 1079 1961 1130 de
1980 1077 2065 1128 fin.
2099 1078 2148 1140 1,

1210 1146 1262 1209 6,
1290 1149 1354 1198 17
1376 1157 1423 1198 et
1445 1147 1525 1203 18.
1565 1150 1637 1198 Ib.
1673 1149 1722 1211 1,
1746 1146 1801 1208 6,
1824 1146 1909 1197 20.
1932 1171 1999 1184 —-·
2021 1147 2151 1197 Eum

1155 1240 1159 1243 ·
1207 1232 1369 1267 unum
1388 1224 1591 1267 secutus
1612 1224 1688 1268 est
1706 1217 1974 1281 Epicurus,
1997 1218 2071 1266 Ib.
2096 1217 2147 1277 2,

1208 1284 1295 1346 31,
1320 1286 1437 1337 102.
1458 1312 1525 1324 -—
1544 1287 1799 1350 Epicurus
1818 1285 1870 1332 in
1890 1284 2152 1334 Democri-

1207 1361 1313 1404 tum
1356 1357 1525 1418 ipsum
1542 1391 1557 1414 ‚
1613 1368 1764 1416 quem
1812 1359 2017 1402 secutus
2056 1359 2151 1414 est,

1210 1422 1309 1474 fuit
1336 1423 1597 1486 ingratus,
1628 1424 1693 1470 de
1722 1436 1775 1470 u.
1797 1420 1849 1469 d.
1875 1421 1901 1471 1
1918 1457 1932 1484 ,
1958 1419 2045 1480 33,
2062 1419 2151 1472 93.

1209 1515 1279 1528 —·
1311 1491 1540 1555 Epicurii
1569 1489 1940 1540 contendebant
1969 1489 2153 1539 Demo-

1211 1560 1323 1610 criti
1346 1569 1513 1610 errata
1527 1559 1589 1609 ab
1602 1557 1825 1622 Epicuro
1845 1558 2153 1624 reprehensa

1211 1637 1260 1679 et
1278 1637 1501 1680 correcta
1526 1627 1781 1694 permuita
1811 1642 1948 1689 esse,
1978 1629 2041 1678 de
2062 1629 2147 1680 fin.

1211 1699 1263 1760 1,
1284 1696 1336 1758 8,
1357 1698 1442 1750 28.
1458 1725 1527 1738 -
1542 1697 1672 1748 Num
1694 1697 1881 1760 aliquis
1904 1698 2047 1748 dolor
2066 1705 2153 1747 aut

1209 1769 1414 1820 omnino
1459 1775 1577 1833 post
1614 1775 1830 1818 mortem
1878 1781 2061 1818 sensus
2100 1767 2152 1816 in

1211 1851 1423 1902 corpore
1466 1839 1578 1888 est?
1630 1836 1790 1886 Nemo
1842 1836 1897 1886 id
1942 1837 2151 1902 quidem

1213 1906 1363 1967 dicit,
1398 1908 1492 1957 etsi
1516 1907 1858 1957 Democritum
1889 1905 2152 1957 insimulat

1208 1976 1488 2041 Epicurus:
1511 1976 1806 2027 Democritii
1824 1984 2031 2041 negent,
2052 1976 2152 2025 Tu-

1211 2044 1343 2097 scui.
1372 2046 1400 2095 1
1419 2080 1434 2105 ,
1466 2044 1560 2104 34,
1586 2044 1670 2097 82.
1695 2071 1764 2081 -
1782 2045 1848 2099 V.
1876 2046 2030 2095 etiam
2050 2045 2151 2093 Tu-

1211 2114 1339 2173 scui.
1372 2113 1433 2175 5,
1471 2113 1567 2177 23,
1605 2112 1693 2165 66.
1728 2113 1791 2163 de
1814 2120 1941 2168 orat.
1971 2116 2031 2173 2,
2062 2112 2149 2175 58,

1137 2248 1497 2302 Democritus
1535 2250 1723 2312 Attici,
1759 2251 1825 2301 ad
1857 2251 1961 2301 Att.
1993 2251 2027 2302 6
2042 2287 2057 2312 ,
2101 2251 2147 2313 1,

1136 2384 1495 2440 Democritus
1511 2385 1776 2453 Sicyonius
1792 2422 1808 2449 ‚
1832 2387 1897 2436 ad
1916 2386 2038 2439 fam.
2064 2385 2149 2449 13,

1208 2458 1297 2519 78,
1323 2458 1368 2507 1.

1137 2523 1480 2579 Bomonicae
1495 2561 1510 2589 ,
1533 2526 1599 2575 ed
1620 2526 1721 2575 Att.
1747 2524 1830 2585 15,
1852 2528 1913 2590 4,
1938 2524 1985 2577 1.

1138 2593 1571 2646 Demosthenes.
1610 2594 1685 2643 De
1704 2595 1813 2644 eius
1840 2594 2025 2644 studiis
2041 2630 2056 2656 ,
2076 2593 2151 2643 la-

1209 2664 1449 2727 boribus,
1472 2663 1665 2730 vigiliis
1681 2700 1697 2725 ‚
1730 2664 1795 2713 de
1814 2671 1941 2718 orat.
1980 2663 2005 2713 1
2022 2700 2037 2728 ‚
2064 2662 2150 2725 61,

1211 2732 1333 2787 260.
1358 2733 1418 2792 Q.
1443 2733 1547 2784 Cic.
1570 2734 1634 2784 de
1651 2744 1752 2798 pet..
1775 2748 1915 2786 cons,
1941 2733 1989 2795 1,
2012 2734 2063 2783 2.
2081 2760 2151 2769 -—

1210 2804 1276 2851 de
1292 2802 1377 2854 fin.
1402 2801 1453 2865 5,
1475 2804 1525 2863 2,
1548 2802 1600 2854 5.
1622 2803 1687 2852 de
1706 2803 1865 2856 divin.
1886 2806 1935 2865 2,
1957 2801 2144 2864 46,96.

1210 2870 1419 2921 Tuscul.
1438 2872 1488 2933 4,
1514 2871 1596 2933 19,
1608 2873 1695 2923 44.
1718 2873 1791 2921 Ib.
1806 2874 1859 2934 4,
1872 2871 1961 2932 25,
1977 2872 2063 2921 55.
2082 2898 2146 2907 ——

1209 2941 1286 2990 De
1306 2942 1414 2990 eius
1436 2942 1715 3005 cupiditate
1744 2940 1937 3005 gloriae
1952 2975 1965 2999 ,
1996 2940 2069 2989 Ib.
2093 2940 2144 2999 5,

1213 3009 1297 3071 36,
1322 3009 1438 3061 103.
1462 3038 1527 3047 --
1543 3007 1935 3067 Demosthenes,
1958 3009 2077 3069 quia
2097 3008 2149 3056 iu

1213 3081 1571 3129 sententiarum
1606 3078 1911 3129 ornamentis
1944 3082 1993 3124 et
2030 3090 2149 3125 con-

1215 3148 1603 3199 formationibus
1632 3152 1856 3212 praestat
1890 3145 2145 3204 omnibuS,

1214 3218 1403 3268 idcirco
1418 3230 1447 3264 a
1460 3216 1625 3265 doctis
1638 3222 1889 3267 oratorum
1912 3220 1987 3262 est
2004 3214 2148 3279 prin-

1216 3299 1339 3351 ceps
1362 3284 1595 3348 habitus,
1623 3282 1760 3333 Brut.
1782 3282 1867 3343 37,
1893 3282 2009 3333 141.
2050 3283 2149 3331 Ta-

1212 3367 1331 3405 men
1349 3353 1601 3402 interdum
1630 3367 1727 3402 non
1760 3351 1993 3402 omnibus
2024 3352 2149 3401 satis

1213 3422 1355 3487 fecit,
1377 3428 1502 3473 orat.
1518 3419 1732 3483 29,104.
1756 3421 1941 3487 fragm.
1957 3435 2011 3485 p.
2026 3420 2129 3471 258
