2500 3850
62 0 102 140 ,f

58 151 71 284 ,l

56 297 61 384 ἒ

829 173 890 221 c.
937 173 1214 222 GAssms
1260 174 1635 224 muamus».
2196 167 2263 228 71

257 331 486 394 Longino
513 331 562 378 in
590 329 754 394 Congo
780 330 1077 380 mutandum
1103 337 1196 391 est,

253 413 352 465 pro
371 399 574 448 Plancio
594 400 679 458 24,
712 398 798 448 58.

185 467 250 518 C.
281 465 516 518 Cassius
536 465 828 534 Longinus
851 483 1047 529 censor,
1073 483 1119 519 a.
1141 483 1194 520 ιι.

254 554 301 585 c.
323 536 469 597 600„
490 535 556 586 de
575 537 724 586 domo
745 550 839 584 sua
859 535 941 599 50,
970 536 1087 589 130.
1119 537 1192 586 Ib.

254 603 343 667 53,
369 604 490 656 136.

186 671 250 721 G.
283 671 522 724 Cassius
547 675 673 736 (cos.
706 689 753 726 a.
783 689 831 725 u.
855 689 900 724 c.
931 671 1083 738 658.)
1105 673 1197 722 tri-

251 743 422 792 bunus
453 743 592 806 plebi
621 757 720 792 non
749 749 825 792 est
867 743 1060 807 factus,
1099 756 1194 808 pro

251 811 428 862 Plane.
454 811 539 872 21,
566 812 649 861 52.
759 819 764 824 ’

180 877 248 929 C.
296 876 530 929 Cassius
571 879 778 944 Varus,
828 893 932 930 cos·
973 895 1084 930 cum
1123 879 1188 932 M.

249 947 490 997 Terentio
526 951 755 998 Varrone
801 947 1014 1000 Lucullo
1051 963 1097 1000 a.
1139 963 1192 1000 ιι.

249 1034 293 1066 c.
336 1016 488 1076 681„
536 1019 684 1067 Verr.
730 1023 950 1068 accusat.
991 1016 1052 1080 3,
1101 1017 1188 1079 41,

247 1085 338 1136 97.
364 1111 437 1122 -
453 1086 516 1134 cl.
539 1085 614 1134 ib.
646 1086 671 1135 1
690 1122 704 1144 ,
725 1086 810 1148 23,
831 1085 914 1136 60.
938 1112 1009 1126 —-
1029 1085 1191 1135 Fave-

246 1155 336 1204 bat
373 1153 477 1219 legi
513 1153 778 1216 Maniliae,
827 1156 890 1204 de
927 1155 1049 1220 imp.
1096 1154 1188 1203 Cn.

246 1226 430 1288 Pomp.
467 1222 564 1287 23,
604 1222 686 1274 68.
738 1237 830 1297 pro
871 1222 1062 1276 Cluent.
1101 1222 1188 1285 49,

177 1291 505 1411 &lgr-{ladas
539 1359 826 1427 Longinus
843 1397 859 1424 ,
893 1369 948 1410 ut
967 1361 1186 1421 videtur,

248 1428 304 1482 C.
343 1428 508 1478 Cassii
549 1429 671 1478 Vari
705 1430 928 1480 consulis
962 1445 1012 1482 a.
1053 1445 1102 1479 u.
1141 1445 1185 1478 c.

245 1497 370 1550 681.
389 1499 525 1547 filius
539 1533 554 1558 ,
579 1497 736 1548 frater
753 1498 812 1547 L.
836 1505 884 1548 et
905 1497 966 1558 Q.
990 1497 1189 1548 Cassio-

242 1582 388 1628 rum,
412 1567 478 1616 ad
499 1565 555 1624 Q.
580 1565 643 1616 fr.
667 1568 728 1631 2,
755 1567 784 1617 1
801 1605 816 1629 ,
837 1569 887 1615 2.
922 1568 978 1616 In
1011 1577 1190 1616 senatu

244 1641 422 1686 contra
447 1635 797 1686 Marcellinum
829 1636 956 1686 dixit
989 1650 1034 1685 a.
1061 1651 1112 1684 ιι.
1141 1652 1184 1686 c.

244 1703 369 1756 697.
408 1704 504 1753 Pro
536 1713 804 1766 quaestore
825 1719 938 1754 curn
960 1704 1027 1753 M.
1051 1704 1188 1753 Lici-

243 1775 332 1823 nio
377 1772 560 1824 Crasso
600 1775 654 1823 in
693 1771 888 1840 Syriam
923 1773 1188 1838 profectus

244 1849 341 1892 est.
380 1843 501 1892 Post
532 1842 643 1892 eius
678 1843 874 1893 cladem
909 1843 960 1892 in
995 1843 1183 1907 oppido

245 1910 551 1963 Antiochiae
607 1927 719 1962 cum
771 1913 906 1963 omni
959 1912 1186 1966 exercitu

241 1988 352 2031 erat
382 1997 430 2031 a.
449 1996 504 2033 ιι.
533 1997 578 2031 c.
614 1981 760 2039 703..
793 1982 856 2032 ad
877 1982 982 2031 Att.
1013 1980 1072 2041 5,
1098 1980 1182 2044 18,

244 2052 294 2101 1.
337 2050 413 2100 Ib.
441 2064 524 2114 ep.
552 2050 648 2114 20,
679 2048 730 2101 3.
760 2075 829 2086 -—
857 2050 1092 2100 Feliciter
1120 2050 1182 2098 ab

241 2118 515 2169 Antiochia
543 2116 738 2169 hostem
767 2120 942 2168 reiecit
971 2133 1017 2169 a.
1054 2134 1107 2169 ιι.
1135 2134 1182 2169 c.

243 2187 397 2248 703„
431 2188 499 2237 ad
526 2187 649 2237 fam.
680 2189 744 2253 2,
777 2186 872 2250 10,
893 2189 948 2237 2.
969 2212 1041 2223 -
1059 2186 1184 2235 Eius

241 2256 441 2306 litterae
461 2256 645 2323 plenae
665 2256 960 2317 iactantiae,
990 2256 1056 2305 ad
1075 2255 1181 2306 Aa.

243 2328 310 2385 5,
343 2325 440 2385 21,
471 2326 636 2380 2.1b.
659 2324 720 2388 6,
744 2326 803 2384 1,
835 2325 914 2375 14.
957 2323 1091 2375 Cael.
1118 2324 1186 2374 ad

243 2394 365 2445 fam.
385 2392 450 2453 8,
477 2392 542 2447 10
557 2430 572 2453 ,
603 2396 657 2445 2.
678 2423 747 2435 —-
766 2393 890 2443 Eius
909 2408 990 2443 res
1010 2399 1186 2459 gestae

244 2470 358 2513 ante
377 2462 546 2512 Bibuli
565 2464 838 2513 adventum
855 2499 870 2525 ,
891 2477 1046 2525 quum
1065 2462 1185 2510 Par-

241 2532 444 2581 thorum
475 2532 820 2582 nobilissimos
849 2531 1002 2580 duces
1023 2532 1186 2580 maxi-

243 2616 454 2663 masque
497 2601 670 2665 copias
715 2600 849 2651 fudit
887 2596 1186 2665 Syriamque

241 2671 454 2719 immani
471 2668 769 2719 Parthorum
791 2670 984 2733 impetu
1002 2668 1184 2721 libera-

239 2739 346 2799 vit,
377 2737 602 2804 Philipp.
637 2738 730 2799 11,
773 2739 864 2801 14,
903 2736 989 2789 35.
1023 2762 1096 2775 --
1127 2736 1181 2785 C.

242 2807 454 2857 Cassius
470 2822 565 2873 pro
585 2814 849 2870 quaestore
871 2805 1048 2872 Syriae
1065 2822 1114 2859 a.
1129 2822 1181 2854 u.

239 2892 288 2928 c.
310 2874 431 2926 704.
471 2876 554 2925 Ad
575 2890 687 2927 eum
719 2876 920 2925 suntad
953 2874 1074 2924 fam.
1099 2875 1182 2935 11,

241 2959 324 3009 ep.
354 2944 578 2997 14—18.
607 2971 678 2982 —
705 2945 876 3011 Ipsius
895 2959 978 3009 ep.
1003 2944 1070 2993 ad
1101 2942 1183 2993 Ci-

238 3027 476 3064 ceronem
493 3014 676 3077 missa,
699 3014 774 3065 Ib.
798 3028 880 3079 ep.
911 3012 995 3064 19.
1017 3040 1092 3052 —
1107 3012 1181 3061 Eo

241 3084 573 3146 deprecatore
611 3082 805 3133 Achaia
845 3083 1084 3149 cognovit
1121 3080 1175 3130 C.

239 3150 360 3201 Iulii
383 3150 616 3202 Caesaris
635 3151 1068 3212 clementiam,‘1b.
1095 3148 1178 3209 15,

238 3220 294 3268 2.
316 3246 385 3258 —-
404 3221 586 3285 Augur
606 3235 655 3269 a.
677 3237 728 3275 ιι.
751 3237 794 3271 c.
817 3219 935 3271 705.
951 3256 966 3280 ,
988 3220 1056 3269 ad
1073 3220 1177 3270 Ait.

239 3286 303 3347 9,
325 3286 395 3345 9„
419 3288 471 3341 3.
491 3316 558 3327 -
576 3290 713 3342 vm.
746 3290 822 3340 ld.
858 3288 1003 3338 Febr.
1030 3288 1100 3351 (a.
1124 3303 1175 3337 ιι.

240 3372 289 3406 c.
313 3355 466 3421 705.)
499 3355 726 3423 Capuam
758 3358 812 3412 C.
851 3355 1056 3407 Cassius
1091 3358 1179 3405 tri-

237 3426 406 3475 bunus
439 3427 512 3491 pl.
543 3427 708 3487 venit3
739 3426 904 3476 attulit
941 3425 1180 3475 mandata

1341 331 1574 380 Caesaris
1612 331 1678 380 ad
1708 331 1943 384 consules
1982 330 2033 383 C.
2066 331 2275 382 Marcel-

1338 399 1444 448 lum
1476 406 1525 448 et
1547 400 1838 461 Lentulum,
1866 407 1923 450 ut
1944 401 2157 450 Romam
2188 417 2276 452 ve-

1338 470 1519 528 nirent,
1542 469 1809 534 pecuniam
1832 470 1895 518 de
1921 471 2167 520 sanctiore
2190 485 2273 522 ae-

1337 538 1477 586 rario.
1526 535 1809 600 auferrent,
1866 539 2033 588 statim
2080 541 2274 589 exirent

1336 606 1461 656 urbe
1480 606 1684 668 relicta,
1718 606 1784 656 ad
1803 608 1905 659 Att.
1928 607 1959 655 7
1974 643 1987 666 ,
2010 608 2074 657 21
2092 643 2107 670 ,
2138 609 2187 658 2.
2206 633 2274 648 —·

1332 675 1399 723 V.
1423 675 1497 724 Id.
1520 675 1665 724 Febr.
1691 691 1807 725 cum
1830 674 2072 726 Cicerone
2096 685 2201 726 erat
2222 678 2275 727 in

1336 744 1633 803 Formiano,
1662 743 1735 794 Ib.
1765 759 1847 810 ep.
1873 743 1969 806 23,
1993 743 2042 797 1.
2076 760 2158 810 ep.
2183 746 2268 798 24.

1334 827 1418 878 ep.
1443 811 1528 861 25.
1553 839 1620 848 —
1644 811 1869 878 Legatus
1894 811 2123 878 Pompeii
2146 828 2191 862 a.
2217 829 2268 868 ιι.

1335 897 1379 929 c.
1404 881 1552 944 705„
1578 881 1643 931 ad
1667 883 1769 930 Att.
1794 880 1853 946 9,
1890 881 1916 930 1
1934 918 1949 945 ,
1973 883 2023 932 4.
2048 909 2113 918 --
2145 881 2273 934 Eum

1334 949 1433 999 sibi
1450 949 1638 1015 legavit
1666 947 1853 1000 Caesar
1870 957 1986 1014 post
2006 951 2273 1001 victoriam

1330 1017 1673 1068 Pharsalicam
1690 1057 1703 1080 ,
1726 1020 1791 1068 ad
1815 1019 1933 1068 fam.
1954 1018 2005 1080 6,
2026 1018 2077 1078 6,
2100 1019 2183 1069 10.
2202 1045 2272 1060 -

1330 1087 1453 1136 Eius
1467 1087 1635 1136 studia
1655 1103 1769 1137 cum
1782 1087 1846 1136 M.
1867 1084 2110 1138 Cicerone
2132 1103 2269 1138 com-

1332 1156 1532 1217 munia,
1556 1156 1623 1206 ad
1642 1157 1762 1206 fam.
1789 1158 1839 1217 7,
1862 1156 1947 1221 33,
1971 1158 2021 1206 2.
2050 1157 2124 1222 (ει.
2148 1173 2197 1207 ιι.
2222 1173 2265 1207 c.

1330 1221 1481 1286 708.)
1493 1251 1562 1262 —-
1575 1225 1656 1274 Ad
1674 1223 1965 1275 Ciceronem
1985 1227 2189 1290 scripsit
2206 1226 2270 1276 de

1328 1293 1397 1342 M.
1431 1291 1669 1343 Marcello
1707 1309 1738 1343 a
1777 1292 1835 1342 Ρ.
1880 1295 2049 1358 Magio
2093 1293 2269 1344 Cilone

1331 1361 1597 1412 interfecto
1632 1377 1679 1410 a.
1710 1379 1764 1414 ιι.
1800 1377 1845 1410 c.
1880 1361 2031 1426 7⁰9„
2064 1364 2130 1412 ad
2160 1364 2267 1415 Att.

1333 1429 1413 1489 13,
1427 1430 1514 1490 22,
1536 1432 1585 1479 2.
1604 1457 1667 1466 —
1682 1429 1863 1480 Postea
1884 1431 2131 1480 adversus
2144 1432 2267 1481 Gae-·

1330 1513 1498 1549 sarem
1516 1499 1823 1556 coniuravit,
1847 1500 1913 1548 ad
1932 1497 2053 1550 l'am.
2077 1499 2161 1548 12.
2185 1515 2264 1564 ep.

1332 1567 1357 1616 1
1381 1582 1576 1631 sqq.·—
1589 1565 1751 1616 Cassii
1774 1574 1821 1616 et
1840 1567 1908 1617 M.
1922 1565 2065 1617 Bruti
2083 1575 2264 1632 praett.

1328 1636 1395 1686 ad
1418 1635 1485 1686 M.
1510 1637 1786 1686 Antonium
1806 1651 1909 1688 cos.
1933 1651 1982 1684 a.
2002 1651 2053 1686 u.
2076 1652 2119 1684 c.
2144 1636 2265 1690 710.

1329 1703 1578 1770 epistolae
1604 1705 1767 1767 duae,
1794 1706 1861 1756 ad
1888 1705 2008 1754 farn.
2036 1705 2128 1767 11,
2163 1708 2195 1755 2
2219 1713 2269 1755 et

1326 1773 1377 1826 3.
1403 1799 1471 1810 --
1508 1772 1763 1824 Ciceronis
1787 1775 2033 1840 epistolae
2056 1775 2122 1822 ad
2150 1789 2267 1824 eum

1326 1844 1546 1901 missae,
1582 1844 1648 1892 ad
1679 1841 1800 1895 tam.
1851 1844 1932 1894 12.
1968 1841 2157 1894 1-10.
2196 1867 2267 1881 —-

1326 1911 1449 1962 Eius
1468 1911 1718 1977 epistolae
1739 1913 1807 1963 ad
1826 1911 2119 1963 Ciceronem
2143 1913 2265 1963 mis·

1327 1996 1444 2044 sae,
1467 1982 1533 2032 ad
1552 1982 1671 2031 fam.
1696 1982 1759 2033 12
1778 2018 1792 2045 ,
1827 1982 1888 2032 11
1907 2019 1921 2041 ,
1942 1988 1993 2031 et
2013 1982 2094 2031 12.
2118 2007 2184 2017 —
2206 1979 2260 2029 C.

1328 2050 1534 2101 Cassius
1569 2050 1861 2101 Ciceronem
1899 2056 2157 2100 auctorem
2189 2049 2266 2097 in-

1325 2118 1607 2170 terficiendi
1626 2117 1855 2168 Caesaris
1882 2134 1981 2168 non
2007 2116 2266 2181 desidera-

1325 2188 1428 2247 vit,
1464 2187 1686 2253 Philipp.
1722 2190 1784 2248 2,
1813 2187 1875 2237 11
1894 2222 1911 2250 ,
1944 2186 2030 2239 26.
2053 2213 2123 2224 --
2143 2188 2265 2236 Ter-

1322 2256 1478 2307 tullae
1500 2257 1665 2307 Cassii
1690 2257 1867 2307 uxoris
1901 2257 2107 2307 abortus
2138 2270 2185 2308 a.
2211 2270 2264 2302 ιι.

1326 2342 1370 2374 c.
1392 2324 1529 2385 710.,
1550 2326 1617 2375 ad
1638 2326 1745 2373 Att.
1772 2326 1854 2383 14,
1876 2323 1961 2388 20,
1986 2324 2038 2373 2.
2060 2350 2126 2358 -
2146 2323 2265 2372 Cas-

1325 2394 1433 2443 sius
1472 2392 1799 2443 vehementer
1837 2398 1944 2440 orat
1981 2406 2039 2440 ac
2076 2392 2201 2455 petit
2235 2404 2267 2437 a

1326 2460 1597 2517 Cicerone,
1627 2466 1683 2509 ut
1710 2460 1924 2508 Hirtium
1955 2473 2107 2521 quam
2134 2458 2265 2522 opti-

1326 2545 1465 2582 mum
1488 2528 1671 2590 faciat,
1701 2528 1766 2577 ad
1789 2528 1889 2575 Att.
1915 2526 2010 2591 15,
2038 2526 2100 2586 5,
2126 2526 2173 2579 1.
2198 2552 2265 2563 -

1325 2597 1569 2648 Serviliae
1594 2634 1609 2661 ,
1674 2595 1927 2647 Tertullae
1952 2632 1966 2655 ‚
2034 2595 2262 2657 Porciae,

1323 2668 1498 2732 Bruti,
1522 2664 1714 2725 Cassii,
1737 2664 1976 2725 Favonii,
2008 2663 2265 2715 Ciceronis

1324 2735 1635 2798 colloquium
1664 2736 1729 2789 de
1753 2735 2009 2801 legatione
2040 2733 2265 2785 frumcn-

1322 2807 1452 2855 taria
1469 2804 1611 2854 Bruti
1636 2812 1686 2856 et
1719 2802 1913 2863 Cassii,
1946 2805 2013 2854 ad
2044 2806 2151 2859 Ait.
2180 2803 2262 2861 15,

1325 2873 1407 2940 11,
1436 2874 1485 2925 1.
1525 2874 1592 2927 cl.
1618 2874 1688 2924 ib.
1710 2889 1794 2940 ep.
1817 2874 1867 2939 9,
1891 2875 1939 2925 l.
1969 2874 2044 2925 Ib.
2066 2889 2148 2939 ep.
2178 2872 2265 2931 11,

1326 2943 1372 2993 1.
1415 2943 1489 2993 Ib.
1512 2958 1595 3009 ep.
1622 2943 1705 3002 12,
1729 2943 1781 2997 1.
1804 2968 1872 2979 -—
1895 2944 1950 2994 C.
1975 2942 2181 2992 Cassius
2204 2954 2265 2989 eo

1324 3027 1387 3061 ex
1404 3010 1548 3061 Italia
1579 3011 1792 3063 consilio
1826 3010 2083 3076 profectus
2115 3014 2193 3057 est
2213 3022 2263 3059 a.

1321 3096 1371 3128 ιι.
1414 3096 1460 3133 c.
1500 3080 1618 3132 711.
1634 3117 1649 3141 ,
1693 3087 1748 3128 nt
1784 3080 2077 3145 prohiberet
2114 3075 2265 3140 Syria

1318 3148 1664 3212 Dolabellam,
1688 3147 1909 3212 Philipp.
1936 3146 1998 3196 11
2017 3181 2031 3205 ,
2056 3146 2147 3203 12,
2173 3144 2257 3193 28.

1317 3243 1390 3255 -
1408 3217 1615 3267 Cassius
1637 3232 1751 3266 cum
1772 3213 2043 3265 classicula
2062 3228 2158 3262 sua
2176 3229 2261 3261 ve-

1318 3287 1421 3350 nit,
1446 3286 1513 3334 ad
1544 3287 1646 3334 Att.
1672 3284 1769 3343 16,
1796 3285 1855 3341 2,
1885 3283 1937 3333 4.
1975 3283 2038 3336 cl.
2072 3281 2144 3331 ib.
2178 3296 2259 3345 ep.

1318 3356 1371 3410 4,
1390 3356 1442 3406 4.
1468 3379 1541 3389 -
1562 3354 1683 3401 Eius
1720 3353 1983 3417 expeditio
2016 3351 2262 3401 adversus

1319 3421 1629 3471 Dolabellam
1656 3422 1794 3486 apud
1826 3421 2161 3483 Laodiceam,
2197 3417 2264 3466 ad
