2500 3850
210 171 333 231 310

276 364 341 374 ——
355 337 429 385 De
446 350 661 398 summa,
682 348 811 395 quae
830 334 960 381 inter
972 331 1059 381 Cn.
1074 331 1219 379 Pom-

276 408 449 473 peium
470 413 517 455 et
533 404 591 456 C.
616 403 883 453 Caesarem
909 401 1215 466 impendeat,

276 476 595 525 contentione
616 479 664 521 et
686 472 977 521 condicione
1000 484 1110 534 sua,
1140 469 1213 521 Ib.

276 546 337 603 7,
370 546 430 602 1,
462 544 513 593 3.
572 542 660 592 Ille
681 542 886 591 divinus
905 539 1081 589 tertius
1101 552 1218 587 con-

276 614 472 663 sulatus
504 612 752 675 Pompeii,
802 610 879 661 lb.
914 610 964 668 7,
990 609 1036 667 1,
1058 608 1111 657 4.
1150 634 1216 643 -

276 682 453 732 Sermo
472 682 701 745 Pompeii
715 676 1080 742 Neapolitanus
1100 690 1217 726 cum

277 752 518 801 Cicerone
542 766 589 799 a.
621 766 671 798 u.
698 765 741 797 c.
765 747 908 807 704„
934 748 1005 799 lb.
1031 746 1145 811 7,2,
1162 745 1211 795 5.

276 848 341 857 —-
361 820 627 869 Caesarita
649 818 926 877 convaluit,
942 823 997 863 ut
1014 828 1144 864 nunc
1165 815 1216 863 in

274 906 376 939 uno
400 891 499 939 civi
520 886 816 952 (Pompeio)
840 884 1064 936 viresad
1086 884 1211 933 resi-

276 960 511 1009 stendum
525 959 641 1017 sint,
658 959 731 1008 Ib.
750 958 799 1017 7,
822 954 872 1015 3,
887 956 939 1004 4.
964 954 1121 1003 —De
1135 953 1217 1003 Ci-

276 1029 473 1077 ceronis
493 1028 545 1075 in
565 1026 649 1076 his
668 1024 1071 1076 contentionibus
1098 1036 1217 1071 con-

278 1098 496 1157 dicione,
512 1096 585 1148 lb.
605 1098 655 1156 7,
672 1092 723 1157 3,
737 1096 860 1146 5.—
872 1092 1049 1143 Sermo
1072 1094 1135 1141 ab
1156 1107 1215 1142 eo

275 1166 477 1215 habitus
490 1180 603 1213 cum
617 1162 856 1213 Cicerone
868 1163 977 1212 1111.
1000 1161 1075 1214 Id.
1092 1162 1211 1211 Dec.

276 1250 324 1289 a.
352 1250 402 1287 u.
432 1251 477 1286 c.
498 1234 617 1286 704.
656 1234 727 1282 De
746 1248 802 1282 re
822 1230 1029 1297 publica
1049 1232 1121 1279 ita
1142 1230 1215 1281 lo-

276 1311 421 1353 cutus
442 1312 545 1364 est,
584 1305 731 1365 quasi
762 1316 862 1351 non
882 1302 1093 1351 dubium
1112 1300 1216 1349 bel-

276 1373 380 1421 lum
405 1373 628 1423 futurum
656 1378 808 1432 esset,
830 1372 901 1420 Ib.
928 1372 977 1430 7,
998 1372 1049 1431 4,
1069 1372 1119 1423 2.
1145 1396 1215 1405 —-

278 1442 508 1501 Quodam
543 1442 695 1493 modo
737 1440 965 1490 Ciceroni
1012 1446 1214 1504 praeter

278 1521 502 1562 caeteros
525 1528 626 1561 non
639 1518 830 1560 rectum
850 1510 964 1560 esse
987 1510 1040 1557 in
1060 1510 1211 1559 tantis

274 1583 427 1631 rebus
458 1597 489 1629 a
514 1580 753 1644 Pompeio
794 1580 1091 1637 dissentire,
1135 1579 1211 1629 Ib.

276 1652 325 1709 7,
356 1649 467 1709 6,2.
489 1676 555 1685 --
580 1650 918 1698 Constitutum
939 1648 1213 1699 essePom-

274 1719 392 1782 peio
424 1725 471 1766 et
507 1719 613 1767 eius
648 1717 864 1768 consilio
901 1719 955 1766 in
986 1716 1213 1767 Siciliam

278 1787 568 1837 Ciceronem
608 1790 841 1851 mittere,
881 1788 1019 1849 quod
1051 1788 1213 1851 impe-

272 1858 404 1905 rium
435 1856 647 1915 habeat,
686 1858 738 1907 id
773 1871 885 1907 esse
906 1851 1212 1922 Ἀβδηριτι-

272 1920 393 1989 κόν,
420 1927 485 1977 ad
502 1929 605 1978 Att.
634 1894 684 1992 7,
708 1929 756 1992 7,
780 1929 829 1977 4.
853 1925 1211 1992 —Pompeius

272 1997 559 2063 existimat,
598 1999 645 2047 si
668 1995 853 2046 Caesar
890 1996 969 2046 vel
998 1997 1208 2046 dimisso

272 2068 501 2116 exercitu
522 2067 699 2130 consul
719 2065 881 2115 factus
900 2067 985 2126 sit,
1010 2058 1208 2130 σύγχυ-

271 2147 363 2182 σιν
401 2134 500 2200 τῆς
532 2131 817 2192 πολιτείας
850 2136 974 2184 fore.
1012 2160 1081 2170 ——·
1117 2133 1209 2183 Sin

268 2211 435 2252 autem
492 2205 580 2255 ille
633 2205 845 2266 fureret,
888 2204 1209 2254 vehementer

270 2273 526 2324 hominem
563 2274 915 2325 contemnebat
936 2281 985 2322 et
1016 2274 1125 2334 suis
1158 2280 1205 2322 et

268 2344 342 2391 rei
364 2343 503 2407 publ.
532 2345 697 2408 copiis
718 2342 1015 2403 confidebat,
1054 2343 1127 2395 Ib.
1153 2343 1201 2408 7,

266 2411 330 2472 8,
366 2415 419 2463 4.
488 2413 555 2463 cf.
587 2417 652 2462 ib.
675 2414 733 2474 7,
761 2411 841 2462 10.
878 2439 945 2448 -
984 2412 1059 2461 De
1084 2427 1203 2462 con·-

265 2482 381 2530 silio
419 2482 678 2547 Pompeii,
729 2483 866 2545 quod
914 2482 1087 2530 urbem
1126 2497 1204 2532 re—

266 2551 469 2612 liquerit
488 2567 534 2599 a.
556 2568 605 2603 u.
632 2569 675 2600 c.
700 2552 840 2614 705„
877 2552 953 2601 Ib.
974 2553 1023 2612 7,
1047 2551 1129 2611 11,
1148 2549 1197 2602 3.

263 2645 329 2652 -—
361 2619 578 2683 Fugiens
599 2620 867 2684 Pompeius
906 2620 1205 2670 mirabiliter

264 2685 498 2736 homines
525 2696 705 2736 movet.
782 2687 920 2735 Nihil
948 2690 1048 2736 iam
1084 2705 1203 2739 con-

269 2755 547 2803 cedendum
568 2763 749 2820 putant
776 2755 1013 2818 Caesari,
1052 2759 1125 2810 Ib.
1150 2761 1201 2823 7,

269 2822 350 2884 11,
377 2822 424 2872 3.
450 2849 518 2859 -—
538 2823 659 2874 Vult
678 2825 951 2888 Pompeius
982 2841 1095 2874 esse
1119 2826 1219 2876 Ci-‘

263 2906 523 2950 ceronam,
566 2907 712 2956 quem
750 2899 856 2942 tota
890 2894 1019 2944 haec
1054 2895 1200 2946 Cam-

300 2965 416 3011 ania
470 2971 519 3012 et
567 2963 819 3012 maritima
883 2980 972 3014 ora
1014 2964 1200 3014 habeat

261 3029 597 3092 sm'aaowov,
638 3033 704 3082 ad
726 3046 875 3094 quem
906 3033 1117 3084 dilectus
1150 3043 1199 3084 et

263 3117 462 3151 summa
483 3103 672 3166 negotii
690 3101 963 3163 referatur
987 3104 1057 3157 ib.
1080 3103 1193 3152 ead.

260 3174 310 3233 ς.
350 3197 420 3206 —-—
456 3170 590 3230 Quid
630 3171 901 3236 Pompeius
952 3180 1097 3239 agat,
1136 3188 1201 3222 ne

262 3242 429 3302 ipsum
460 3241 666 3302 quidem
686 3242 836 3302 scire,
860 3243 935 3296 Ib
964 3241 1196 3318 7,12,1.

265 3335 329 3343 —
360 3308 633 3372 Punipeius
666 3325 818 3372 quam
854 3303 1198 3380 ἀστρατήγη-

258 3389 373 3434 τος,
396 3391 545 3437 quam
580 3380 688 3426 sine
710 3380 939 3429 consilio.
961 3407 1030 3416 —-
1055 3375 1197 3428 Nihil

261 3457 376 3492 esse
404 3445 633 3494 timidius
655 3455 877 3505 constat,
914 3448 1041 3496 nihil
1078 3461 1195 3507 per-

1321 363 1336 375 .
1358 331 1606 381 turbatius
1621 368 1634 395 ,
1674 330 1746 378 lb.

844 177 953 224 CN.
982 176 1326 223 POMPEIUS
1357 174 1662 221 MAGNUS.

1771 330 1819 391 7,
1849 328 1928 379 13.
1961 344 2006 377 a.
2036 327 2061 377 1
2089 335 2138 377 et
2157 330 2305 381 2.-

1357 400 1429 448 De
1449 398 1698 449 mandatis
1715 398 1945 447 Caesaris
1964 413 1994 446 a
2008 396 2066 445 L.
2084 396 2304 447 Caesare

1359 468 1537 518 delatis
1567 468 1630 517 ad
1666 468 1959 532 Pompeium
1999 482 2044 516 a.
2082 466 2133 515 d.
2167 467 2300 515 VIII.

1357 538 1465 587 Kal.
1487 576 1500 600 ‚
1537 553 1692 601 quum
1722 538 1766 586 is
1790 544 1923 587 esset
1943 550 2055 585 cum
2075 535 2304 583 consuli-

1358 610 1452 657 bus
1471 607 1653 669 Teani,
1697 608 1768 656 lb.
1797 608 1846 666 7,
1876 604 1958 665 14,
1983 605 2031 654 1.
2059 632 2130 643 --
2149 604 2303 653 Pom-

1353 678 1501 743 peius
1520 677 1585 725 ad
1607 674 1897 725 Ciberonem
1917 674 2096 725 scribit
2113 675 2297 738 paucis

1358 746 1537 795 diebus
1578 760 1634 794 se
1669 746 1871 794 firmum
1895 744 2175 793 exercitum
2207 743 2302 793 ha-

1355 816 1610 879 biturum,
1651 830 1896 879 spemque
1932 813 2128 875 adfert,
2171 815 2215 861 si
2247 814 2299 861 in

1356 886 1595 935 Picenum
1627 900 1806 950 agrum
1831 884 1945 948 ipse
1983 884 2204 940 venerit,
2243 898 2299 932 se

1359 956 1570 1004 Romam
1590 955 1844 1004 redituros
1865 968 1995 1013 esse,
2033 954 2108 1005 Ib.
2135 952 2186 1017 7,
2212 952 2295 1015 16,

1356 1025 1408 1076 2.
1442 1050 1508 1059 -·—
1531 1024 1604 1073 De
1621 1024 1850 1074 Caesaris
1879 1022 2131 1072 mandatis
2151 1030 2200 1071 et
2221 1038 2298 1071 re-

1357 1094 1560 1157 sponsis
1607 1093 1838 1159 Pompeii
1891 1107 1922 1141 a
1964 1091 2132 1143 Sestio
2179 1107 2298 1141 con-

1355 1164 1576 1227 scriptiS,
1596 1164 1669 1216 Ib.
1697 1165 1744 1224 7,
1771 1165 1850 1227 17,
1873 1164 1921 1211 2.
1942 1194 2011 1202 -
2033 1162 2298 1227 Responsa

1355 1232 1584 1297 Pompeii
1605 1242 1750 1297 grata
1778 1231 1972 1298 populo
1999 1241 2049 1281 et
2082 1232 2298 1297 probata

1356 1302 1588 1352 contione
1609 1318 1724 1352 esse
1745 1304 1999 1364 dicuntur,
2034 1302 2107 1351 lb.
2132 1302 2183 1361 7,
2211 1301 2292 1365 18,

1358 1372 1406 1425 1.
1439 1401 1506 1409 -
1547 1370 1740 1421 Cnaeus
1760 1372 2002 1421 Luceriae
2035 1372 2298 1421 dicebatur

1359 1456 1471 1491 esse
1504 1448 1552 1491 et
1589 1442 1730 1491 adire
1764 1442 1996 1491 cohortes
2037 1441 2295 1506 leg-ionum

1355 1512 1652 1560 Atianarum
1689 1513 1722 1559 i.
1765 1528 1809 1561 e.
1847 1526 1946 1560 non
1979 1510 2296 1559 firmissima-

1354 1596 1494 1640 rum,
1533 1581 1600 1630 ad
1618 1582 1724 1633 Att.
1747 1582 1796 1641 7,
1835 1580 1916 1640 10,
1945 1580 1992 1635 1,
2037 1580 2098 1628 cl.
2133 1580 2203 1629 ib.
2244 1580 2293 1639 7,

1359 1648 1441 1705 13.
1463 1652 1514 1701 b.
1553 1650 1600 1698 7.
1625 1677 1686 1685 —
1712 1650 1822 1701 Non
1841 1651 2041 1699 animus
2062 1657 2156 1708 est,
2193 1664 2296 1698 non

1355 1720 1619 1769 consilium
1638 1759 1650 1781 ‚
1692 1734 1792 1771 non
1814 1721 1990 1785 copiae
2009 1755 2024 1782 ,
2057 1734 2156 1769 non
2178 1718 2296 1767 dili-

1355 1790 1522 1854 gentia
1557 1790 1610 1837 in
1627 1789 1900 1854 Pompeio,
1941 1790 2016 1839 Ib.
2039 1792 2088 1849 7,
2121 1788 2207 1849 21,
2242 1788 2288 1835 1.

1353 1886 1419 1894 —-
1447 1858 1516 1907 De
1555 1859 1812 1910 celeritate
1851 1857 2140 1908 incredibili
2168 1856 2294 1906 Cae-

1350 1930 1508 1988 sar-ia,
1549 1930 1611 1979 de
1648 1929 1879 1994 Pompeii
1909 1929 2174 1988 tarditate,
2216 1928 2287 1977 Ib.

1353 2001 1402 2060 7,
1443 1999 1526 2060 22,
1571 1998 1618 2050 1.
1651 2026 1718 2036 ——
1759 1999 2052 2063 Pompeium
2085 1997 2292 2060 quidem

1351 2069 1590 2132 persequi
1629 2067 1814 2118 Caesar
1852 2068 2039 2117 dicitur
2061 2105 2073 2128 ‚
2129 2067 2202 2116 Ib.
2239 2067 2288 2125 7,

1349 2135 1434 2201 23,
1464 2137 1500 2186 1-
1515 2153 1626 2200 sqq.
1653 2165 1724 2174 --
1746 2137 1906 2188 Malas
1937 2149 2120 2186 causas
2155 2151 2290 2184 sem-

1348 2221 1438 2270 per
1459 2207 1673 2256 obtinuit
1695 2208 1987 2273 Pompeius,
2021 2208 2074 2254 in
2099 2205 2292 2269 optima

1287 2337 1292 2342 ι
1350 2276 1607 2337 concidit,
1644 2278 1716 2327 lb.
1741 2280 1804 2343 7,
1827 2277 1910 2327 25.
1947 2303 2016 2312 -
2059 2274 2195 2333 Quid
2227 2277 2290 2323 sit

1347 2346 1483 2408 quod
1511 2345 1784 2410 Pompeius
1807 2345 2097 2396 Ciceronem
2127 2343 2291 2392 Luce-

1344 2416 1468 2464 riam
1487 2415 1658 2466 venire
1677 2416 1816 2481 velit,
1858 2417 1930 2467 lb.
1953 2414 2064 2464 Lib.
2085 2413 2136 2472 8,
2158 2411 2206 2475 1,
2239 2413 2284 2463 1.

1344 2511 1412 2520 —-
1471 2484 1608 2535 Unus
1659 2485 1931 2550 Pompeius
1993 2482 2288 2532 Ciceronem

1343 2560 1512 2603 movet
1570 2555 1844 2616 beneficiO,
1899 2568 1995 2602 non
2065 2552 2288 2600 auctori-

1346 2631 1464 2683 tate,
1503 2623 1645 2689 lb.8‚
1676 2625 1722 2685 1,
1743 2625 1794 2673 4.
1821 2650 1891 2660 —
1910 2621 1976 2671 Se
1997 2621 2287 2686 improbare

1346 2693 1617 2742 consilium
1669 2691 1759 2743 Cu.
1805 2692 2034 2757 Pompeii
2088 2689 2288 2738 ltaliam

1344 2762 1662 2824 relinquendi
1683 2799 1698 2822 ,
1733 2762 1810 2814 Ib.
1833 2763 1882 2825 8,
1905 2763 1954 2820 2,
1974 2763 2024 2811 4.
2055 2787 2128 2797 -—-
2147 2757 2283 2807 Nihil

1343 2839 1510 2880 actum
1542 2839 1617 2881 est
1649 2847 1676 2878 a
1704 2831 1946 2894 Pompeio
1987 2837 2158 2878 nostro
2203 2841 2286 2876 sa-

1341 2901 1558 2964 pienter,
1593 2900 1720 2949 nihil
1755 2900 1950 2950 fortiter
1974 2905 2091 2960 etc.,
2127 2898 2204 2948 Ib.
2231 2896 2283 2959 8,

1343 2969 1405 3034 3,
1437 2967 1486 3018 3.
1521 2969 1696 3021 -Cn.
1721 2969 1994 3032 Pompeius
2015 2966 2284 3015 Caesaiem

1341 3053 1456 3088 sero
1488 3039 1654 3102 coepit
1673 3041 1852 3088 timere
1881 3053 1928 3085 a.
1960 3051 2012 3084 ιι.
2047 3051 2090 3084 c.
2137 3033 2284 3094 705„

1342 3107 1408 3156 ad
1431 3106 1550 3156 fam.
1580 3105 1660 3170 16,
1698 3107 1773 3171 11,
1805 3105 1855 3156 3.
1876 3131 1945 3140 —
1968 3103 2042 3154 De
2060 3103 2283 3154 Domitio

1341 3191 1374 3224 a
1410 3177 1654 3240 Pompeio
1678 3175 1882 3226 Corfinii
1917 3173 2176 3232 derelicto,
2216 3172 2285 3220 ad

1345 3246 1446 3294 Att.
1461 3245 1512 3309 3,
1541 3246 1590 3298 7.
1631 3244 1694 3293 cl.
1719 3245 1786 3294 ib.
1813 3243 1864 3302 8,
1883 3243 1934 3302 5,
1963 3244 2014 3295 2.
2035 3267 2108 3278 -
2132 3243 2284 3291 Pom-

1342 3315 1448 3377 peii
1490 3314 1770 3362 litterarum
1817 3313 1880 3360 ad
1919 3310 2154 3361 consules
2191 3325 2282 3358 ex-

1339 3383 1602 3445 emplum,
1637 3381 1712 3434 lb.
1734 3381 1796 3438 8,
1829 3379 1882 3441 6,
1917 3383 1968 3430 2.
2009 3405 2078 3415 —-·
2112 3379 2281 3428 Unum

1340 3450 1495 3498 etiam
1535 3456 1690 3498 restat
1725 3450 1968 3512 Pompeio
2017 3448 2084 3496 ad
2129 3461 2278 3496 omne
