2500 3850
692 181 767 226 M.
796 177 1109 226 FORMIAE
1148 197 1231 207 —-
1264 177 1806 225 FREGELLANUM.

263 339 326 388 1³.
350 335 567 387 Clodius
596 342 863 400 parentum
891 348 1104 396 nomen,
1134 351 1217 385 sa-

272 423 375 466 cra,
392 407 717 469 memoriam,
734 411 935 470 gentem
947 405 1216 454 Fonteiano

270 477 481 526 nomine
510 475 708 536 obruit,
740 478 801 523 de
830 473 1036 539 harusp.
1078 489 1214 538 resp.

196 609 471 665 Formiae
484 649 500 676 ,
539 611 869 674 municipium
889 611 1019 659 Latii
1038 611 1090 658 in
1111 611 1216 658 Au-

272 683 477 746 runcis,
505 680 571 730 ad
590 681 692 732 Att.
714 681 771 738 2,
805 677 893 741 13,
920 682 973 732 2.
1009 679 1076 728 ad
1097 678 1219 728 fam.

279 751 362 808 16,
385 751 470 812 12,
494 749 545 801 5.
582 749 657 802 Ib.
695 747 753 809 8,
783 748 875 808 17,
901 748 948 798 1.
985 747 1053 797 ad
1068 748 1128 808 Q.
1154 747 1214 798 fr.

278 821 327 881 1,
356 820 402 880 l,
424 818 475 870 6.
498 820 548 880 §-
574 818 655 868 17.
695 817 760 867 ad
784 818 886 866 Au.
915 818 967 882 7,
987 815 1037 881 8,
1060 818 1109 867 4.

202 901 513 953 Formiana
549 900 673 951 villa
710 900 967 950 Ciceronis
1006 902 1057 950 in
1094 915 1217 966 agro

278 974 551 1024 Formiano
570 984 729 1035 prope
749 969 974 1020 Caietam
990 1006 1004 1028 ,
1025 970 1091 1019 ad
1111 969 1213 1018 Att.

279 1043 343 1101 4,
364 1043 427 1097 2,
449 1039 500 1091 6.
540 1040 601 1089 el.
634 1040 783 1100 ib.4,
812 1038 873 1101 6,
900 1040 949 1089 7.
988 1041 1051 1088 V.
1074 1035 1217 1087 For-

279 1108 549 1160 mianum.

204 1175 503 1229 Formiani
551 1177 779 1228 Ciceroni
824 1176 963 1241 apud
1006 1189 1093 1224 eos
1129 1174 1216 1223 de-

279 1249 421 1312 genti
440 1248 715 1297 admodum
735 1254 875 1296 erant
898 1244 1127 1304 molesti,
1154 1243 1219 1292 ad

278 1318 383 1366 Att.
405 1318 457 1379 2,
484 1317 563 1377 14,
583 1317 634 1365 2.

205 1396 603 1461 Formianum,
635 1397 691 1450 C.
718 1395 880 1446 Laelii
908 1394 1030 1445 villa
1050 1431 1063 1454 ,
1088 1395 1153 1444 de
1172 1409 1215 1442 r.

278 1483 333 1533 p.
360 1468 407 1527 l,
433 1467 518 1532 39,
536 1467 618 1518 61.
642 1467 857 1516 —Item
878 1464 1002 1514 villa
1022 1461 1219 1512 Cicero·-

278 1539 385 1596 nis,
422 1537 489 1585 ad
515 1535 641 1587 fam.
677 1534 770 1596 16,
809 1531 901 1594 10,
939 1534 986 1583 1.
1025 1533 1099 1583 lb.
1134 1531 1219 1594 16,

284 1607 367 1665 12,
386 1604 438 1654 6.
478 1604 545 1654 ad
561 1606 663 1654 Att.
683 1607 743 1662 4,
770 1603 819 1659 6,
838 1604 889 1652 7.
927 1604 1052 1651 Item
1070 1599 1219 1649 Dola-

280 1674 475 1736 bellae,
498 1674 571 1722 Ib.
596 1673 677 1731 15,
697 1671 779 1734 13,
800 1674 849 1722 5.

208 1757 545 1810 Formianus
567 1758 753 1808 fundus
771 1759 826 1808 P.
848 1757 1059 1814 Rutilii,
1084 1755 1145 1805 de
1166 1770 1217 1804 n.

284 1831 335 1879 d.
358 1830 409 1891 3,
433 1829 515 1888 35,
540 1827 625 1878 86.

210 1896 517 1948 Formulae
557 1895 824 1961 augurales
866 1895 917 1944 in
958 1891 1217 1961 auspiciis,

285 1968 348 2027 de
367 1968 523 2017 divin.
550 1968 600 2025 2,
622 1966 707 2029 34,
730 1965 793 2015 71
820 1971 869 2013 et
888 1964 975 2012 72.

213 2049 355 2100 Fors
372 2050 497 2099 hera
516 2050 680 2099 Ennio
702 2050 855 2107 dicta,
877 2047 941 2097 de
962 2046 1046 2096 off.
1068 2046 1115 2107 l,
1134 2048 1219 2108 12,

282 2118 366 2171 38.
390 2144 461 2155 —-
476 2119 599 2167 Fors
620 2118 823 2167 domina
844 2117 1039 2180 campi,
1070 2118 1123 2165 in
1141 2115 1220 2165 Pi-

283 2203 395 2237 son.
420 2188 471 2249 2,
495 2186 543 2237 3.

214 2254 494 2320 Fortuna,
528 2257 641 2307 dea.
681 2255 899 2304 Fortuna
926 2268 1090 2303 rerum
1124 2253 1220 2303 hu-

283 2340 547 2375 manarum
583 2325 789 2373 domina
804 2360 817 2382 ,
852 2336 945 2387 pro
985 2322 1221 2373 Marcello

284 2397 336 2455 2,
358 2396 409 2444 7.
435 2422 500 2430 —
524 2394 648 2443 Eam
669 2405 816 2442 nemo
846 2392 909 2441 ab
932 2392 1221 2441 inconstan-

283 2464 357 2511 tia
394 2472 443 2512 et
476 2464 755 2513 temeritate
792 2462 1050 2525 seiunget,
1090 2476 1220 2523 quae

288 2532 440 2597 digna
460 2540 594 2581 certe
614 2545 711 2579 non
730 2538 847 2579 sunt
868 2530 962 2579 deo
978 2566 991 2589 ,
1016 2530 1077 2578 de
1096 2544 1145 2578 n.
1167 2530 1217 2579 d.

285 2601 317 2652 3
332 2636 346 2664 ,
368 2602 437 2651 24
452 2638 467 2663 ,
500 2601 587 2653 61.
612 2627 681 2637 -
702 2600 917 2648 Fortuna
952 2613 1112 2647 caeca·
1123 2606 1216 2664 est,

287 2669 348 2718 de
380 2684 478 2719 am.
516 2668 611 2732 15,
642 2668 729 2720 54.
757 2695 824 2704 -
856 2667 1106 2717 Fortunae
1130 2667 1219 2716 de-

286 2739 490 2803 scriptio
510 2738 813 2797 Pacuviana,
835 2737 900 2785 ad
918 2734 1036 2787 Her.
1060 2738 1109 2800 2,
1130 2736 1217 2799 23,

286 2806 372 2859 36.
396 2834 461 2843 —·
478 2804 700 2857 Fortuna
716 2806 931 2856 Huiusce
951 2804 1093 2867 Diei,
1122 2804 1219 2853 Re-

285 2876 505 2939 spiciens
520 2911 532 2933 ‚
583 2876 709 2925 Fors
723 2911 737 2934 ,
774 2874 1079 2937 Primigenia
1096 2909 1109 2932 ,
1156 2874 1219 2923 de

283 2943 383 3009 leg.
403 2946 454 3004 2,
479 2944 561 3007 11,
582 2944 669 2995 28.
684 2943 907 3002 -Quod
929 2943 978 2991 in
998 2956 1061 2992 ea
1076 2949 1219 3006 parte

282 3013 531 3064 Fortunae
552 3012 725 3063 fanum
748 3010 1014 3077 Syracusis
1029 3048 1045 3075 ,
1067 3013 1214 3061 Verr.

284 3089 501 3131 accusat.
520 3083 573 3143 4,
590 3080 675 3141 53,
700 3078 1080 3131 119.—-Bonae
1102 3081 1219 3128 For-

282 3159 433 3200 tunae
454 3151 658 3215 signum
673 3166 703 3200 a
720 3148 776 3203 C.
793 3151 956 3200 Verre
969 3150 1095 3199 Heio
1112 3148 1219 3198 Ma-

283 3220 495 3269 mertino
522 3219 744 3269 ablatum
761 3254 776 3278 ,
805 3219 879 3271 lb.
900 3220 962 3281 4,
992 3218 1023 3269 3
1040 3256 1052 3278 ‚
1077 3220 1129 3270 7.
1151 3244 1217 3253 —-

282 3288 503 3338 Fortuna
519 3288 668 3337 mala.
711 3289 828 3336 Eius
861 3301 947 3335 ara
968 3288 1019 3335 in
1039 3287 1217 3348 Esqui-

283 3356 395 3419 liis,
420 3356 483 3406 de
504 3356 605 3422 leg.
627 3358 678 3417 2,
701 3356 783 3415 11,
802 3354 889 3407 28.
923 3355 985 3404 cl.
1011 3357 1072 3405 de
1096 3370 1144 3403 n.
1168 3355 1218 3403 d.

282 3424 334 3484 3,
356 3425 439 3483 25,
460 3423 547 3479 63.
1148 3450 1154 3456 -

2104 224 2107 227 ,
2173 166 2292 228 153

1287 332 1538 384 Fortuna
1556 331 1938 384 Praenestina.
1977 335 2032 382 In
2053 335 2160 386 eius
2177 351 2292 400 gre—

1358 405 1458 452 mio
1480 403 1691 455 sedebat
1709 405 1934 467 luppiter
1953 418 2080 467 puer
2099 402 2292 452 lactens

1357 486 1470 521 cum
1491 474 1708 531 lunone,
1731 472 1793 520 de
1815 473 1974 522 divin.
1998 471 2056 530 2,
2077 473 2139 522 41
2154 510 2169 534 ,
2200 473 2284 523 85.

1357 567 1424 576 -—
1457 540 1579 589 Eius
1614 541 1809 590 monitu
1843 546 2003 590 sortes
2029 539 2290 602 tolluntur,

1358 623 1572 671 quorum
1591 610 1820 659 inventor
1837 608 1898 658 N.
1921 607 2194 672 Suffucius,
2216 611 2288 658 lb.

1287 716 1497 797 For'um
1523 742 1690 812 Appii
1715 746 1962 812 oppidum
1993 746 2045 794 in
2073 747 2294 811 viaAp-

1357 816 1442 880 pia
1462 851 1474 873 ,
1507 815 1574 865 ad
1596 816 1702 868 Att.
1727 817 1779 875 2,
1803 814 1883 866 10.
2039 873 2044 880 .
2152 857 2156 862 ,

1287 883 1495 934 Forum
1519 881 1839 946 Aurelium,
1879 883 2125 948 oppidum
2155 883 2292 933 haud

1357 953 1533 1018 procul
1571 953 1635 1002 ab
1666 952 1826 1012 Urbe,
1859 952 1927 1001 ad
1962 953 2096 1001 viam
2129 953 2293 1002 Aure-

1355 1022 1476 1071 liam
1499 1024 1650 1072 sitnm
1664 1059 1682 1081 ,
1707 1021 1862 1070 hodie
1881 1021 2055 1071 Monte
2073 1021 2216 1082 Alte,
2240 1023 2294 1070 in

1359 1089 1502 1143 Catil.
1531 1091 1576 1151 1,
1599 1090 1649 1150 9,
1672 1091 1756 1140 24.

1288 1157 1494 1210 Forum
1553 1155 1875 1208 Cornelium
1919 1174 1963 1208 s·
2019 1158 2290 1223 Cornelii,
2359 1176 2396 1199 ·-

1359 1229 1605 1294 oppidum
1658 1228 1970 1293 Lingonum,
2017 1231 2069 1277 in
2131 1227 2292 1278 Gallia

1361 1298 1642 1360 Cispadane
1657 1333 1671 1356 ,
1692 1295 1846 1347 hodie
1865 1296 2047 1357 Imola,
2082 1298 2145 1347 ad
2167 1297 2286 1351 fam.

1363 1366 1447 1426 12,
1469 1367 1518 1426 5,
1539 1367 1590 1415 2.

1287 1433 1496 1484 Forum
1536 1431 1854 1494 Gallorum,
1895 1433 2136 1495 oppidum
2179 1433 2293 1482 Gal-

1359 1504 1456 1552 liae
1495 1499 1842 1565 Cispadanae,
1881 1501 2012 1548 inter
2045 1500 2292 1550 Mutinam

1359 1577 1408 1620 et
1425 1571 1704 1620 Bononiam
1736 1570 1788 1617 in
1817 1571 1900 1618 via
1925 1569 2171 1632 Aemilia,
2203 1569 2294 1618 ho-

1361 1641 1444 1689 die
1485 1639 1655 1690 Castel
1691 1639 1918 1700 Franco,
1968 1639 2032 1686 ad
2057 1638 2177 1688 fam.
2209 1639 2290 1700 10,

1289 1775 1500 1826 Forum
1529 1773 1691 1840 Iulii,
1727 1777 1926 1826 colonia
1955 1793 1984 1825 a
2014 1777 2140 1828 Iulio
2171 1775 2295 1826 Cae-

1360 1861 1471 1896 sare
1490 1846 1704 1896 deducta
1719 1848 1770 1895 in
1785 1845 1946 1896 Gallia
1959 1845 2292 1906 Narbonensi,

1357 1915 1514 1965 hodie
1532 1915 1748 1980 Fre'jus,
1771 1916 1838 1966 ad
1856 1915 1978 1965 fam.
2004 1915 2097 1979 10,
2126 1915 2218 1975 15,
2241 1914 2293 1965 3.

1359 1986 1433 2034 lb.
1456 1984 1539 2043 10,
1561 1985 1644 2045 17,
1673 1986 1719 2035 1.

1289 2052 1500 2103 Forum
1528 2050 1759 2103 Voconii
1789 2067 1820 2101 a
1844 2053 1974 2103 Foro
2005 2052 2118 2102 Iulii
2149 2062 2294 2114 quat-

1360 2129 1474 2173 tuor
1493 2130 1540 2172 et
1561 2123 1741 2187 viginti
1773 2122 1914 2171 milia
1935 2136 2181 2187 passuum
2205 2122 2296 2169 ab*-

1362 2198 1466 2252 est,
1506 2192 1572 2241 ad
1601 2191 1724 2242 fam.
1756 2188 1850 2250 10,
1884 2192 1977 2250 17,
2012 2190 2061 2246 1’.
2101 2192 2174 2239 Ib.
2211 2189 2293 2251 10,

1290 2327 1338 2377 F
1339 2341 1644 2393 rangoneS,
1679 2329 1912 2378 Caesaris
1937 2327 2209 2377 adseculae
2231 2342 2296 2375 ex

1357 2396 1528 2445 infima
1551 2396 1728 2460 plebe,
1760 2396 2004 2445 latrocinii
2042 2403 2294 2459 auctores,

1360 2465 1425 2514 ad
1449 2466 1552 2513 Att.
1576 2465 1655 2527 14,
1681 2464 1764 2526 10,
1785 2466 1836 2513 2.

1289 2530 1468 2584 Fraus
1489 2534 1614 2593 dea,
1638 2532 1700 2581 de
1719 2547 1770 2581 n.
1793 2532 1846 2582 d.
1870 2530 1918 2589 3,
1944 2531 2026 2591 17,
2047 2532 2131 2580 44.

1289 2599 1617 2668 Fregellae,
1647 2601 1896 2667 oppidum
1915 2598 2211 2649 Volscorum
2241 2600 2298 2649 in

1360 2671 1525 2721 Latio.
1544 2696 1610 2706 —-
1631 2670 1964 2732 Perfidiosae‚
1999 2670 2066 2719 ad
2090 2669 2203 2719 Her.
2239 2672 2298 2735 4,

1360 2739 1444 2799 15,
1465 2739 1553 2789 22.
1574 2766 1641 2775 -
1660 2740 1904 2797 Eversae,
1928 2739 2001 2789 lb.
2023 2740 2075 2800 4,
2097 2741 2181 2800 27,
2205 2738 2292 2789 37.

1287 2806 1610 2875 Fregellani
1633 2809 1924 2874 perduelles
1959 2810 2010 2857 in
2049 2808 2296 2874 populum

1355 2878 1526 2940 Rom„
1548 2878 1616 2928 ad
1632 2879 1750 2929 Her.
1989 2918 2000 2929 .
2035 2878 2106 2927 Ib.
2131 2878 2181 2934 4,
2208 2878 2294 2937 27,

1357 2946 1444 2997 37.
1467 2946 1530 2997 de
1549 2948 1650 2999 inv.
1675 2948 1724 3013 1,
1745 2948 1798 3010 8,
1820 2948 1904 3000 11.
1925 2973 1990 2983 —
2011 2946 2296 3011 Fregellani

1357 3015 1552 3065 defensi
1575 3018 1627 3065 in
1647 3025 1828 3067 senatu
1857 3034 1886 3065 a
1917 3016 2172 3079 municipe
2201 3028 2294 3063 suo

1361 3083 1417 3134 L.
1451 3084 1669 3149 Papirio,
1697 3086 1834 3137 Brut.
1857 3084 1941 3144 46,
1972 3082 2088 3135 170.

1289 3148 1614 3219 Fregellani
1661 3148 2053 3218 Quattuor-viri
2096 3158 2143 3201 et
2177 3150 2288 3200 De-

1360 3218 1636 3271 curioncs.
1675 3223 1756 3271 Ad
1775 3236 1862 3271 eos
1883 3226 1958 3269 est
1986 3218 2201 3283 epistola
2229 3217 2296 3267 ad

1362 3288 1483 3339 fam.
1512 3288 1594 3349 13,
1620 3290 1704 3342 76.

1287 3354 1685 3423 Fregellanum
1721 3358 1934 3417 bellum,
1969 3357 2031 3406 de
2051 3355 2162 3420 lege
2181 3368 2293 3419 agr.

1260 3428 1264 3432 “
1359 3427 1411 3485 2,
1435 3422 1520 3487 33,
1551 3425 1637 3481 90.
