2500 3850
2154 7 2455 86 ‘'-

243 115 331 198 ,98
466 127 530 174 L.
564 123 953 173 connans
987 124 1203 172 cmm
1234 146 1310 156 —-
1339 126 1402 172 P.
1434 124 1729 172 comum.
1760 125 2207 176 DOLABELLA.

311 297 411 332 nae
427 281 568 332 nulla
586 282 826 341 victoris,
848 280 1072 346 Philipp.
1098 281 1180 339 14,
1200 280 1253 344 8,
1272 345 1281 348 -

313 350 403 404 23.
431 376 501 388 -
533 350 698 400 Etiam
728 352 781 399 in
818 364 995 399 cruore
1029 348 1253 400 Cinnano

312 419 457 487 leges
485 419 634 470 Aelia
661 427 712 468 et
729 418 874 468 Fufia
902 420 1142 468 vixerunt
1156 453 1172 480 ,
1200 419 1256 467 in

311 489 482 540 Vatin.
508 486 542 538 9
557 524 574 548 ,
597 486 684 540 23.
705 514 776 526 --
800 487 960 538 Cinna
978 486 1132 536 nimis
1161 501 1253 550 po-

309 565 454 619 tens,
489 555 713 622 Philipp.
744 557 806 615 2,
835 556 929 616 42,
962 555 1080 608 108.
1102 556 1250 608 —L.

313 626 476 677 Cinna
493 626 716 676 crudelis
734 662 748 686 ,
767 624 989 688 Philipp.
1013 624 1097 685 11,
1131 623 1178 686 1,
1204 623 1250 675 1.

313 722 380 732 -
406 694 596 756 Cinna,
629 693 799 755 Sulla,
834 692 1020 743 Caesar
1036 699 1155 758 post
1181 693 1252 741 ci-

307 766 518 817 vitatem
535 779 566 814 a
579 731 644 817 L.
665 763 820 812 Bruto
850 762 1116 812 liberatam
1132 761 1250 826 plus

305 841 582 898 potuerunt
602 847 756 896 quam
784 831 1024 880 universa
1051 845 1133 880 res
1154 845 1250 895 pu-

306 903 469 967 blica,
501 901 727 967 Philipp.
763 898 921 962 5,6,
959 899 1042 952 17.
1084 899 1148 949 cl.
1182 899 1250 950 ad

308 971 412 1021 Att.
433 974 485 1033 7,
507 972 567 1032 7,
591 972 642 1022 7.
666 997 732 1007 -
754 967 913 1019 Cinna
933 968 1162 1019 deiectus
1183 983 1248 1017 ex

306 1040 460 1099 urbe,
498 1054 592 1104 pro
625 1037 771 1088 Caec.
810 1035 909 1097 30,
948 1037 1034 1090 87.
1076 1036 1145 1090 cf.
1178 1038 1247 1087 ad

306 1109 410 1157 Att.
434 1076 486 1167 9,
509 1107 594 1166 10,
615 1105 667 1159 3.

236 1173 302 1228 Ia.
334 1171 633 1226 Cornelius
666 1170 843 1224 Cinna
873 1182 1077 1240 praetor
1107 1189 1157 1228 a.
1189 1191 1241 1228 ιι.

308 1261 353 1295 c.
374 1243 520 1306 710„
542 1242 764 1308 Philipp.
787 1242 838 1308 3,
861 1243 945 1307 10,
963 1243 1050 1295 26.
1076 1242 1247 1310 Signi-

303 1313 487 1362 ficatur
506 1311 730 1377 Philipp.
751 1311 836 1375 10,
857 1312 910 1374 6,
931 1312 1016 1365 13.

234 1379 299 1436 Ia.
332 1378 628 1432 Cornelius
657 1379 1096 1448 Chrysogonus,
1129 1379 1245 1430 Sul-

301 1451 384 1501 lae
404 1450 647 1512 libertus,
671 1450 810 1514 apud
830 1464 944 1500 eum
970 1450 1244 1515 gratiosae,

299 1535 394 1585 pro
416 1519 540 1573 Sex,
565 1520 715 1572 Rosc.
737 1520 784 1576 2,
805 1517 856 1569 6.
886 1518 974 1581 43,
998 1519 1114 1572 124.
1155 1516 1242 1580 49,

306 1587 425 1638 111.
459 1589 545 1648 50,
568 1587 688 1638 145.

229 1653 299 1709 Δ.
328 1653 627 1706 Cornelius
649 1652 859 1703 Cossus
879 1651 1093 1704 Arvina
1127 1669 1244 1704 con-

302 1723 518 1773 sulcum
539 1724 607 1772 M.
631 1721 835 1771 Valerio
857 1719 1019 1771 Corvo
1038 1725 1243 1772 tertium

303 1807 349 1840 a.
373 1808 426 1844 u.
451 1808 494 1841 c.
519 1790 670 1849 411.,
693 1790 759 1839 de
783 1789 938 1837 divin.
963 1789 1010 1847 1,
1030 1790 1116 1851 24,
1135 1791 1224 1845 51.

235 1858 538 1912 Cornelius
575 1855 866 1910 Culleolus
887 1854 1144 1920 hariolus,
1179 1859 1243 1909 de

299 1930 460 1980 divin.
485 1929 534 1992 1,
556 1930 608 1989 2,
632 1932 684 1978 4.

231 1993 331 2049 Gn.
376 1996 677 2050 Cornelius
705 1994 1012 2047 Dolabella
1048 2012 1156 2048 cos.
1190 2011 1236 2053 a.

295 2083 348 2117 u.
377 2082 422 2116 c.
443 2066 564 2118 673.
602 2082 719 2117 cum
743 2065 812 2119 M.
833 2064 999 2116 Tullio
1031 2064 1240 2128 Decula,

295 2135 467 2185 Pison.
503 2134 594 2192 19,
613 2137 700 2185 44.
730 2135 873 2184 Brut.
905 2133 989 2193 92,
1021 2131 1142 2186 317.
1177 2136 1241 2186 de

287 2204 413 2270 lege
435 2217 540 2267 agr.
566 2204 618 2267 2,
644 2204 725 2261 14,
750 2200 833 2252 35.

229 2268 329 2323 (1ιι.
370 2268 670 2323 Cornelius
699 2268 1003 2321 Dolabella
1032 2279 1240 2337 praetor

291 2343 586 2395 urbanusa.
609 2356 663 2394 ιι.
686 2356 730 2391 c.
752 2338 873 2391 673.
898 2354 1030 2391 coss.
1051 2356 1238 2407 cogno-

291 2413 430 2463 mine
469 2410 579 2462 eius
619 2418 669 2460 et
712 2408 782 2459 M.
821 2407 990 2459 Tullio
1026 2410 1236 2475 Decula‚

288 2496 382 2547 pro
407 2481 611 2543 Quinct.
631 2481 683 2540 2,
702 2476 754 2528 9.
784 2477 858 2531 15.
883 2477 943 2543 8,
966 2477 1051 2531 30.
1089 2447 1237 2529 Verr-

290 2550 406 2601 Act.
428 2552 478 2607 1,
499 2551 552 2611 4,
578 2548 661 2599 11.
676 2547 814 2605 -1,
836 2547 919 2605 15,
937 2547 1024 2598 41.
1036 2547 1237 2598 —Pro·

289 2620 488 2668 vinciae
520 2616 732 2667 Ciliciae
765 2614 990 2679 praefuit
1021 2632 1068 2665 a.
1100 2632 1151 2669 ιι.
1184 2633 1233 2671 c.

290 2686 394 2736 674
409 2693 459 2734 et
469 2683 612 2745 675„
631 2684 794 2732 donec
804 2683 857 2732 P.
866 2680 1114 2735 Servilius
1128 2700 1235 2736 coe.

289 2769 337 2803 a.
360 2769 412 2804 ιι.
435 2768 480 2801 c.
503 2722 624 2801 675⁹.
659 2753 708 2800 ei
739 2752 1013 2811 successit,
1046 2753 1121 2801 15.
1150 2753 1235 2819 17,

286 2824 375 2873 44.
414 2821 488 2870 lb.
509 2820 594 2877 29,
625 2820 710 2871 72.
734 2820 802 2868 Μ.
824 2788 1032 2869 Aemilii
1059 2790 1237 2872 Scauri

286 2899 533 2954 paternus
575 2888 840 2948 inimicus,
864 2902 956 2952 pro
978 2886 1164 2941 Scauro
1183 2893 1234 2952 2,

288 2960 375 3010 45.
432 2958 578 3011 Verr.
603 2964 826 3007 accusat.
849 2957 899 3015 1,
919 2956 1014 3022 30,
1043 2958 1126 3008 77.
1167 2959 1229 3015 cl.

287 3027 360 3081 ib.
384 3025 470 3090 34,
494 3026 579 3077 88.
620 3027 692 3076 15.
716 3024 801 3087 36,
823 3023 908 3077 91.
943 3027 1016 3076 15.
1038 3023 1122 3089 38,
1143 3026 1228 3080 95.

283 3125 355 3136 -
377 3095 467 3149 Cn.
490 3095 756 3146 Dolabella
777 3094 1072 3146 Volcatium
1093 3112 1233 3147 com-

284 3166 429 3214 muni
466 3174 516 3215 et
547 3164 802 3215 cotidiano
845 3164 956 3215 iure
990 3166 1235 3231 privavit,

287 3232 486 3284 Cornel.
506 3236 658 3299 prim.
692 3233 890 3299 fragm.
926 3234 1009 3285 18.
1032 3249 1084 3301 p.
1110 3235 1232 3289 211.

213 3296 280 3351 P.
313 3300 606 3355 Cornelius
632 3300 820 3353 Dolab
841 3302 983 3367 ella,
1014 3302 1236 3355 familia-

283 3373 384 3434 ris,
409 3387 527 3422 mox
561 3386 716 3439 gener
735 3372 804 3425 M.
848 3371 1134 3435 CiceroniS,
1166 3374 1235 3425 ad

1394 281 1517 330 fam.
1549 281 1610 342 7,
1639 277 1735 344 32,
1770 279 1822 331 3.
1862 281 1938 330 15.
1968 280 2153 344 7,33,
2188 285 2330 334 2.—

1395 348 1774 408 Quindecimvir
1793 347 1954 398 factus
1972 364 2021 402 a.
2042 364 2094 400 ιι.
2116 366 2162 402 c.
2189 349 2329 412 703..

1397 417 1537 470 Cael.
1576 417 1643 466 ad
1670 417 1794 470 fam.
1817 416 1881 478 8,
1908 419 1971 477 4,
2006 417 2054 468 1.
2074 445 2142 454 —
2167 420 2331 469 Reum

1394 487 1515 536 facit
1535 484 1635 550 Ap.
1658 484 1923 536 Claudium
1945 485 2179 538 Pulcrum
2200 504 2249 542 a.
2273 505 2327 540 ιι.

1396 571 1443 608 c.
1467 555 1618 615 704.,
1647 554 1721 604 15.
1743 551 1803 618 8,
1838 555 1903 614 6,
1938 553 1987 604 1.
2028 554 2090 607 cl.
2112 557 2181 606 ad
2202 557 2327 610 fam.

1397 625 1459 684 2,
1495 621 1591 682 13,
1632 625 1681 674 2.
1727 621 1786 685 3,
1823 619 1915 680 10,
1954 623 2006 672 4.
2038 648 2109 660 -
2146 623 2330 690 Sperat

1393 692 1567 743 Cicero
1600 690 1709 740 fore
1736 691 2012 740 iucundum
2044 693 2145 742 sibi
2176 708 2330 759 gene-

1390 776 1503 811 rum
1518 795 1533 819 ,
1553 759 1629 812 15.
1654 761 1707 823 2,
1726 759 1811 818 25,
1830 761 1880 811 2.
1914 760 1981 810 ad
1997 760 2107 814 Att.
2129 760 2185 822 6,
2202 761 2254 827 6,
2276 764 2326 816 1.

1387 831 1467 883 15.
1490 830 1540 893 7,
1562 827 1614 890 3,
1637 828 1724 879 12.
1762 829 1814 892 7,
1837 827 1897 890 8,
1930 827 1985 878 3.
2020 828 2089 879 8(1
2118 830 2242 880 fam.
2275 832 2327 891 2,

1388 897 1471 958 16,
1492 898 1525 948 5
1544 905 1593 946 et
1612 898 1661 946 7.
1697 895 1773 945 15.
1796 900 1846 959 2,
1869 897 1953 956 14,
1971 896 2023 948 9.
2054 897 2329 949 Molestum

1388 973 1497 1017 erat
1520 964 1778 1027 Ciceroni,
1811 967 1949 1028 quod
1974 967 2114 1032 apud
2145 968 2329 1019 Gaesa-

1386 1051 1496 1086 rem
1516 1041 1622 1083 erat
1642 1049 1689 1083 a.
1701 1049 1757 1083 ιι.
1770 1049 1816 1084 c.
1836 1032 1953 1085 705.
1960 1072 1975 1096 ,
1997 1037 2064 1085 ad
2088 1035 2216 1086 fam.
2243 1037 2326 1099 16,

1390 1107 1473 1165 12,
1494 1102 1544 1153 5.
1588 1101 1655 1152 cf.
1674 1110 1844 1152 tamen
1862 1103 1929 1156 ad
1953 1103 2060 1156 Att.
2079 1106 2131 1165 7,
2156 1104 2223 1156 13
2238 1141 2251 1163 ,
2276 1121 2326 1157 8.

1385 1172 1435 1224 3.
1472 1173 1544 1221 15.
1566 1173 1618 1233 7,
1639 1170 1702 1222 21
1718 1207 1734 1234 ,
1754 1171 1805 1223 3.
1843 1173 1920 1222 15.
1942 1171 1996 1232 9,
2016 1171 2111 1232 16,
2146 1175 2214 1226 A.
2251 1174 2327 1226 15.

1389 1242 1480 1303 14,
1515 1239 1613 1300 14,
1649 1240 1697 1294 1.
1739 1240 1837 1301 14,
1865 1239 1964 1303 18,
1991 1242 2037 1294 1.
2074 1241 2203 1292 Eius
2221 1244 2329 1307 epi-

1386 1309 1519 1359 stola
1540 1308 1609 1358 ad
1636 1309 1933 1359 Ciceronem
1964 1324 2011 1358 a.
2042 1325 2099 1362 ιι.
2128 1327 2174 1364 c.
2206 1310 2326 1362 706.

1384 1378 1470 1429 Ad
1497 1377 1814 1427 Dolabellam
1847 1379 2068 1443 scriptae
2104 1387 2225 1428 sunt
2262 1381 2329 1430 ad

1384 1445 1572 1505 fam.9,
1592 1445 1811 1496 10—14.
1843 1447 1906 1496 cl.
1927 1446 2162 1508 ib.9,16‚
2177 1449 2231 1497 7.
2263 1449 2328 1497 ad

1383 1517 1490 1566 Att.
1525 1514 1618 1579 10,
1646 1515 1710 1580 4,
1740 1513 1823 1565 11.
1860 1515 1975 1566 Non
2004 1516 2229 1581 amplius
2249 1517 2327 1566 iu-

1384 1585 1580 1635 cundus
1600 1591 1677 1635 est
1689 1582 1918 1635 Ciceroni
1936 1599 2113 1650 gener,
2135 1586 2203 1635 ad
2218 1586 2324 1638 Aa.

1383 1654 1471 1716 11,
1495 1653 1580 1713 14,
1600 1653 1651 1704 2.
1696 1651 1788 1712 11,
1818 1651 1915 1715 23,
1935 1653 1984 1704 3.
2006 1652 2241 1705 —Cael.
2263 1656 2327 1704 ad

1382 1721 1502 1772 fam.
1523 1719 1573 1784 8,
1598 1720 1681 1780 13,
1705 1720 1753 1771 1.
1784 1723 2003 1771 —Inter
2020 1723 2329 1788 postulatio-

1384 1805 1499 1840 nem
1536 1788 1724 1855 (Appii
1753 1787 1982 1854 Claudii)
2013 1800 2063 1841 et
2101 1793 2327 1842 nominis

1383 1859 1691 1909 delationem
1714 1873 1844 1908 uxor
1862 1874 1894 1910 a
1922 1859 2193 1910 Dolabella
2220 1861 2325 1910 dis-

1383 1930 1566 1991 cessit,
1599 1925 1738 1978 Cael.
1764 1928 1832 1978 ad
1861 1928 1980 1982 fam.
2010 1930 2072 1990 8,
2094 1932 2149 1992 6,
2172 1932 2220 1980 l.
2260 1932 2326 1980 ad

1385 1998 1447 2049 11
1464 2034 1484 2064 ,
1500 1965 1569 2047 23
1582 2035 1598 2061 ,
1630 1995 1683 2047 3.
1704 2024 1772 2033 -
1790 1996 2105 2049 Dolabellam
2144 2000 2325 2050 Cicero

1381 2067 1585 2127 laudat,
1625 2066 1693 2116 ad
1728 2064 1849 2118 fam.
1886 2066 1949 2127 6,
1992 2068 2055 2117 11
2079 2105 2094 2129 ,
2139 2069 2188 2118 1.
2246 2069 2319 2117 11).

1379 2134 1414 2187 6
1427 2170 1442 2197 ,
1467 2134 1558 2198 18,
1577 2133 1628 2185 5.
1651 2142 1718 2171 -·-
1739 2134 1862 2186 Eius
1880 2136 2129 2186 adventus
2150 2137 2323 2189 18118-

1378 2204 1503 2253 liam
1532 2217 1576 2251 a.
1598 2218 1651 2255 u.
1674 2219 1719 2253 c.
1748 2202 1899 2266 708.,
1927 2204 1993 2254 ad
2012 2204 2136 2255 fam.
2166 2206 2203 2257 9
2219 2241 2236 2267 ,
2270 2206 2323 2267 7,

1378 2274 1429 2323 2.
1451 2298 1520 2309 -
1538 2271 1801 2323 Dolabella
1818 2274 1994 2324 scribit
2012 2289 2069 2323 se
2088 2276 2158 2325 ad
2176 2272 2323 2324 Cice-

1378 2355 1551 2391 ronem
1588 2348 1855 2391 venturum
1902 2343 2150 2407 postridie
2197 2342 2324 2393 Idus

1379 2424 1426 2459 a.
1459 2426 1512 2463 u.
1548 2425 1595 2460 c.
1631 2408 1784 2471 709.,
1817 2410 1885 2460 ad
1899 2411 2008 2465 Att.
2034 2410 2126 2472 13,
2145 2413 2247 2477 47,
2270 2413 2320 2465 1.

1378 2504 1444 2514 -
1467 2478 1642 2529 Cicero
1665 2479 1728 2528 de
1746 2494 1805 2529 eo
1833 2480 1962 2531 bene
1989 2482 2249 2531 existimat
2271 2497 2320 2532 a.

1378 2562 1428 2596 u.
1450 2562 1493 2600 c.
1516 2546 1655 2606 709.,
1676 2547 1751 2602 15.
1776 2547 1857 2611 13,
1876 2548 1929 2611 9,
1953 2549 2002 2601 1.
2024 2576 2093 2586 —
2110 2550 2195 2601 Ad
2216 2550 2322 2601 Do-

1378 2614 1618 2666 labellam
1649 2616 1837 2667 librum
1857 2617 1964 2667 vult
1984 2618 2162 2669 Cicero
2190 2621 2323 2669 scri-

1374 2684 1524 2743 bere,
1545 2686 1619 2741 Ib.
1643 2684 1725 2742 13,-
1749 2685 1834 2747 10,
1852 2687 1905 2737 2.
1942 2688 2017 2739 15.
2041 2685 2133 2752 13,
2159 2686 2246 2749 13,
2268 2690 2319 2738 2.

1375 2779 1443 2789 —-
1480 2752 1666 2803 Caesar
1702 2752 2053 2805 Saturnalibus
2089 2771 2139 2807 a.
2177 2772 2231 2805 u.
2276 2773 2320 2807 c.

1374 2819 1493 2871 709.
1546 2822 1839 2873 Dolabellae
1878 2824 2048 2875 villam
2084 2832 2323 2889 praeter-

1373 2890 1493 2954 ivit,
1524 2892 1591 2941 ad.
1620 2891 1727 2943 Att.
1759 2890 1851 2954 13,
1883 2892 1980 2953 52,
2001 2894 2052 2942 2.
2074 2919 2143 2930 —
2160 2893 2239 2943 De
2259 2911 2321 2945 eo

1374 2966 1468 3020 est,
1488 2960 1671 3010 adAtt.
1696 2959 1778 3019 14,
1798 2961 1852 3020 2,
1874 2961 1925 3013 1.
1947 2963 2023 3012 11).
2043 2962 2129 3022 14,
2154 2962 2240 3026 15,
2267 2964 2319 3013 1.

1373 3028 1524 3079 -1b.
1549 3029 1632 3086 14,
1656 3028 1739 3089 16,
1758 3030 1806 3081 2.
1828 3032 2109 3081 —Rursus
2130 3033 2323 3081 acriter

1382 3098 1445 3147 de
1465 3112 1524 3147 eo
1546 3098 1773 3175 queritur
1789 3096 1989 3157 Cicero,
2019 3100 2095 3149 15.
2122 3100 2206 3164 14,
2230 3100 2319 3163 18,

1380 3166 1428 3217 1.
1452 3193 1518 3202 —
1540 3167 1665 3217 Eius
1684 3156 1904 3230 ἄτισία,
1935 3136 2237 3230 15.14,19,
2266 3170 2317 3219 1.

1373 3236 1538 3286 —1b.
1564 3236 1656 3297 14,
1680 3235 1773 3299 19,
1804 3237 1855 3288 5.
1874 3236 2142 3288 -Contio
2162 3236 2318 3289 Dola·

1374 3303 1539 3355 bellae
1565 3305 1850 3372 praeclara,
1888 3307 1965 3361 15.
2002 3306 2097 3365 14,
2128 3304 2224 3365 20,
2262 3308 2315 3356 2.

1374 3374 1451 3429 15.
1482 3374 1577 3435 14,
1602 3374 1694 3437 21,
1724 3376 1775 3425 4.
1800 3402 1867 3412 -
1887 3374 2151 3426 Dolabella
2172 3373 2293 3425 Cice
