2500 3850
206 95 333 158 232

274 266 510 332 gonautis
542 265 788 316 acerrima
825 265 1084 317 oculorum
1104 267 1216 316 acie

271 334 535 398 praeditus
550 371 566 396 ,
596 335 733 396 unde
752 335 990 399 Lynceus
1009 337 1213 398 dicitur,

275 404 583 466 quicumque
611 403 692 452 vel
726 403 888 453 oculis
918 403 999 453 vel
1030 405 1216 459 mentis

273 473 503 522 acumine
522 471 681 531 valet,
702 473 769 522 ad
790 472 908 522 fam.
928 472 979 533 9,
1007 475 1055 535 2,
1077 476 1127 526 2.

202 537 495 608 Lysander
514 578 531 606 ,
592 542 1026 592 Lacedaemonius
1049 580 1065 604 ‚
1139 543 1217 594 vir

272 625 503 660 summae
524 611 745 664 virtutis.
768 610 893 662 Eius
907 611 1215 675 colloquium

274 678 519 729 Sardibus
542 694 655 730 cum
686 677 817 745 Cyro
839 681 1035 730 minore
1066 679 1213 732 habi-

269 757 405 808 tum,
433 748 496 798 de
527 763 637 800 sen.
670 748 735 799 17
748 785 763 811 ,
802 749 885 801 59.
922 750 988 800 cl.
1020 749 1210 816 fragm.

270 831 323 882 p.
356 817 477 870 260.
512 845 585 855 -
613 819 1048 869 Lacedaemonem
1081 820 1213 870 dixit

273 900 385 939 esse
435 885 853 940 honestissimum
898 888 1212 940 domicilium

270 959 567 1018 senectutis,
588 958 651 1008 de
670 973 780 1013 sen.
810 960 893 1021 18,
915 960 999 1012 62.
1022 987 1093 996 --
1108 955 1211 1024 Ly-

270 1027 481 1089 sander,
512 1042 668 1090 quum
694 1027 847 1078 vellet
879 1027 1101 1095 Lycurgi
1138 1030 1212 1079 le-

269 1111 363 1160 ges
411 1102 746 1157 commutare,
798 1096 1055 1162 Apollinis
1092 1096 1211 1148 Del-

267 1163 409 1229 phici
428 1171 505 1214 est
521 1165 811 1230 prohibitus
839 1165 1115 1232 religione,
1146 1168 1212 1218 de

272 1234 432 1283 divin.
470 1234 497 1284 1
520 1269 535 1294 ‚
568 1234 665 1296 43,
698 1233 783 1287 96.
803 1237 949 1286 —In
978 1237 1089 1286 eius
1107 1243 1210 1286 sta-

268 1310 387 1352 tuae
411 1304 579 1367 capite
596 1301 809 1370 Delphis
838 1306 1005 1356 subito
1025 1321 1213 1356 corona

270 1372 462 1422 exstitit
488 1388 551 1422 ex
582 1374 780 1440 asperis
816 1373 1013 1436 herbis,
1050 1377 1123 1426 lb.
1160 1376 1209 1439 1,

271 1441 369 1502 34,
390 1441 478 1493 75.
520 1442 583 1492 cl.
605 1441 674 1493 ib.
702 1445 765 1504 2,
793 1441 891 1506 32,
920 1443 1213 1496 68.—-vir

272 1512 652 1561 versutissimus
697 1519 748 1562 et
784 1513 1209 1579 patientissimus»,

272 1581 336 1629 de
367 1579 454 1629 off.
490 1579 551 1643 1,
580 1578 678 1644 30,
711 1579 829 1632 109.
850 1607 921 1619 --
951 1582 1211 1646 Lysander

269 1647 652 1710 Pausaniasque
680 1663 745 1698 ne
774 1649 986 1700 minima
1004 1651 1210 1714 quidem

272 1732 336 1766 ex
356 1722 503 1782 parte
520 1716 743 1783 Lycurgi
761 1717 960 1784 legibus
983 1729 1031 1768 et
1054 1720 1212 1770 disei-

267 1785 443 1849 plinae
464 1785 787 1847 conferendi,
820 1787 885 1836 de
915 1787 1001 1836 off.
1029 1788 1089 1848 l,
1122 1791 1207 1851 22,

270 1854 358 1908 76.

200 1923 510 1994 Lysander,
534 1923 753 1989 ephorus
774 1934 978 1992 propter
998 1926 1212 1977 iniurias

272 1997 469 2045 civibus
514 1995 684 2045 illatas
724 2010 756 2045 a
792 1995 1213 2045 Lacedaemoniis

271 2064 544 2128 expulsus,
570 2064 633 2114 de
653 2062 740 2117 off.
762 2064 814 2123 2,
835 2062 921 2124 23,
940 2063 1027 2115 80.

199 2130 480 2200 Lysaniae
510 2131 800 2196 Temnites,
831 2133 1096 2198 peculatus
1121 2133 1210 2183 da-

270 2209 471 2251 mnatus
486 2238 500 2261 ,
526 2202 671 2251 testis
692 2202 745 2250 in
764 2201 822 2254 L.
845 2201 1097 2264 Flaccum,
1114 2215 1208 2267 pro

268 2271 449 2321 Flacco
471 2269 555 2334 18,
575 2271 661 2323 43.
697 2270 772 2322 1b.
796 2272 881 2335 21,
902 2272 987 2325 51.

199 2336 477 2408 Lysiades
547 2340 906 2402 Atheniensis,
989 2342 1209 2392 Phaedri

267 2408 565 2475 philosophi
609 2408 797 2461 nobilis
848 2410 1013 2470 filius,
1052 2412 1209 2461 iudex

270 2482 568 2529 constitutus
600 2482 663 2530 ab
692 2479 943 2542 Antonio,
984 2479 1203 2544 Philipp.

272 2549 320 2611 5,
344 2550 393 2607 5,
415 2548 497 2601 13.
539 2548 612 2599 Ib.
637 2548 689 2609 8,
713 2548 764 2607 9,
785 2551 871 2599 27.

200 2608 437 2684 Lysias,
490 2617 745 2666 secundae
794 2616 973 2665 aetatis
1023 2624 1207 2666 orator.

271 2685 429 2733 Multa
456 2686 565 2735 eius
597 2686 787 2748 scripta
807 2691 952 2744 sunt,
987 2685 1050 2735 de
1080 2693 1207 2736 orat.

270 2754 330 2815 2,
354 2753 448 2812 22,
482 2752 568 2803 93.
587 2779 659 2789 —
675 2753 800 2802 Eius
822 2754 1074 2805 orationes
1094 2755 1209 2821 plu-

270 2821 429 2869 rimae
448 2820 669 2871 fuerunt.
703 2822 793 2872 Est
813 2822 1027 2882 Atticus,
1049 2838 1206 2885 quon-

270 2891 372 2939 iam
393 2898 530 2940 certe
550 2890 765 2944 Athenis
799 2900 875 2941 est
908 2900 957 2941 et
984 2899 1132 2941 natus
1160 2900 1209 2941 et

272 2964 501 3010 mortuus
536 2965 585 3009 et
614 2959 817 3011 functus
844 2962 984 3010 omni
1018 2961 1207 3009 civium

270 3042 481 3079 munere
501 3065 517 3093 ,
598 3044 905 3093 quamquam
971 3028 1207 3079 Timaeus

822 109 1194 158 LYSANDER
1226 133 1303 142 --
1335 111 1684 161 LYSIPPUS.

1355 269 1588 318 rensibus
1619 283 1720 320 non
1748 280 2000 335 versatus,
2035 273 2129 323 sed
2152 288 2299 340 egre-

1357 339 1442 404 gie
1481 338 1686 388 subtilis
1735 339 1954 405 scriptor
2003 348 2155 404 atque
2194 343 2296 394 ele·

1356 420 1486 472 gans
1505 443 1519 466 ,
1549 407 1688 456 Brut.
1710 406 1770 472 9,
1794 407 1879 463 35.
1901 435 1973 447 --
1988 409 2172 476 Lysias
2189 415 2296 478 pri·

1355 489 1438 525 mo
1457 475 1682 540 profiteri
1713 476 1896 529 solitus
1923 486 2082 528 artem
2113 488 2190 529 est
2217 481 2296 530 di-

1355 545 1533 607 cendi,
1573 545 1784 606 deinde,
1825 547 1962 610 quod
1996 547 2297 600 Theodorus

1355 615 1532 664 eratin
1557 622 1664 664 arte
1681 615 1946 677 subtilior,
1979 617 2031 666 in
2053 620 2294 668 orationi-

1354 685 1449 732 bus
1507 690 1676 734 autem
1723 685 1972 745 ieiunior,
2040 688 2293 737 orationes

1353 753 1579 804 scribere
1597 753 1714 803 aliis
1731 756 1900 820 coepit
1911 791 1925 816 ,
1950 761 2108 805 artem
2127 771 2298 806 remo—

1352 823 1454 885 vit,
1493 822 1568 871 lb.
1592 822 1686 884 12,
1715 823 1802 875 48.
1822 850 1896 861 —
1918 825 2101 890 Lysias
2133 825 2294 875 diser-

1351 891 1580 941 tissimus
1618 899 1788 942 orator
1823 894 2066 958 scriptam
2105 895 2291 944 oratio-

1351 973 1468 1010 nem
1507 960 1676 1010 attulit
1713 959 1932 1020 Socrati,
1972 977 2072 1024 qua
2106 962 2191 1012 hic
2219 965 2296 1014 uti

1351 1028 1534 1089 noluit,
1556 1029 1620 1078 de
1641 1038 1767 1080 orat.
1794 1032 1844 1091 1,
1861 1031 1946 1092 54,
1967 1030 2087 1083 231.
2107 1058 2178 1068 —
2194 1031 2294 1097 Ly-

1351 1099 1456 1150 sias
1479 1101 1868 1150 venustissimus
1885 1100 2104 1166 scriptor
2123 1115 2184 1149 ac
2201 1114 2294 1165 po-

1352 1168 1622 1218 litissimus
1635 1204 1650 1231 ,
1671 1176 1799 1221 orat.
1817 1167 1867 1230 9,
1889 1168 1976 1221 29.
1998 1194 2070 1206 -
2087 1169 2162 1218 De
2181 1170 2300 1218 eius

1349 1237 1624 1297 tenuitate,
1651 1239 1714 1287 de
1745 1246 1853 1303 opt.
1883 1253 2000 1303 gen.
2037 1251 2110 1286 or.
2143 1236 2207 1297 3,
2237 1238 2292 1290 9.

1347 1307 1614 1372 -Lysias
1642 1308 1974 1357 subtilitatem
2005 1306 2199 1369 habuit,
2227 1306 2294 1355 de

1352 1383 1479 1426 orat.
1501 1375 1534 1426 3
1549 1413 1562 1436 ,
1590 1376 1649 1439 7,
1671 1377 1756 1428 28.
1776 1403 1848 1414 —-·
1864 1376 2045 1442 Lysias
2071 1376 2298 1425 causidi-

1352 1459 1443 1494 cus
1463 1445 1696 1509 quidam,
1722 1459 1821 1494 non
1839 1445 1927 1496 ille
1957 1444 2162 1508 quidem
2184 1460 2295 1494 am-

1349 1512 1468 1578 plus
1511 1520 1661 1575 atque
1707 1515 1917 1580 grandis
1932 1550 1948 1577 ‚
1999 1514 2202 1564 subtilis
2243 1520 2298 1564 et

1350 1583 1556 1646 elegans
1573 1588 1760 1643 tamen,
1785 1592 1909 1633 orat.
1931 1581 1982 1642 9,
2003 1582 2091 1634 30.
2109 1583 2298 1648 -Ly-

1351 1652 1456 1702 sias
1481 1651 1610 1701 elate
1630 1651 1798 1701 dicere
1825 1651 2039 1701 fortasse
2070 1666 2172 1702 non
2198 1666 2296 1716 po—

1349 1720 1478 1782 tuit,
1511 1721 1574 1770 de
1606 1727 1710 1784 opt.
1735 1735 1850 1785 gen.
1886 1727 2009 1770 orat.
2032 1722 2094 1781 4,
2118 1719 2201 1774 10.
2220 1746 2298 1757 —-·

1349 1789 1536 1854 Lysias
1555 1790 1680 1840 satis
1700 1788 1924 1849 facetus,
1946 1797 2074 1841 orat.
2095 1789 2180 1852 26,
2200 1788 2296 1841 90.

1346 1885 1417 1896 --
1436 1857 1726 1908 Demetrius
1754 1857 2030 1909 Phalereus
2051 1865 2128 1908 est
2153 1859 2296 1908 flori-

1351 1929 1466 1978 dior
1485 1942 1637 1990 quam
1660 1928 1866 1994 Lysias,
1892 1929 2030 1978 Brut.
2053 1928 2148 1987 82,
2167 1928 2296 1979 285.

1348 2022 1422 2035 --
1455 1996 1578 2047 Eius
1611 1998 1836 2047 imitator
1873 1996 2160 2058 Charisius,
2212 1997 2292 2046 1b.

1350 2065 1450 2125 83,
1490 2064 1609 2115 286.
1644 2093 1717 2105 -
1751 2067 1930 2132 Lysias
1967 2065 2094 2115 alter
2129 2080 2298 2131 paene

1352 2134 1719 2186 Demosthenes
1741 2140 1852 2186 eius
1876 2138 2098 2186 imitator
2121 2135 2293 2199 Hege-

1351 2206 1458 2254 sias
1475 2240 1491 2265 ,
1513 2212 1640 2254 orat.
1663 2204 1750 2269 67,
1771 2206 1892 2257 226.

1279 2270 1596 2342 Lysidicus.
1637 2274 1759 2324 Eius
1791 2274 1952 2325 fllium
1983 2274 2038 2323 G.
2069 2274 2293 2323 Annium

1351 2342 1610 2394 Cimbrum
1639 2343 1761 2393 dicit
1781 2342 1957 2394 Cicero
1977 2343 2298 2407 ‘Lysidicum

1345 2413 1504 2475 ipsum
1520 2415 1556 2473 ’,
1580 2412 1634 2460 id
1655 2419 1763 2477 est,
1787 2408 2106 2474 λυσίὸικον,
2130 2426 2296 2473 quon·

1350 2483 1451 2529 iam
1483 2482 1651 2531 omnia
1680 2482 1792 2531 iura
1819 2481 2136 2541 dissolverit,
2171 2480 2294 2529 Phi-

1350 2549 1477 2615 lipp.
1518 2550 1608 2611 11,
1644 2550 1708 2614 6,
1739 2550 1822 2601 14.
1871 2552 1936 2600 V.
1975 2549 2039 2600 C.
2076 2546 2292 2599 Annius

1351 2616 1598 2669 Cimber.

1280 2685 1654 2756 Lysimachus
1667 2723 1682 2747 ,
1704 2701 1797 2737 rex
1819 2680 2062 2737 Thraciae
2077 2724 2090 2747 ,
2125 2685 2296 2737 Theo-

1350 2757 1476 2806 doro
1513 2755 1822 2821 philosopho
1860 2756 2046 2806 frustra
2087 2771 2294 2806 crucem

1351 2826 1570 2874 minatus
1595 2832 1702 2884 est,
1723 2826 1930 2878 Tuscul.
1958 2825 1983 2875 1
2001 2861 2016 2889 ‚
2040 2824 2108 2876 43
2123 2861 2138 2888 ‚
2167 2825 2293 2877 102.

1347 2894 1418 2941 lb.
1443 2894 1493 2954 5,
1513 2893 1599 2955 40,
1624 2892 1740 2944 117.

1279 2960 1682 3029 Lysimachus,
1731 2960 1974 3013 Aristidis
2011 2969 2184 3027 pater,
2223 2962 2296 3011 de

1347 3046 1455 3080 sen.
1481 3031 1530 3089 7,
1551 3032 1638 3083 21.

272 3112 387 3149 eum
454 3099 639 3164 repetit
694 3097 977 3165 Syracusas
1004 3133 1019 3157 ,
1063 3098 1203 3147 Brut.
1276 3095 1558 3167 Lysippus
1578 3135 1593 3161 ‚
1653 3097 1952 3165 Sicyonius,
2016 3098 2297 3149 statuarius

274 3166 368 3231 16,
395 3166 481 3219 63.
511 3194 581 3205 —
612 3166 947 3232 comparatur
980 3182 1096 3215 cum
1134 3168 1203 3217 M.

272 3234 477 3294 Catone,
498 3237 569 3285 lb.
610 3236 673 3285 cl.
696 3245 865 3288 tamen
880 3235 953 3285 ib.
975 3234 1061 3295 85,
1084 3236 1207 3290 293.

269 3328 341 3338 —
354 3304 415 3353 Ei
436 3303 595 3355 officit
611 3302 977 3355 Demosthenes
990 3340 1007 3365 ,
1028 3306 1101 3354 Ib.
1125 3305 1207 3363 17,

272 3368 356 3419 66.
376 3396 447 3408 --
467 3374 585 3437 Ipse
612 3374 817 3435 quidem
849 3374 901 3421 in
932 3374 1101 3423 causis
1130 3373 1209 3422 fo-

1347 3166 1719 3229 nobilissimus,
1738 3167 2019 3218 Alexandri
2036 3167 2290 3231 aequalis.

1347 3264 1413 3273 —
1429 3236 1665 3302 Polycliti
1682 3235 2036 3303 Doryphorum
2058 3237 2160 3288 sibi
2188 3237 2295 3303 Ly-

1347 3306 1532 3371 sippus
1569 3307 1738 3357 aiebat
1770 3307 2070 3372 magistrum
2105 3305 2296 3367 fuisse,

1346 3373 1485 3429 Brut.
1516 3373 1612 3438 86,
1635 3373 1753 3426 296.
1774 3375 1978 3440 —Ipse
2005 3375 2102 3425 ruit
2125 3373 2298 3441 magi-
