2500 3850
174 183 296 247 338

242 350 372 401 cello
412 348 521 401 Ser.
553 348 778 414 Sulpicio
810 362 943 399 coss,
968 362 1180 397 renova-

238 430 375 479 tum,
414 434 512 481 quo
540 420 831 468 iuraverant
854 417 1062 466 eosdem
1085 416 1181 465 ho-

241 496 346 539 stes
383 503 439 537 se
474 488 741 538 habituros
789 500 917 549 quos
958 484 1010 535 S.
1034 487 1091 539 P.
1117 484 1175 543 Q.

160 552 170 563 ’
240 558 326 621 R.,
356 557 424 606 ad
453 556 685 619 fam.12,
708 556 791 619 15,
813 557 864 604 2.
886 553 1179 614 -Rhodii‚

242 628 330 689 qui
365 625 559 677 bellum
591 640 705 675 cum
737 623 1027 675 Mithridate
1058 638 1179 687 rege

241 703 537 760 gesserunt,
574 702 743 743 tamen
792 700 1011 742 statuam
1048 693 1177 751 eius,

242 779 371 827 quae
404 772 508 813 erat
535 763 672 827 apud
702 764 843 827 ipsos
872 762 925 810 in
955 759 1178 811 celeber-

242 834 370 883 rimo
396 833 538 882 urbis
570 832 710 895 loco,
747 845 848 881 non
886 831 1177 895 attigerunt,

242 902 388 951 Verr.
434 907 655 953 accusat.
704 901 770 961 2,
806 899 902 958 65,
947 898 1064 951 159.
1108 925 1175 935 -

244 970 422 1020 Caunii
450 983 726 1029 omnesque
746 967 1025 1024 eximatis,
1047 982 1176 1029 quae

246 1045 384 1087 erant
414 1038 476 1087 ab
498 1037 638 1087 Sulla
659 1036 869 1087 Rhodiis
890 1037 1173 1096 attributae,

244 1105 577 1170 confugerunt
592 1105 657 1154 ad
671 1111 921 1169 senatum,
932 1105 1175 1153 Romanis

245 1182 301 1224 ut
330 1175 501 1240 potius
526 1174 747 1238 vectigal
777 1188 929 1236 quam
960 1172 1174 1223 Rhodiis

242 1244 555 1309 penderent,
597 1243 664 1291 ad
689 1242 750 1300 Q.
782 1242 845 1291 fr.
891 1243 919 1291 1
942 1280 956 1303 ,
998 1243 1058 1301 1,
1088 1242 1172 1293 11.

245 1313 298 1374 S.
316 1312 402 1364 33.
443 1337 510 1348 —
533 1310 804 1362 Rhodii.a.
826 1327 876 1360 u.
892 1327 936 1364 c.
959 1312 1078 1363 711.
1117 1311 1179 1360 de

246 1396 400 1431 causa
426 1381 499 1431 rei
534 1381 673 1445 publ.
697 1381 957 1431 Romanae
992 1388 1181 1443 quanto

246 1466 401 1516 opere
424 1450 739 1515 desperarint
756 1450 965 1515 exponit
981 1450 1032 1499 P.
1051 1449 1181 1499 Len-

244 1519 381 1569 tulus
400 1528 728 1585 propraetor,
763 1520 831 1568 ad
848 1519 972 1571 fam.
998 1520 1090 1577 12,
1118 1519 1182 1569 14

247 1588 396 1639 et15.
420 1587 760 1639 ——Rhodiia.
784 1603 836 1636 ιι.
865 1603 908 1637 c.
936 1587 1057 1639 711.
1094 1602 1182 1637 ex-

246 1657 506 1705 cluserunt
562 1655 906 1718 Dolabellam,
967 1656 1063 1720 Ep.
1116 1656 1183 1705 ad

245 1724 383 1773 Brut
406 1727 463 1781 2,
491 1726 543 1773 4.
581 1749 653 1763 —-
683 1724 871 1773 Eorum
893 1719 1180 1789 ἄφρακτα,

251 1793 317 1843 ad
340 1794 443 1845 Att.
472 1792 525 1851 5,
548 1793 631 1853 11,
653 1795 706 1843 4.

176 1860 401 1925 Rhodo,
442 1862 635 1911 amicus
656 1862 712 1921 Q.
734 1862 944 1912 Minucii
962 1862 1183 1923 Thermi,

245 1932 588 1998 propraetoris
621 1931 775 1982 Asiae
811 1947 859 1984 a.
888 1949 941 1982 u.
963 1948 1006 1982 c.
1044 1934 1183 1994 704„

250 2001 315 2050 ad
336 2000 456 2050 fam.
472 2001 523 2062 2,
544 2001 627 2060 18,
660 2003 705 2054 l.

176 2067 447 2133 Rhodus,
480 2070 647 2120 insula
683 2071 911 2119 Asiatica
957 2072 1007 2119 in
1056 2071 1187 2120 mari

251 2138 648 2198 mediterraneO,
699 2138 1027 2189 celeberrima
1078 2146 1183 2188 stu-

251 2207 351 2255 diis
382 2207 723 2270 eloquentiae,
761 2207 1118 2272 philosophiae
1137 2216 1187 2258 et

250 2276 326 2325 rei
362 2276 558 2324 navalis
577 2311 592 2338 ,
652 2277 705 2324 in
741 2291 841 2338 qua
886 2276 1006 2326 urbs
1047 2277 1183 2327 eius-

252 2345 366 2394 dem
403 2345 650 2409 nominis‚
688 2345 755 2395 de
785 2351 909 2395 orat.
950 2347 1000 2404 2,
1042 2344 1092 2407 1,
1132 2346 1183 2398 3.

250 2428 341 2478 pro
362 2413 567 2464 Plancio
590 2411 684 2477 34,
720 2413 806 2464 84.
866 2415 934 2464 ad
970 2413 1092 2468 fam.
1130 2416 1181 2476 2,

254 2483 336 2549 17,
362 2482 410 2534 l.
451 2485 523 2534 lb.
546 2486 598 2543 4,
620 2483 670 2547 7,
692 2487 742 2535 4.
778 2510 844 2519 —
871 2484 945 2533 Ibi
965 2483 1182 2549 Ialysus,

252 2551 498 2613 Camirus,
529 2553 725 2602 Lindus
753 2551 933 2604 heroes
954 2552 1089 2613 culti,
1121 2552 1185 2602 de

253 2635 305 2674 ιι.
332 2621 381 2668 d.
405 2621 454 2681 3,
479 2622 561 2680 21,
586 2622 672 2672 54.

180 2687 473 2738 Rhosiaca
492 2703 612 2737 vasa
628 2725 643 2749 ,
683 2703 713 2738 a
732 2689 922 2749 Rhoso,
961 2691 1084 2739 urbe
1106 2689 1187 2740 Gi-

253 2756 401 2804 liciae
418 2758 469 2804 in
492 2759 605 2806 sinn
629 2758 804 2816 Issico,
841 2757 1027 2807 celebri
1049 2760 1185 2808 vasis

252 2824 506 2883 fictilibus,
524 2825 659 2874 unde
671 2827 883 2890 Atticus,
904 2841 1027 2876 vasa
1048 2827 1186 2877 Rho-

252 2895 390 2942 siaca
409 2900 464 2943 ut
488 2894 589 2944 sibi
616 2894 858 2960 mitteret,
893 2893 1185 2946 Ciceronem

183 2962 847 3084 Rgssgssrathsssssstggpdik
863 2963 1186 3100 fflsssmpiadis

251 3109 425 3150 sextae
445 3117 573 3152 anno
594 3103 759 3166 tertio,
781 3103 963 3168 fragm.
986 3118 1039 3169 p.
1063 3103 1184 3156 347.

251 3199 320 3208 -
340 3171 517 3230 Roma,
551 3173 606 3223 id
628 3174 764 3234 quod
785 3171 1086 3223 Graecorum
1111 3175 1188 3222 in-

252 3241 535 3304 vestigatur
553 3240 849 3305 annalibus,
880 3243 1082 3292 condita
1112 3249 1187 3292 est

253 3308 475 3356 secundo
510 3323 643 3358 anno
674 3311 992 3376 Olympiadis
1031 3313 1185 3375 septi-

253 3389 383 3436 mae,
424 3377 486 3424 de
509 3392 551 3424 r.
572 3391 626 3440 p.
656 3380 707 3438 2,
740 3379 823 3441 10,
845 3379 927 3429 18.
949 3407 1015 3417 -
1036 3380 1187 3429 Urbis

254 3441 445 3494 Romae
463 3445 679 3496 natalem
712 3447 847 3496 diem
866 3447 925 3502 L.
948 3448 1185 3498 Tarutius

876 191 1121 241 RHODO
1152 214 1236 223 —-·-
1257 192 1551 239 ROMANI.

1321 346 1579 411 repetebat
1598 345 1661 393 ab
1683 345 1745 394 iis
1764 346 2034 406 Parilibus,
2074 349 2260 409 quibus

1322 430 1432 464 eam
1461 429 1492 463 a
1521 412 1739 463 Romulo
1778 416 2035 465 conditam
2065 418 2264 481 accepi-

1321 498 1452 543 muS‚
1483 482 1546 531 de
1573 484 1732 534 divin.
1755 484 1806 543 2,
1827 486 1911 547 47,
1934 484 2022 535 98.
2053 510 2123 521 -
2152 486 2254 534 Ro-

1319 568 1404 601 ma
1434 553 1488 600 in
1519 552 1777 603 montibus
1795 553 1965 617 posita
1983 560 2032 602 et
2054 554 2257 603 conval-

1320 622 1474 681 libus,
1489 620 1745 670 cenaculis
1766 622 1966 672 sublata
1983 630 2136 684 atque
2150 637 2264 673 sus·-

1317 704 1496 756 pensa,
1517 705 1618 740 uon
1639 691 1847 755 optimis
1867 692 1984 751 viiS,
2006 690 2268 757 angustis·

1320 759 1464 809 simis
1487 760 1711 818 semitiS,
1751 760 1816 808 de
1834 759 1948 826 lege
1969 774 2078 825 agr.
2102 761 2153 819 2,
2175 758 2264 822 35,

1265 870 1280 885 ,
1322 828 1408 879 96.
1429 854 1500 866 —-
1520 828 1742 878 Athenas
1775 834 1824 876 et
1846 830 1897 877 in
1929 828 2061 877 hanc
2085 830 2263 878 urbem

1320 895 1589 962 (Romam)
1616 898 1965 947 confluxerunt
2001 897 2147 946 multi
2189 899 2262 945 in·

1318 968 1521 1029 quinate
1533 966 1795 1029 loquentes
1810 981 1875 1015 ex
1888 967 2106 1017 diversis
2120 966 2264 1029 lociS,

1317 1035 1456 1084 Brut.
1474 1036 1557 1095 74,
1573 1035 1692 1085 258.
1708 1062 1777 1071 -
1789 1035 1978 1085 Romae
1991 1033 2150 1084 multa
2173 1035 2264 1084 ad-

1316 1105 1566 1169 rogantia,
1589 1105 1923 1154 immoderata
1940 1104 2166 1164 libertas,
2188 1104 2266 1152 in·

1315 1174 1458 1222 finita
1475 1172 1736 1222 hominum
1755 1173 1959 1223 licentia
1977 1173 2008 1234 ,'
2029 1174 2095 1223 ad
2115 1172 2172 1231 Q.
2197 1172 2265 1225 fr.

1322 1243 1371 1303 1,
1407 1242 1458 1304 1,
1487 1242 1537 1290 7.
1578 1244 1626 1305 s.
1646 1243 1730 1295 22.
1758 1270 1824 1279 -
1855 1243 2046 1301 Roma,
2084 1242 2268 1290 civitas

1321 1326 1386 1360 ex
1406 1312 1667 1361 nationum
1693 1319 1945 1361 conventu
1970 1312 2266 1370 constituta,

1320 1381 1374 1429 in
1415 1394 1516 1442 qua
1557 1379 1750 1430 multae
1785 1381 2033 1439 insidiae,
2073 1380 2264 1429 multae

1323 1448 1584 1509 fallaciae,
1619 1449 1778 1498 multa
1807 1450 1860 1498 in
1906 1450 2043 1499 omni
2077 1462 2266 1514 genere

1324 1520 1447 1568 vitia
1480 1524 1773 1579 versantur,
1821 1518 1880 1578 Q.
1924 1518 2026 1569 Cic.
2064 1518 2126 1567 de
2158 1524 2262 1582 pet.

1324 1602 1464 1637 cons.
1502 1588 1584 1647 14,
1613 1587 1698 1637 54.
1737 1614 1807 1624 —
1860 1587 2020 1636 Roma
2054 1587 2267 1636 domici-

1324 1656 1449 1705 lium
1480 1657 1686 1720 imperii
1709 1663 1760 1705 et
1789 1654 2010 1721 gloriae,
2049 1656 2112 1705 de
2134 1663 2262 1706 orat.

1324 1727 1372 1785 1,
1394 1723 1480 1784 23,
1506 1724 1623 1776 105.
1638 1752 1708 1760 —
1725 1725 1889 1775 Roma
1907 1739 2008 1775 una
2026 1726 2080 1775 in
2104 1726 2266 1775 omni-

1324 1795 1419 1844 bus
1437 1796 1584 1843 terris
1607 1796 1788 1843 domus
1808 1802 1885 1844 est
1902 1795 2101 1844 virtutis
2117 1831 2130 1853 ,
2170 1796 2266 1843 im-

1325 1864 1484 1929 perii,
1522 1863 1813 1929 dignitatis,
1853 1865 1927 1915 Ib.
1957 1864 2004 1925 1,
2027 1865 2110 1927 44,
2139 1862 2261 1914 195.

1327 1959 1396 1969 —
1451 1933 1644 1992 Roma,
1693 1932 1783 1983 lux
1835 1935 1970 1984 orbis
2019 1940 2268 1982 terrarum

1325 2010 1475 2065 atque
1494 2017 1585 2052 arx
1606 2003 1834 2051 omnium
1851 2003 2094 2069 gentium,
2116 2001 2265 2051 Catil.

1324 2073 1374 2130 4,
1397 2072 1450 2131 6,
1490 2073 1573 2124 11.
1601 2097 1674 2107 -
1705 2071 1842 2120 Nihil
1877 2073 2085 2121 interra
2103 2071 2270 2120 noma
2353 2049 2360 2054 '

1326 2141 1508 2191 melius
1526 2176 1540 2199 ,
1575 2140 1639 2190 de
1662 2156 1712 2189 n.
1735 2142 1784 2190 d.
1805 2140 1856 2204 3,
1882 2141 1931 2203 9,
1956 2141 2131 2192 21.—
2165 2139 2270 2188 Ro—

1325 2225 1438 2259 mae
1470 2216 1573 2258 tam
1608 2209 1764 2261 multa
1797 2216 2069 2275 geruntur,
2108 2217 2164 2257 ut
2183 2208 2271 2258 vix

1325 2294 1414 2340 ea,
1455 2292 1585 2341 quae
1605 2277 1732 2328 fiunt
1756 2280 1810 2329 in
1826 2279 2137 2344 provinciiS,
2176 2291 2268 2325 au-

1326 2347 1557 2406 diantur,
1590 2362 1683 2413 pro
1720 2347 1925 2397 Plancio
1946 2346 2041 2411 26,
2079 2346 2164 2397 63.
2200 2373 2268 2382 -

1323 2416 1516 2466 Romae
1536 2418 1690 2466 aedes
1709 2417 1916 2468 Pietatis
1935 2417 2035 2464 icta
2055 2430 2082 2464 e
2103 2414 2264 2474 eaelo,

1327 2485 1391 2535 de
1433 2485 1588 2538 divin.
1634 2486 1696 2546 1,
1736 2487 1834 2547 43,
1872 2483 1958 2536 98.
1988 2484 2270 2533 —Iunoni

1328 2553 1561 2618 Sospitae
1595 2554 1842 2618 templum
1877 2554 2090 2604 Marsico
2131 2551 2266 2601 bello

1327 2623 1646 2686 restitutum,
1682 2624 1756 2674 Ib.
1778 2625 1862 2682 44,
1886 2621 1968 2674 99.
1997 2649 2069 2658 -
2101 2621 2269 2670 Roma

1328 2699 1491 2756 capta,
1521 2691 1728 2744 Tuscul.
1756 2693 1802 2753 1,
1824 2691 1909 2753 37,
1931 2690 2017 2742 90.

1254 2758 1518 2812 Romani.
1533 2787 1604 2796 —
1622 2762 1880 2810 Romanae
1898 2760 2106 2808 militiae
2125 2773 2267 2808 sum-

1293 2839 1439 2880 'mus
1467 2830 1612 2878 labor
1636 2837 1684 2878 et
1705 2830 1926 2892 duritia
1971 2827 2181 2887 Tuscul.
2215 2828 2265 2886 2,

1327 2898 1410 2958 16,
1423 2899 1507 2950 37.
1514 2899 1803 2965 —Ingenia
1812 2899 2156 2948 Romanorum
2175 2895 2267 2945 ho-

1326 2968 1518 3016 minum
1554 2968 1766 3018 multum
1807 2967 2020 3018 caeteris
2045 2965 2267 3015 homini-

1325 3037 1421 3086 bus
1460 3039 1684 3087 omnium
1723 3038 1948 3102 gentium
1999 3035 2266 3100 praestite-

1326 3115 1458 3170 runt,
1482 3106 1544 3155 de
1566 3113 1692 3156 orat.
1718 3107 1764 3166 l,
1785 3108 1838 3167 4,
1854 3105 1937 3156 15.
1959 3133 2031 3143 -
2048 3103 2266 3152 Romani

1328 3175 1649 3239 disciplinam
1725 3175 1972 3239 puerilem
2029 3173 2265 3237 ingenuis

1327 3243 1520 3293 nullam
1552 3253 1735 3295 certam
1757 3252 1844 3293 aut
1871 3242 2174 3296 destinatam
2193 3241 2266 3290 le-

1327 3313 1477 3378 gibus
1507 3322 1594 3363 aut
1626 3313 1832 3379 publice
1862 3311 2148 3378 expositam
2179 3317 2266 3359 aut

1324 3396 1478 3431 unam
1501 3383 1726 3432 omnium
1747 3397 1859 3433 esse
1877 3381 2162 3444 voluerunt,
2202 3379 2265 3428 de

1324 3465 1366 3500 r.
1390 3465 1444 3516 p.
1464 3453 1515 3518 4,
1546 3451 1597 3516 3,
1631 3450 1680 3502 3.
1715 3480 1787 3492 --
1823 3451 2039 3503 Romani
2071 3455 2265 3500 veteres
