2500 3850
287 202 418 262 410

361 368 412 417 in
435 362 610 417 aedem
629 366 940 417 Concordiae
957 368 1180 428 vocavit,
1203 382 1309 417 rem

363 450 563 486 omnem
599 436 897 487 introductis
930 436 1186 487 indicibus
1219 452 1310 485 ex-

359 507 558 571 posuit,
589 511 917 569 senatumque
951 506 1208 555 consuluit
1246 506 1310 555 de

355 589 560 625 summa
588 590 642 623 re
671 574 812 640 publ.
844 573 967 637 quid
998 574 1108 623 fieri
1136 574 1310 640 place—

359 650 454 696 ret.
475 645 609 692 ‘Tum
631 660 695 693 ex
713 651 918 693 senatus
937 642 1166 693 consulto
1181 642 1311 691 Len-

358 713 526 777 tulus,
555 712 836 778 Cethegus,
865 710 1123 772 Statilius,
1155 710 1309 761 Gabi-

356 783 472 830 nius
485 817 500 842 ‚
535 780 808 846 Caeparius
829 782 880 831 in
900 780 1185 831 custodiam
1205 790 1308 830 tra·-

355 852 474 906 diti,
494 848 750 915 Ciceronis
771 858 937 899 autem
961 851 1164 900 nomine
1182 864 1308 915 sup-

352 920 566 984 plicatio
588 920 668 969 dis
694 920 898 969 decreta
932 927 1036 980 est,
1067 920 1206 981 quod
1223 935 1307 967 ur-

357 991 473 1039 bem
506 987 781 1049 incendiis,
821 989 976 1038 caede
995 989 1176 1051 cives,
1207 988 1307 1036 Ita-

352 1058 477 1107 liam
505 1056 636 1105 bello
655 1056 938 1109 liberasset.
979 1057 1114 1115 Quas
1134 1071 1216 1105 res
1236 1057 1307 1104 ita

355 1133 530 1191 gestas
559 1124 652 1173 sub
682 1133 880 1175 noctem
915 1126 1086 1175 Cicero
1111 1125 1303 1189 populo

358 1196 412 1243 in
465 1194 699 1244 contione
749 1196 1017 1258 exposuit,
1078 1196 1305 1244 oratione

355 1264 506 1313 tertia
553 1262 866 1313 Catilinaria.
907 1288 976 1301 -—
1012 1262 1169 1312 Nonis
1203 1262 1304 1311 De-

349 1333 545 1384 cembr.
586 1347 736 1396 quum
775 1332 952 1382 Cicero
999 1330 1306 1397 intelligeret

352 1409 560 1468 paratos
589 1416 703 1451 esse
735 1402 821 1463 qui
843 1400 1110 1451 Lentulum
1143 1409 1190 1451 et
1213 1400 1304 1450 Ce-

347 1472 562 1537 thegum
600 1487 628 1520 e
649 1472 880 1521 custodia
920 1472 1195 1535 eriperent,
1237 1469 1307 1519 ad

349 1548 584 1591 senatum
607 1546 938 1590 convocatum
962 1540 1025 1589 de
1055 1554 1114 1589 ea
1133 1554 1186 1589 re
1205 1546 1305 1587 ret-

353 1610 470 1660 tulit
489 1610 841 1671 consuluitque
861 1610 985 1671 qnid
1008 1610 1072 1658 de
1096 1608 1162 1657 iis
1189 1607 1304 1658 fieri

352 1679 606 1745 placeret,
639 1680 798 1741 quiin
818 1678 1098 1728 custodiam
1129 1677 1304 1726 traditi

352 1754 511 1797 erant.
555 1747 720 1805 Quum
747 1747 878 1798 duae
901 1752 1072 1796 essent
1097 1754 1299 1795 senten-

349 1818 454 1865 tiae
469 1853 482 1875 ‚
517 1830 616 1865 una
635 1817 698 1867 D.
723 1814 884 1865 Silani
903 1829 1007 1865 cos.
1030 1815 1303 1880 designati,

353 1886 442 1948 qui
468 1886 663 1935 censuit
684 1900 773 1936 eos
793 1893 954 1936 morte
982 1884 1302 1935 mulctandos

356 1971 468 2005 esse
481 1992 496 2016 ‚
519 1956 679 2005 altera
697 1954 754 2007 C.
777 1955 893 2004 Iulii
911 1953 1170 2013 GaesariS,
1211 1955 1302 2017 qui

350 2040 440 2074 eos
481 2024 755 2090 publicatis
795 2025 939 2074 bonis
982 2025 1032 2072 in
1080 2023 1299 2074 vinculis

350 2094 613 2143 habendos
668 2108 782 2142 esse
835 2095 1060 2157 censuit,
1124 2092 1299 2142 Cicero

355 2163 575 2211 surrexit
611 2167 660 2210 et
695 2161 758 2210 de
796 2169 1008 2223 utraque
1051 2161 1301 2210 sententia

355 2230 480 2292 quid
499 2230 599 2278 sibi
622 2229 879 2278 videretur
895 2230 1165 2293 exposuit,
1188 2244 1299 2281 ora-

350 2299 490 2348 tione
529 2313 660 2361 quae
706 2305 885 2361 quarta
921 2306 1209 2347 numeratur
1245 2299 1298 2346 in

350 2367 638 2419 Catilinam.
697 2368 774 2416 Ac
815 2367 1022 2418 vicisset
1067 2366 1297 2431 profecto

351 2436 588 2489 Caesaris
619 2438 896 2498 sententia,
933 2436 1036 2486 nisi
1069 2437 1138 2484 M.
1174 2438 1297 2486 Por-

343 2507 462 2556 -cius
503 2506 623 2556 Cato
657 2505 944 2556 vehementi
979 2505 1204 2555 oratione
1246 2505 1299 2552 in

344 2577 642 2625 coniuratos
697 2575 873 2625 habita
925 2581 1150 2624 extremo
1208 2587 1297 2622 eos

347 2644 604 2708 supplicio
625 2643 808 2708 dignos
828 2659 941 2693 esse
961 2644 1158 2692 senatui
1181 2657 1299 2706 per-

351 2712 614 2761 suasisset.
635 2711 783 2760 Facto
804 2714 960 2777 igitur
977 2712 1029 2759 in
1051 2712 1295 2760 eius‘sen-

349 2781 558 2828 tentiam
587 2787 794 2829 senatus
833 2779 1060 2829 consulto
1093 2779 1295 2844 suppli-

348 2848 486 2896 cium
518 2848 581 2897 de
599 2847 811 2897 Lentulo
829 2886 842 2908 ,
866 2847 1086 2914 Cethego
1101 2885 1116 2910 ,
1145 2847 1299 2897 Stati-

350 2916 447 2980 lio,
472 2913 714 2976 Gabini0,
748 2915 988 2982 Caepario
1014 2919 1066 2964 in
1097 2932 1298 2966 carcere

350 2994 604 3051 sumptum
658 2993 750 3034 est.
811 2986 912 3035 Eae
961 2991 1076 3034 sunt
1121 2985 1298 3036 Nonae

351 3055 470 3105 illae
503 3054 836 3120 Decembres,
873 3056 1059 3104 totiens
1091 3070 1119 3103 a
1153 3055 1296 3106 Cice-

347 3140 473 3174 rone
493 3124 803 3187 celebratae,
834 3133 890 3174 ut
909 3124 976 3174 ad
1008 3125 1126 3174 fam.
1151 3124 1177 3172 l
1195 3160 1209 3183 ,
1240 3125 1293 3184 9,

353 3193 432 3243 12.
479 3195 545 3244 ad
577 3196 682 3246 Att.
717 3192 812 3254 10,
849 3194 906 3253 l,
949 3193 996 3244 l.
1027 3219 1098 3230 —
1126 3191 1297 3243 Pridie

348 3261 458 3311 Kal.
481 3265 585 3312 Ian.
609 3261 668 3320 Q.
694 3262 924 3312 Metellus
941 3262 1114 3327 Nepos
1133 3275 1297 3312 novus

349 3332 468 3385 trib.
483 3332 554 3396 pl.
585 3331 872 3381 Ciceronem
892 3333 943 3380 in
964 3333 1198 3382 contione
1219 3332 1296 3382 di-

343 3415 464 3448 cere
495 3399 758 3464 prohibuit
783 3415 912 3463 quae
943 3401 1291 3460 constituerat,

345 3468 496 3528 eique
526 3476 720 3517 tantum
751 3475 806 3516 ut
827 3469 1017 3518 iuraret
1039 3469 1290 3532 permisit.

797 213 871 259 M.
902 211 1198 259 TULLIUS
1225 212 1298 259 M.
1324 212 1389 259 F.
1416 212 1489 259 M.
1516 213 1583 259 N.
1614 210 1886 257 CICERO.

1449 368 1626 429 Itaque
1674 365 1847 415 Cicero
1886 365 1996 413 sine
2049 366 2160 415 ulla
2198 367 2371 417 dubita

1450 438 1589 485 tione
1641 436 1826 485 iuravit
1882 450 1987 483 rem
2040 434 2189 500 publ.
2247 446 2389 499 atque

1450 505 1625 554 urbem
1658 519 1751 553 sua
1778 504 1929 567 unius
1960 517 2116 566 opera
2146 518 2261 553 esse
2300 508 2393 554 sal·
2483 510 2484 569 ζ

1446 588 1583 624 vam.
1602 599 1669 608 —
1682 571 1884 621 Tullius
1902 574 2014 636 ipse
2032 573 2258 623 breviter
2276 588 2393 623 con-
2483 592 2484 621 ἦ

1446 641 1666 691 sulatum
1686 656 1835 691 suurn
1854 642 2140 705 descripsit,
2153 643 2207 689 in
2220 642 2391 692 Pison.

1448 712 1481 761 2
1495 746 1509 771 ,
1528 712 1564 760 4
1584 726 1696 773 sqq.
1714 736 1785 747 —
1804 710 1879 759 De
1897 711 2215 761 orationibus
2227 748 2245 773 ,
2268 728 2391 775 quas

1450 779 1624 830 Cicero
1665 780 1841 830 consul
1876 779 2085 843 habuit,
2126 782 2239 844 ipse
2266 780 2391 829 haec

1448 851 1681 913 scripsit:
1730 849 1874 898 ‘Fuit
1906 848 2033 898 mihi
2070 850 2387 899 commodum

1450 933 1656 977 curare,
1704 926 1763 967 ut
1808 932 1951 967 meae
1988 932 2189 979 quoque
2228 927 2389 969 essent

1449 988 1703 1037 orationes
1717 1023 1732 1050 ,
1767 1002 1897 1049 quae
1918 987 2208 1037 consulares
2230 990 2389 1037 nomi-

1446 1064 1700 1105 narentur.
1742 1055 1963 1114 Quarum
1985 1066 2087 1104 una
2118 1063 2196 1108 est
2228 1058 2281 1105 in
2315 1072 2388 1105 se-

1447 1133 1565 1173 natu
1590 1125 1831 1174 Kalendis
1848 1126 2096 1173 Ianuariis
2110 1162 2126 1182 ‚
2150 1125 2311 1176 altera
2329 1126 2386 1174 ati

1444 1194 1689 1259 populum
1725 1194 1787 1243 de
1827 1194 1937 1258 lege
1970 1195 2203 1258 agraria,
2245 1196 2387 1244 tertia

1446 1264 1509 1310 de
1548 1260 1770 1327 Othone,
1815 1270 1991 1325 quarta
2033 1277 2127 1327 pro
2162 1263 2385 1325 Rabirio,

1446 1332 1624 1393 quinta
1682 1332 1747 1381 de
1806 1332 2207 1395 proscriptorum
2271 1331 2385 1381 filiis

1445 1407 1618 1464 sexta,
1658 1415 1811 1464 quum
1837 1401 2156 1466 provinciam
2188 1402 2241 1450 in
2271 1416 2386 1450 con-

1445 1470 1582 1519 tione
1605 1469 1851 1534 deposui,
1880 1470 2127 1535 septima,
2165 1484 2268 1533 qua
2301 1470 2385 1518 Ca-

1444 1539 1637 1587 tilinam
1674 1540 1847 1600 emisi,
1883 1547 2085 1598 octava,
2120 1554 2273 1602 quam
2298 1538 2385 1588 ha-

1443 1609 1531 1656 bui
1568 1608 1633 1656 ad
1668 1608 1918 1673 populum
1951 1608 2202 1672 postridie
2240 1624 2385 1671 quam

1446 1676 1661 1725 Catilina
1681 1676 1938 1742 profugit,
1959 1691 2094 1726 nona
2123 1677 2176 1725 in
2197 1680 2387 1727 contio-

1445 1761 1535 1806 ne,
1576 1761 1673 1808 quo
1710 1745 1791 1795 die
1823 1746 2127 1811 Allobroges
2156 1746 2385 1811 invulga-

1445 1822 1588 1877 runt,
1616 1816 1813 1865 decima
1832 1815 1883 1863 in
1903 1822 2082 1865 senatu
2110 1814 2271 1869 Nonis
2292 1816 2386 1863 De-

1446 1884 1748 1962 cembribus,
1796 1882 1921 1964 Sunt
1954 1890 2220 1949 praeterea
2259 1884 2387 1935 duae

1446 1954 1625 2004 breves
1638 1990 1651 2012 ,
1687 1955 1835 2015 quasi
1846 1950 2293 2016 αποσπασμάτια
2312 1955 2387 2002 le-

1442 2023 1521 2086 gis
1547 2024 1807 2087 agrariae,
1831 2023 1895 2072 ad
1919 2025 2023 2074 Att.
2047 2024 2096 2082 2,
2126 2024 2174 2081 1,
2198 2023 2249 2074 3.

1512 2091 1575 2138 A.
1596 2107 1648 2139 u.
1670 2107 1715 2139 c.
1744 2090 1860 2142 692.
1896 2099 1994 2140 aet.
2033 2091 2190 2141 XLV.
2228 2093 2279 2141 in
2312 2108 2385 2140 se-

1441 2166 1560 2208 natu
1596 2159 1837 2210 Kalendis
1876 2161 2124 2209 Ianuariis
2160 2161 2238 2209 sic
2273 2176 2383 2209 eum

1441 2228 1643 2278 Metello
1672 2230 1735 2279 de
1760 2244 1814 2278 re
1834 2230 1976 2294 publ.
2004 2229 2285 2294 disputavit
2308 2229 2385 2279 ci-

1440 2313 1583 2356 cero,
1622 2305 1677 2347 ut
1722 2300 1933 2348 sentiret
1976 2299 2079 2348 sibi
2121 2313 2237 2347 cum
2276 2299 2382 2348 viro

1442 2366 1560 2415 forti
1610 2374 1659 2416 et
1701 2369 1945 2416 constanti
2002 2383 2115 2416 esse
2151 2381 2385 2432 pugnan-

1440 2436 1580 2488 dum.
1620 2437 1668 2485 Is
1690 2437 1823 2484 enim
1856 2452 1902 2486 a.
1927 2437 1975 2486 d.
2002 2438 2087 2486 111.
2115 2435 2289 2486 Nonas
2310 2438 2385 2485 Ia-

1440 2506 1644 2553 nuarias
1692 2519 1847 2566 quum
1910 2520 2060 2570 agere
2110 2507 2383 2570 coepisset.

1438 2575 1585 2622 tertio
1608 2589 1809 2636 quoque
1827 2575 1983 2624 verbo
2004 2575 2247 2626 orationis
2265 2589 2385 2623 suae

1436 2643 1579 2692 illum
1614 2642 1933 2708 appellabat,
1970 2643 2045 2692 illi
2076 2643 2383 2701 minabatur,

1438 2727 1601 2773 neque
1643 2713 1689 2760 ei
1735 2714 2010 2775 quidquam
2050 2712 2381 2766 deliberatius

1440 2780 1536 2830 fuit
1576 2795 1724 2843 quam
1769 2781 2090 2846 Ciceronem,
2143 2795 2377 2844 quacum·

1438 2864 1535 2910 que
1570 2849 1766 2898 ratione
1806 2859 2010 2914 posset,
2052 2863 2151 2899 non
2192 2851 2381 2900 iudicio

1437 2932 1601 2980 neque
1624 2917 2017 2983 disceptatione,
2039 2919 2133 2968 sed
2160 2920 2211 2968 vi
2233 2926 2385 2981 atque

1437 2988 1775 3050 impressione
1808 2995 2052 3038 evertere.
2092 2987 2256 3036 Huius
2288 2990 2385 3052 igi-

1434 3062 1515 3102 tur
1532 3056 1803 3106 temeritati
1828 3059 2010 3107 virtute
2039 3063 2191 3118 atque
2213 3057 2383 3106 animo

1434 3125 1616 3172 restitit
1630 3124 1824 3187 cicere,
1840 3127 1905 3176 ad
1927 3126 2047 3179 fam.
2064 3126 2115 3188 5,
2132 3127 2183 3186 2,
2196 3126 2247 3176 8.
2261 3125 2383 3172 -Εἰ

1438 3191 1613 3242 Cicero
1640 3196 1881 3258 opposuit
1913 3196 2191 3245 orationem
2211 3193 2385 3242 Metel-

1436 3261 1609 3324 linam,
1630 3265 1695 3312 ad
1716 3264 1819 3315 Att.
1836 3263 1885 3325 1,
1904 3263 1986 3321 13,
2004 3263 2055 3322 5,
2077 3262 2133 3312 id
2152 3270 2247 3323 est,
2272 3276 2385 3311 ora-

1436 3331 1625 3380 tionem
1654 3338 1829 3382 contra
1857 3331 2045 3382 Metelli
2073 3332 2381 3380 contionem.

1436 3415 1565 3460 quac
1584 3407 1796 3449 aetatem
1820 3415 1921 3449 non
1942 3401 2074 3449 tulit.
2101 3399 2299 3458 Quibus
2322 3401 2381 3448 de

1436 3469 1585 3517 rebus
1606 3483 1760 3529 quum
1794 3470 1851 3528 Q.
1874 3469 2106 3518 Metellus
2128 3470 2187 3528 Q.
2208 3469 2263 3518 F.
2290 3469 2381 3518 Oe·
