2500 3850
137 137 255 200 116

198 307 455 373 tyrannis,
488 305 551 354 de
582 310 707 354 orat.
736 305 796 363 2,
820 305 915 363 22,
935 302 1023 360 93.
1065 307 1137 356 lb.

202 375 347 440 3,34,
373 373 489 424 139.
504 373 709 422 —Eius
732 340 937 424 dicentii
957 390 1138 441 genua,

202 445 339 492 Brut.
362 444 394 491 7
411 479 425 506 ,
453 441 540 494 29.
574 443 948 492 Taeterrimus
937 459 990 492 m
1010 444 1143 494 The-

200 527 484 573 ramenem,
512 511 721 564 Tuscul.
756 511 802 576 1,
829 510 917 573 40,
946 513 1033 565 96.

137 579 322 643 Crito,
354 580 577 630 Socratis
608 583 831 640 amicus,
856 579 1062 632 Tuscul.
1092 581 1138 641 1,

199 650 286 709 43,
310 649 427 702 103.
459 650 521 699 de
542 649 699 699 divin.
726 649 773 708 l,
796 649 881 710 54,
909 649 1021 702 123.
1062 651 1136 700 lb.

204 719 253 783 1,
271 721 357 780 25,
378 717 463 769 53.

135 785 482 840 Critobulus.
532 785 658 836 Cum
690 801 749 835 eo
788 785 1010 850 loquitur
1046 786 1138 838 So·

205 865 370 908 crates
418 859 471 906 in
519 853 875 920 Xenophontis
917 855 1143 907 Oecono-

204 927 361 988 mico,
392 927 455 977 de
476 941 582 976 sen.
608 925 691 988 17,
719 924 803 975 59.

134 992 419 1048 Critolaus
436 1033 451 1060 ,
474 995 864 1060 Peripateticus,
898 995 960 1043 ab
982 993 1140 1044 Athe-

201 1066 461 1116 niensibus
484 1065 681 1128 legatus
710 1063 921 1113 Romam
952 1065 1140 1112 missus

204 1151 250 1186 a.
282 1149 333 1183 u.
370 1151 412 1183 o.
452 1132 571 1184 599.
604 1147 706 1182 una
732 1147 847 1181 cum
881 1131 1141 1183 Carneade

201 1200 508 1253 Academico
530 1211 578 1252 et
596 1201 827 1268 Diogene
854 1200 1043 1264 Stoico,
1078 1202 1141 1251 de

25 1275 415 1337 ---χ-01562,
450 1271 547 1337 37,
582 1271 700 1322 155.
750 1269 813 1322 cl.
850 1272 920 1323 ib.
950 1273 1011 1333 2,
1052 1270 1138 1332 38,

204 1341 321 1396 160.
361 1371 426 1378 -
467 1340 719 1393 Critolaus
755 1340 943 1390 imitari
978 1341 1144 1392 voluit

202 1414 438 1476 antiquos
470 1406 920 1477 (Peripateticos),
954 1418 1002 1460 et
1032 1411 1143 1472 qui-

204 1483 320 1532 dem
364 1489 441 1532 est
488 1483 737 1546 gravitate
787 1481 1051 1544 proximus
1094 1487 1143 1529 et

204 1551 454 1600 redundat
484 1551 641 1598 oratio
658 1585 672 1612 ,
696 1551 759 1598 de
789 1549 875 1599 fin.
901 1549 961 1610 5,
982 1548 1033 1612 5,
1056 1550 1139 1600 14.

201 1647 273 1656 --
294 1619 417 1666 Eius
451 1617 515 1667 de
538 1616 686 1665 bonis
706 1618 863 1666 animi
887 1624 935 1667 et
966 1631 1144 1684 corpo-

202 1689 274 1736 ris
299 1686 576 1745 sententia,
606 1686 815 1735 Tuscul.
841 1686 873 1736 5
890 1721 905 1746 ‚
934 1687 1031 1750 17,
1054 1687 1139 1736 51.

203 1781 272 1791 --
302 1755 426 1804 Eius
454 1753 659 1804 auditor
686 1753 1043 1816 Mnesarchus,
1080 1755 1143 1804 de

206 1831 331 1878 orat.
359 1823 407 1883 1,
431 1822 525 1882 11,
545 1823 631 1873 45

140 1890 452 1943 Critolaus
442 1912 464 1956 ,
538 1889 855 1941 Achaeorum
918 1897 1137 1955 praetor.

203 1962 326 2012 Eius
366 1962 513 2026 culpa
546 1974 722 2011 eversa
753 1959 1047 2020 CorinthuS,
1076 1960 1141 2010 de

204 2046 256 2081 n.
278 2032 328 2080 d.
358 2030 407 2092 3,
426 2029 511 2092 38,
537 2029 623 2082 91.

139 2098 423 2150 Critolaus
438 2099 739 2160 Hennensis,
751 2100 897 2151 Verr.
915 2101 1137 2149 accusat.

201 2170 235 2217 4
277 2166 359 2231 26,
384 2168 469 2219 59.

140 2198 423 2288 oritoni...
447 2235 563 2305 (⁴3),
588 2239 651 2288 aa
676 2237 781 2287 Aa.
806 2236 886 2295 13,
911 2234 997 2297 20,
1019 2235 1069 2287 3.

138 2305 489 2371 Crodunum,
518 2306 713 2358 Galliae
739 2306 1015 2373 oppidum,
1048 2304 1143 2354 ho-

206 2376 287 2426 die
318 2377 558 2427 Gom-dan
589 2378 655 2429 ad
681 2376 1015 2439 Garumnam,
1048 2388 1141 2440 pro

202 2446 347 2495 Font.
372 2448 421 2510 5,
448 2447 498 2499 9.

141 2511 403 2579 Croesum
426 2516 841 2581 opulentissimus
860 2532 954 2566 rex
968 2515 1142 2567 Asiae.

206 2584 329 2633 Sors
350 2586 395 2634 ei
417 2587 571 2646 edita,
594 2586 656 2635 de
676 2584 831 2634 divin.
847 2586 899 2645 2,
918 2584 1002 2650 56,
1024 2584 1138 2637 116.

207 2680 272 2689 —-
294 2654 617 2719 Responsum
646 2656 693 2704 ei
718 2654 893 2703 datum
913 2668 943 2703 a
960 2654 1141 2717 Pythio

206 2722 466 2785 Apolline,
496 2723 571 2773 lb.
593 2723 620 2773 1
643 2760 657 2783 ‚
688 2720 755 2772 19
772 2758 788 2782 ,
820 2722 903 2773 37.
924 2748 995 2757 -—-
1020 2723 1143 2773 Eius

207 2790 340 2840 filius
369 2789 568 2849 infanS,
598 2792 673 2841 Ib.
704 2792 763 2849 1,
797 2790 891 2853 53,
925 2790 1041 2841 121.
1078 2792 1142 2843 (15

205 2860 289 2911 fin.
314 2860 373 2923 2,
392 2859 487 2923 27,
518 2859 605 2910 87.
646 2859 718 2908 Ib.
741 2856 802 2920 3,
824 2858 1027 2922 22‚76.
1066 2861 1139 2909 Ib.

204 2932 256 2990 4,
280 2928 362 2989 12,
390 2926 458 2978 29
477 2935 526 2977 et
546 2927 629 2979 31.

141 2993 445 3065 Crommyu
464 3012 621 3061 acra,
644 2970 954 3060 Κρομμύὸυ
974 2986 1141 3063 ἄκρα,

205 3070 605 3149 promontorium
620 3065 789 3148 Cypri,
814 3072 985 3115 contra
1005 3064 1143 3114 Ane-

206 3138 451 3193 murium,
481 3136 879 3202 promontorium
916 3133 1139 3193 Ciliciae,

208 3205 274 3254 ad
292 3205 414 3257 fam.
438 3207 521 3267 12,
545 3206 626 3267 13,
644 3208 693 3256 4.

142 3270 210 3336 Q.
248 3272 436 3324 Croto.
484 3276 606 3324 Eius
635 3290 811 3325 servus
840 3272 1033 3325 Scaeva
1059 3287 1142 3324 oc-

208 3343 327 3391 cidit
347 3343 403 3395 L.
420 3342 764 3407 Saturninum,
784 3358 875 3409 pro
898 3342 950 3393 C.
967 3343 1137 3397 Rabir.

206 3413 347 3473 perd.
376 3412 457 3471 ll,
480 3410 563 3461 31.

829 147 1036 196 cm'ro
1070 169 1153 180 --·
1180 147 1542 196 CUMANUM.

1218 304 1454 367 Croton,
1475 304 1629 354 urbs·
1617 318 1670 353 ιιι
1689 304 1934 364 Bruttiis,
1956 318 2016 354 eo
2040 317 2224 368 perve-

1284 376 1360 422 nit
1394 372 1739 439 Pythagoras,
1779 373 1842 422 de
1870 375 2097 437 r‚p.2,
2139 373 2219 439 15,

1283 442 1370 495 28.
1411 442 1477 492 ad
1496 442 1600 494 Att.
1623 441 1674 504 9,
1701 441 1781 505 19,
1803 439 1853 491 3.

1211 481 1684 578 Κροτωνιάτης
1747 504 2221 574 τυραννοκτόνος,

1283 580 1433 642 Milo,
1457 580 1643 630 adAtt.
1667 579 1718 644 6,
1740 580 1794 640 4,
1817 579 1870 632 3.
1909 580 1961 643 6,
1987 579 2092 643 7,1

1214 645 1594 700 Crotoniatae.
1647 647 1748 698 Εο5
1792 650 1859 698 ad
1885 649 2096 698 fluvium
2129 647 2224 698 Sa-

1281 733 1428 784 gram
1445 718 1594 767 Locri
1617 719 1841 767 maximo
1861 717 2058 782 proelio
2080 717 2223 768 devi-

1283 795 1485 848 cerunt,
1521 787 1585 836 de
1616 801 1666 841 n.
1699 787 1748 836 d.
1775 789 1827 850 2,
1848 787 1881 836 2
1896 823 1910 851 ,
1931 787 1983 838 6.
2003 817 2074 826 --
2093 788 2224 838 Zeu-

1279 858 1371 907 xin
1403 858 1646 921 pictorem
1679 857 1747 906 ad
1777 871 1833 905 se
1867 863 2136 918 vocarunt,
2166 864 2224 906 ut

1279 925 1526 990 templum
1558 927 1764 976 Iunonis
1801 926 2023 991 egregiis
2059 926 2224 990 pictu-

1280 997 1354 1044 ris
1377 994 1734 1060 locupletaret,
1765 996 1828 1045 de
1856 995 1958 1043 inv.
1983 997 2034 1054 2,
2060 995 2107 1056 1,
2131 996 2182 1044 1.

1214 1061 1578 1114 Crustumina
1598 1065 1760 1114 tribus
1773 1101 1788 1129 ,
1827 1078 1856 1112 a
1877 1063 2225 1115 Crustumeria

1281 1149 1323 1183 5.
1349 1133 1662 1195 Crustumio,
1687 1131 1986 1183 Sabinorum
2010 1134 2219 1198 oppido.

1281 1205 1337 1252 In
1356 1217 1466 1252 eam
1489 1203 1721 1268 pervenit
1739 1203 1800 1252 L.
1823 1201 2086 1252 Cornelius
2103 1202 2226 1252 Bal-

1281 1272 1406 1333 bus,
1445 1287 1536 1336 pro
1566 1270 1722 1320 Balbo
1755 1271 1851 1337 25,
1895 1270 1979 1322 57.
2024 1270 2090 1322 cf.
2127 1286 2223 1336 pro

1285 1341 1449 1390 Plano.
1480 1339 1563 1403 16,
1585 1339 1670 1393 38.

1218 1407 1612 1462 Crustuminus
1655 1425 1806 1475 ager,
1850 1424 2092 1472 crassus,
2125 1425 2222 1474 pro

1283 1481 1462 1529 Flacco
1491 1479 1575 1539 29,
1596 1479 1681 1532 71.

1214 1545 1524 1614 Ctesiphon
1570 1549 1748 1598 scitum
1800 1548 1924 1598 fecit
1967 1549 2031 1598 de
2079 1563 2223 1597 coro-

1285 1619 1452 1667 nando
1475 1617 1845 1681 Demosthene,
1877 1619 1938 1668 de
1967 1623 2074 1682 opt.
2101 1632 2218 1682 gen.

1283 1703 1354 1737 or.
1375 1688 1426 1746 7,
1450 1687 1532 1738 19.
1563 1694 1688 1736 orat.
1717 1687 1771 1749 8,
1792 1686 1877 1737 26.
1901 1687 1972 1736 Ib.
1995 1685 2080 1749 30,
2101 1686 2220 1737 111.

1283 1783 1348 1790 -—
1385 1757 1426 1803 A
1465 1755 1804 1804 Demosthene
1842 1754 2110 1815 defensus,
2161 1756 2225 1805 de

1252 1817 1258 1822 ’
1285 1830 1407 1874 orat.
1431 1823 1480 1888 3,
1503 1822 1589 1886 56,
1611 1822 1727 1873 213.
1768 1829 1890 1872 orat.
1919 1823 2005 1884 38,
2029 1822 2149 1873 133.

1216 1890 1456 1954 Cularo,
1522 1893 1575 1941 in
1632 1891 1820 1941 finibus
1883 1891 2223 1959 Allobrogum

1280 1968 1460 2024 postea
1495 1959 1900 2027 GratianopoliS,
1957 1960 2223 2024 Grenoble‚

1281 2030 1349 2079 ad
1369 2030 1489 2079 fam.
1516 2030 1598 2089 10,
1619 2028 1703 2089 23,
1724 2032 1774 2081 7.

1214 2096 1435 2148 Culleo.
1474 2100 1539 2150 V.
1565 2096 1866 2150 Terentius
1891 2099 2107 2151 Culleo.

1214 2166 1536 2232 Culleolus,
1566 2168 1718 2219 homo
1752 2169 1895 2231 vilis,
1930 2171 1996 2220 ad
2027 2170 2130 2221 Au.
2165 2170 2220 2235 6,

1212 2308 1277 2361 Ῑι.
1310 2274 1633 2372 Culleolus,
1668 2310 1966 2374 proconsul,
1996 2278 2052 2358 ut
2077 2310 2221 2359 vide-

1281 2384 1381 2441 tur,
1401 2378 1610 2443 Illyrici,
1635 2394 1681 2428 a,
1703 2394 1755 2429 ιι.
1781 2396 1826 2429 c.
1850 2378 1970 2433 694.
1999 2378 2077 2429 vel
2095 2377 2218 2430 695

1282 2447 1364 2496 Ad
1385 2464 1500 2497 eum
1522 2450 1740 2513 scriptae
1757 2449 1956 2503 suntad
1985 2448 2106 2501 fam.
2134 2446 2216 2497 13.

1284 2531 1365 2581 ep.
1393 2518 1459 2567 41
1480 2524 1529 2567 et
1545 2519 1630 2569 42.

1217 2585 1464 2651 Cumae,
1501 2588 1623 2637 urbs
1675 2588 1997 2653 Campaniae.
2047 2586 2220 2638 Cumis

1283 2656 1467 2720 Apollo
1493 2656 1722 2721 sudavit,
1762 2658 1825 2707 de
1856 2658 2016 2709 divin.
2050 2656 2110 2716 1,
2133 2654 2220 2716 43,

1281 2724 1366 2776 99.
1388 2752 1454 2761 —-
1477 2723 1649 2773 Cumis
1667 2733 1898 2775 mortuus
1918 2732 1993 2775 est
2008 2725 2221 2788 Tarqui-

1281 2794 1398 2843 nius
1418 2791 1703 2857 Superbus,
1723 2794 1927 2848 Tuscul.
1952 2794 2000 2851 3,
2028 2796 2110 2858 12,
2130 2794 2214 2843 27

1283 2863 1346 2912 de
1365 2862 1477 2927 lege
1501 2876 1611 2925 agl.
1632 2864 1682 2927 2,
1707 2863 1792 2925 31,
1813 2863 1900 2916 86.

1215 2928 1471 2982 Cumani.
1545 2931 1730 2980 Eorum
1778 2900 2122 2997 decemprimi
2171 2938 2221 2983 et

1281 3000 1611 3063 quattuorviri
1633 3000 1940 3065 adroganter
1963 3004 2159 3051 mactati
2189 3017 2222 3051 a

1281 3070 1348 3121 M.
1373 3068 1622 3133 Antonin,
1651 3070 1717 3119 ad
1737 3070 1838 3123 Att.
1865 3069 1947 3131 10,
1970 3069 2052 3133 13,
2082 3072 2127 3121 1.
2149 3098 2220 3109 —-

1279 3138 1368 3187 Eis
1390 3138 1550 3186 iratus
1574 3144 1682 3187 erat
1701 3138 1887 3189 Caesar
1900 3174 1914 3202 ,
1935 3140 2010 3188 Ib.

1184 3202 1189 3208 “
1214 3204 1557 3269 Cumanum,
1585 3206 1747 3257 Catuli
1776 3207 1925 3268 villa,
1953 3208 2112 3258 Acad.
2135 3222 2215 3273 pr.

1280 3277 1332 3338 2,
1353 3276 1437 3340 25,
1459 3276 1543 3327 80.

1214 3343 1524 3396 Cumanum
1565 3343 1822 3395 Ciceronis
1873 3353 1922 3396 et
1972 3348 2218 3397 Varronis

1279 3414 1450 3479 villae,
1474 3415 1634 3467 Acad.
1655 3423 1789 3481 post.
1813 3416 1862 3479 1,
1888 3416 1935 3483 1,
1959 3417 2007 3469 1.
2030 3442 2097 3453 --
2119 3416 2218 3467 Cu-
