<?xml version="1.0" encoding="UTF-8"?>
<!DOCTYPE html PUBLIC "-//W3C//DTD XHTML 1.0 Transitional//EN"
    "http://www.w3.org/TR/xhtml1/DTD/xhtml1-transitional.dtd">
<html xmlns="http://www.w3.org/1999/xhtml" xml:lang="en" lang="en">
 <head>
  <title>
</title>
<meta http-equiv="Content-Type" content="text/html;charset=utf-8" />
  <meta name='ocr-system' content='tesseract 3.04.00' />
  <meta name='ocr-capabilities' content='ocr_page ocr_carea ocr_par ocr_line ocrx_word'/>
</head>
<body>
  <div class='ocr_page' id='page_1' title='image "./scriptaquaemans04mlgoog_0279.png"; bbox 0 0 2500 3850; ppageno 0'>
   <div class='ocr_carea' id='block_1_1' title="bbox 750 157 2272 219">
    <p class='ocr_par' dir='ltr' id='par_1_1' title="bbox 750 157 2272 219">
     <span class='ocr_line' id='line_1_1' title="bbox 750 157 2272 219; baseline 0.006 -9"><span class='ocrx_word' id='word_1_1' title='bbox 750 163 1061 210; x_wconf 62' lang='lat' dir='ltr'><strong>oiim-mus</strong></span> <span class='ocrx_word' id='word_1_2' title='bbox 1090 185 1165 194; x_wconf 89' lang='lat'>—</span> <span class='ocrx_word' id='word_1_3' title='bbox 1194 165 1267 212; x_wconf 83' lang='lat' dir='ltr'><strong>M.</strong></span> <span class='ocrx_word' id='word_1_4' title='bbox 1293 164 1653 212; x_wconf 81' lang='lat' dir='ltr'><strong>PAGUVIUS.</strong></span> <span class='ocrx_word' id='word_1_5' title='bbox 2147 157 2272 219; x_wconf 85' lang='lat'><strong>273</strong></span> 
     </span>
    </p>
   </div>
   <div class='ocr_carea' id='block_1_2' title="bbox 256 316 2274 384">
    <p class='ocr_par' dir='ltr' id='par_1_2' title="bbox 256 316 2274 384">
     <span class='ocr_line' id='line_1_2' title="bbox 256 316 2274 384; baseline 0.004 -18"><span class='ocrx_word' id='word_1_6' title='bbox 256 325 487 383; x_wconf 82' lang='lat' dir='ltr'><strong>pretatus</strong></span> <span class='ocrx_word' id='word_1_7' title='bbox 514 324 590 366; x_wconf 88' lang='lat' dir='ltr'><strong>est</strong></span> <span class='ocrx_word' id='word_1_8' title='bbox 614 317 949 384; x_wconf 81' lang='lat' dir='ltr'><strong>ChrysippuS,</strong></span> <span class='ocrx_word' id='word_1_9' title='bbox 978 319 1042 368; x_wconf 87' lang='lat' dir='ltr'><strong>de</strong></span> <span class='ocrx_word' id='word_1_10' title='bbox 1067 333 1118 370; x_wconf 90' lang='lat' dir='ltr'><strong>n.</strong></span> <span class='ocrx_word' id='word_1_11' title='bbox 1146 319 1196 368; x_wconf 84' lang='lat' dir='ltr'><strong>d.</strong></span> <span class='ocrx_word' id='word_1_12' title='bbox 1271 318 1332 369; x_wconf 84' lang='lat' dir='ltr'><strong>L.</strong></span> <span class='ocrx_word' id='word_1_13' title='bbox 1369 316 1609 383; x_wconf 87' lang='lat' dir='ltr'><strong>(Iunius)</strong></span> <span class='ocrx_word' id='word_1_14' title='bbox 1635 318 1960 371; x_wconf 74' lang='lat' dir='ltr'><strong>Paciaecus.</strong></span> <span class='ocrx_word' id='word_1_15' title='bbox 2033 323 2156 374; x_wconf 86' lang='lat' dir='ltr'><strong>Eius</strong></span> <span class='ocrx_word' id='word_1_16' title='bbox 2193 325 2274 375; x_wconf 84' lang='lat' dir='ltr'><strong>lit-</strong></span> 
     </span>
    </p>
   </div>
   <div class='ocr_carea' id='block_1_3' title="bbox 188 385 2272 1144">
    <p class='ocr_par' dir='ltr' id='par_1_3' title="bbox 188 385 2272 1144">
     <span class='ocr_line' id='line_1_3' title="bbox 258 385 2270 455; baseline 0.004 -19"><span class='ocrx_word' id='word_1_17' title='bbox 258 389 307 451; x_wconf 90' lang='lat'><strong>1,</strong></span> <span class='ocrx_word' id='word_1_18' title='bbox 333 387 417 446; x_wconf 85' lang='lat'><strong>15,</strong></span> <span class='ocrx_word' id='word_1_19' title='bbox 444 386 531 438; x_wconf 91' lang='lat'><strong>41.</strong></span> <span class='ocrx_word' id='word_1_20' title='bbox 568 385 768 438; x_wconf 86' lang='lat' dir='ltr'><strong>Tuscul.</strong></span> <span class='ocrx_word' id='word_1_21' title='bbox 794 388 839 448; x_wconf 94' lang='lat'><strong>1,</strong></span> <span class='ocrx_word' id='word_1_22' title='bbox 862 389 947 451; x_wconf 88' lang='lat'><strong>41,</strong></span> <span class='ocrx_word' id='word_1_23' title='bbox 970 387 1057 438; x_wconf 88' lang='lat'><strong>98.</strong></span> <span class='ocrx_word' id='word_1_24' title='bbox 1337 395 1478 436; x_wconf 84' lang='lat' dir='ltr'><strong>terae</strong></span> <span class='ocrx_word' id='word_1_25' title='bbox 1505 389 1569 437; x_wconf 87' lang='lat' dir='ltr'><strong>de</strong></span> <span class='ocrx_word' id='word_1_26' title='bbox 1589 391 1816 437; x_wconf 85' lang='lat' dir='ltr'><strong>exercitu</strong></span> <span class='ocrx_word' id='word_1_27' title='bbox 1835 390 2162 455; x_wconf 84' lang='lat' dir='ltr'>Hispaniensi</span> <span class='ocrx_word' id='word_1_28' title='bbox 2183 392 2270 446; x_wconf 86' lang='lat' dir='ltr'><strong>Gn.</strong></span> 
     </span>
     <span class='ocr_line' id='line_1_4' title="bbox 188 452 2270 527; baseline 0.003 -21"><span class='ocrx_word' id='word_1_29' title='bbox 188 453 455 520; x_wconf 78' lang='lat' dir='ltr'><strong>Orpheus</strong></span> <span class='ocrx_word' id='word_1_30' title='bbox 498 452 756 523; x_wconf 76' lang='lat' dir='ltr'><strong>Ciceronis</strong></span> <span class='ocrx_word' id='word_1_31' title='bbox 779 492 792 515; x_wconf 93' lang='lat'><strong>,</strong></span> <span class='ocrx_word' id='word_1_32' title='bbox 850 457 917 505; x_wconf 82' lang='lat' dir='ltr'><strong>ad</strong></span> <span class='ocrx_word' id='word_1_33' title='bbox 950 455 1071 507; x_wconf 84' lang='lat' dir='ltr'><strong>fam.</strong></span> <span class='ocrx_word' id='word_1_34' title='bbox 1114 455 1195 519; x_wconf 88' lang='grc'><strong>14,</strong></span> <span class='ocrx_word' id='word_1_35' title='bbox 1338 455 1594 520; x_wconf 90' lang='lat' dir='ltr'><strong>Pompeii,</strong></span> <span class='ocrx_word' id='word_1_36' title='bbox 1634 457 1805 521; x_wconf 83' lang='lat' dir='ltr'>Magni</span> <span class='ocrx_word' id='word_1_37' title='bbox 1835 457 1954 518; x_wconf 88' lang='lat' dir='ltr'><strong>filii,</strong></span> <span class='ocrx_word' id='word_1_38' title='bbox 1993 461 2058 508; x_wconf 83' lang='lat' dir='ltr'><strong>ad</strong></span> <span class='ocrx_word' id='word_1_39' title='bbox 2076 462 2197 510; x_wconf 88' lang='lat' dir='ltr'><strong>fam.</strong></span> <span class='ocrx_word' id='word_1_40' title='bbox 2221 464 2270 527; x_wconf 88' lang='lat'><strong>6,</strong></span> 
     </span>
     <span class='ocr_line' id='line_1_5' title="bbox 254 523 2064 592; baseline 0.002 -18"><span class='ocrx_word' id='word_1_41' title='bbox 254 526 305 586; x_wconf 92' lang='lat'><strong>4,</strong></span> <span class='ocrx_word' id='word_1_42' title='bbox 325 525 377 575; x_wconf 90' lang='grc'><strong>4.</strong></span> <span class='ocrx_word' id='word_1_43' title='bbox 1343 523 1424 582; x_wconf 87' lang='grc'><strong>18,</strong></span> <span class='ocrx_word' id='word_1_44' title='bbox 1448 525 1498 575; x_wconf 97' lang='grc'><strong>2.</strong></span> <span class='ocrx_word' id='word_1_45' title='bbox 1541 525 1607 577; x_wconf 77' lang='lat' dir='ltr'><strong>cf.</strong></span> <span class='ocrx_word' id='word_1_46' title='bbox 1629 527 1695 575; x_wconf 83' lang='lat' dir='ltr'><strong>ad</strong></span> <span class='ocrx_word' id='word_1_47' title='bbox 1714 528 1815 575; x_wconf 82' lang='lat' dir='ltr'><strong>Att.</strong></span> <span class='ocrx_word' id='word_1_48' title='bbox 1841 527 1924 588; x_wconf 97' lang='lat'><strong>12,</strong></span> <span class='ocrx_word' id='word_1_49' title='bbox 1945 529 1996 592; x_wconf 90' lang='lat'><strong>2,</strong></span> <span class='ocrx_word' id='word_1_50' title='bbox 2018 529 2064 578; x_wconf 94' lang='lat'><strong>1.</strong></span> 
     </span>
     <span class='ocr_line' id='line_1_6' title="bbox 189 590 2271 659; baseline 0.003 -17"><span class='ocrx_word' id='word_1_51' title='bbox 189 590 439 657; x_wconf 79' lang='lat' dir='ltr'><strong>Orphica</strong></span> <span class='ocrx_word' id='word_1_52' title='bbox 474 605 619 640; x_wconf 84' lang='lat' dir='ltr'><strong>sacra</strong></span> <span class='ocrx_word' id='word_1_53' title='bbox 646 593 869 659; x_wconf 79' lang='lat' dir='ltr'><strong>Dionyso</strong></span> <span class='ocrx_word' id='word_1_54' title='bbox 894 602 1071 657; x_wconf 84' lang='lat' dir='ltr'><strong>quarto</strong></span> <span class='ocrx_word' id='word_1_55' title='bbox 1103 609 1199 658; x_wconf 78' lang='lat' dir='ltr'><strong>pu·</strong></span> <span class='ocrx_word' id='word_1_56' title='bbox 1270 590 1642 644; x_wconf 76' lang='lat' dir='ltr'><strong>Pacideianus</strong></span> <span class='ocrx_word' id='word_1_57' title='bbox 1673 596 1926 659; x_wconf 81' lang='lat' dir='ltr'><strong>gladiator</strong></span> <span class='ocrx_word' id='word_1_58' title='bbox 1949 596 2146 648; x_wconf 83' lang='lat' dir='ltr'><strong>Lucilio</strong></span> <span class='ocrx_word' id='word_1_59' title='bbox 2168 615 2271 648; x_wconf 86' lang='lat' dir='ltr'><strong>me-</strong></span> 
     </span>
     <span class='ocr_line' id='line_1_7' title="bbox 254 659 2270 728; baseline 0.001 -18"><span class='ocrx_word' id='word_1_60' title='bbox 254 670 427 710; x_wconf 81' lang='lat' dir='ltr'><strong>tantur</strong></span> <span class='ocrx_word' id='word_1_61' title='bbox 464 659 672 720; x_wconf 87' lang='lat' dir='ltr'><strong>confici,</strong></span> <span class='ocrx_word' id='word_1_62' title='bbox 711 662 773 711; x_wconf 90' lang='lat' dir='ltr'><strong>de</strong></span> <span class='ocrx_word' id='word_1_63' title='bbox 814 677 866 710; x_wconf 83' lang='lat' dir='ltr'><strong>n..</strong></span> <span class='ocrx_word' id='word_1_64' title='bbox 908 663 957 712; x_wconf 82' lang='lat' dir='ltr'><strong>d.</strong></span> <span class='ocrx_word' id='word_1_65' title='bbox 1008 663 1069 724; x_wconf 87' lang='grc'><strong>3,</strong></span> <span class='ocrx_word' id='word_1_66' title='bbox 1112 662 1195 726; x_wconf 90' lang='grc'><strong>23,</strong></span> <span class='ocrx_word' id='word_1_67' title='bbox 1338 671 1587 726; x_wconf 83' lang='lat' dir='ltr'><strong>moratus,</strong></span> <span class='ocrx_word' id='word_1_68' title='bbox 1628 665 1690 714; x_wconf 91' lang='lat' dir='ltr'><strong>de</strong></span> <span class='ocrx_word' id='word_1_69' title='bbox 1723 670 1826 728; x_wconf 90' lang='lat' dir='ltr'><strong>opt.</strong></span> <span class='ocrx_word' id='word_1_70' title='bbox 1853 679 1968 728; x_wconf 84' lang='lat' dir='ltr'><strong>gen.</strong></span> <span class='ocrx_word' id='word_1_71' title='bbox 1996 679 2070 718; x_wconf 83' lang='lat' dir='ltr'><strong>or,</strong></span> <span class='ocrx_word' id='word_1_72' title='bbox 2093 667 2153 727; x_wconf 86' lang='lat'><strong>6,</strong></span> <span class='ocrx_word' id='word_1_73' title='bbox 2188 667 2270 722; x_wconf 86' lang='grc'><strong>17,</strong></span> 
     </span>
     <span class='ocr_line' id='line_1_8' title="bbox 256 729 2270 800; baseline 0.002 -20"><span class='ocrx_word' id='word_1_74' title='bbox 256 729 341 780; x_wconf 89' lang='grc'><strong>58.</strong></span> <span class='ocrx_word' id='word_1_75' title='bbox 1338 731 1541 780; x_wconf 83' lang='lat' dir='ltr'><strong>Tuscul.</strong></span> <span class='ocrx_word' id='word_1_76' title='bbox 1574 734 1636 792; x_wconf 95' lang='lat'><strong>4,</strong></span> <span class='ocrx_word' id='word_1_77' title='bbox 1674 733 1771 794; x_wconf 83' lang='lat'><strong>21,</strong></span> <span class='ocrx_word' id='word_1_78' title='bbox 1802 732 1889 785; x_wconf 87' lang='grc'><strong>48.</strong></span> <span class='ocrx_word' id='word_1_79' title='bbox 1949 734 2015 783; x_wconf 86' lang='lat' dir='ltr'><strong>ad</strong></span> <span class='ocrx_word' id='word_1_80' title='bbox 2045 733 2101 792; x_wconf 94' lang='lat' dir='ltr'><strong>Q.</strong></span> <span class='ocrx_word' id='word_1_81' title='bbox 2125 734 2187 783; x_wconf 82' lang='lat' dir='ltr'><strong>fr.</strong></span> <span class='ocrx_word' id='word_1_82' title='bbox 2222 735 2270 800; x_wconf 87' lang='lat'><strong>3,</strong></span> 
     </span>
     <span class='ocr_line' id='line_1_9' title="bbox 192 796 1462 863; baseline -0.001 -15"><span class='ocrx_word' id='word_1_83' title='bbox 192 796 423 861; x_wconf 81' lang='lat' dir='ltr'><strong>Osaces,</strong></span> <span class='ocrx_word' id='word_1_84' title='bbox 442 813 631 863; x_wconf 83' lang='lat' dir='ltr'><strong>magna</strong></span> <span class='ocrx_word' id='word_1_85' title='bbox 651 801 949 853; x_wconf 80' lang='lat' dir='ltr'><strong>auctoritate</strong></span> <span class='ocrx_word' id='word_1_86' title='bbox 963 800 1198 850; x_wconf 85' lang='lat' dir='ltr'><strong>duxPar-</strong></span> <span class='ocrx_word' id='word_1_87' title='bbox 1339 801 1390 858; x_wconf 89' lang='grc'><strong>4,</strong></span> <span class='ocrx_word' id='word_1_88' title='bbox 1411 801 1462 847; x_wconf 92' lang='grc'><strong>2.</strong></span> 
     </span>
     <span class='ocr_line' id='line_1_10' title="bbox 253 864 2272 933; baseline 0.003 -17"><span class='ocrx_word' id='word_1_89' title='bbox 253 867 456 916; x_wconf 84' lang='lat' dir='ltr'><strong>thorum</strong></span> <span class='ocrx_word' id='word_1_90' title='bbox 473 903 489 927; x_wconf 94' lang='lat'><strong>,</strong></span> <span class='ocrx_word' id='word_1_91' title='bbox 522 868 575 914; x_wconf 91' lang='lat' dir='ltr'><strong>in</strong></span> <span class='ocrx_word' id='word_1_92' title='bbox 602 867 725 933; x_wconf 82' lang='lat' dir='ltr'><strong>fuga</strong></span> <span class='ocrx_word' id='word_1_93' title='bbox 750 869 935 918; x_wconf 88' lang='lat' dir='ltr'><strong>vulnus</strong></span> <span class='ocrx_word' id='word_1_94' title='bbox 956 869 1151 933; x_wconf 85' lang='lat' dir='ltr'><strong>accepit</strong></span> <span class='ocrx_word' id='word_1_95' title='bbox 1170 885 1199 918; x_wconf 86' lang='lat' dir='ltr'><strong>a</strong></span> <span class='ocrx_word' id='word_1_96' title='bbox 1269 864 1562 918; x_wconf 84' lang='lat' dir='ltr'><strong>Paciliana</strong></span> <span class='ocrx_word' id='word_1_97' title='bbox 1585 869 1781 919; x_wconf 85' lang='lat' dir='ltr'><strong>domus.</strong></span> <span class='ocrx_word' id='word_1_98' title='bbox 1854 871 1977 920; x_wconf 86' lang='lat' dir='ltr'><strong>Earn</strong></span> <span class='ocrx_word' id='word_1_99' title='bbox 2001 887 2166 922; x_wconf 88' lang='lat' dir='ltr'><strong>emere</strong></span> <span class='ocrx_word' id='word_1_100' title='bbox 2185 887 2272 922; x_wconf 85' lang='lat' dir='ltr'><strong>vo-</strong></span> 
     </span>
     <span class='ocr_line' id='line_1_11' title="bbox 257 934 2230 1002; baseline 0.004 -18"><span class='ocrx_word' id='word_1_101' title='bbox 257 934 455 1000; x_wconf 89' lang='lat' dir='ltr'><strong>Cassio,</strong></span> <span class='ocrx_word' id='word_1_102' title='bbox 496 951 655 997; x_wconf 89' lang='lat' dir='ltr'><strong>eoque</strong></span> <span class='ocrx_word' id='word_1_103' title='bbox 675 937 865 1002; x_wconf 76' lang='lat' dir='ltr'><strong>interiit</strong></span> <span class='ocrx_word' id='word_1_104' title='bbox 883 938 1062 1002; x_wconf 80' lang='lat' dir='ltr'><strong>paucis</strong></span> <span class='ocrx_word' id='word_1_105' title='bbox 1082 945 1199 1002; x_wconf 84' lang='lat' dir='ltr'><strong>post</strong></span> <span class='ocrx_word' id='word_1_106' title='bbox 1338 937 1469 985; x_wconf 87' lang='lat' dir='ltr'><strong>lebat</strong></span> <span class='ocrx_word' id='word_1_107' title='bbox 1497 935 1553 994; x_wconf 93' lang='lat' dir='ltr'><strong>Q.</strong></span> <span class='ocrx_word' id='word_1_108' title='bbox 1583 936 1770 996; x_wconf 88' lang='lat' dir='ltr'><strong>Cicero,</strong></span> <span class='ocrx_word' id='word_1_109' title='bbox 1791 940 1856 986; x_wconf 87' lang='lat' dir='ltr'><strong>ad</strong></span> <span class='ocrx_word' id='word_1_110' title='bbox 1875 939 1978 995; x_wconf 85' lang='lat' dir='ltr'><strong>Att.</strong></span> <span class='ocrx_word' id='word_1_111' title='bbox 2003 940 2050 1001; x_wconf 93' lang='lat'><strong>1,</strong></span> <span class='ocrx_word' id='word_1_112' title='bbox 2077 943 2161 1002; x_wconf 91' lang='grc'><strong>14,</strong></span> <span class='ocrx_word' id='word_1_113' title='bbox 2184 943 2230 990; x_wconf 92' lang='grc'><strong>7.</strong></span> 
     </span>
     <span class='ocr_line' id='line_1_12' title="bbox 258 1003 2268 1073; baseline 0.003 -20"><span class='ocrx_word' id='word_1_114' title='bbox 258 1005 458 1065; x_wconf 80' lang='lat' dir='ltr'><strong>diebuS,</strong></span> <span class='ocrx_word' id='word_1_115' title='bbox 510 1005 577 1053; x_wconf 84' lang='lat' dir='ltr'><strong>ad</strong></span> <span class='ocrx_word' id='word_1_116' title='bbox 602 1008 700 1055; x_wconf 84' lang='lat' dir='ltr'><strong>Att.</strong></span> <span class='ocrx_word' id='word_1_117' title='bbox 722 1007 773 1066; x_wconf 87' lang='lat'><strong>5,</strong></span> <span class='ocrx_word' id='word_1_118' title='bbox 795 1006 878 1062; x_wconf 83' lang='lat'><strong>20,</strong></span> <span class='ocrx_word' id='word_1_119' title='bbox 901 1006 951 1058; x_wconf 87' lang='lat'><strong>3.</strong></span> <span class='ocrx_word' id='word_1_120' title='bbox 1267 1003 1345 1054; x_wconf 92' lang='grc' dir='ltr'><strong>Μ.</strong></span> <span class='ocrx_word' id='word_1_121' title='bbox 1368 1003 1648 1070; x_wconf 76' lang='lat' dir='ltr'><strong>Pacilius,</strong></span> <span class='ocrx_word' id='word_1_122' title='bbox 1679 1006 1831 1056; x_wconf 88' lang='lat' dir='ltr'><strong>homo</strong></span> <span class='ocrx_word' id='word_1_123' title='bbox 1867 1023 2022 1072; x_wconf 82' lang='lat' dir='ltr'><strong>egens</strong></span> <span class='ocrx_word' id='word_1_124' title='bbox 2053 1017 2102 1058; x_wconf 87' lang='lat' dir='ltr'><strong>et</strong></span> <span class='ocrx_word' id='word_1_125' title='bbox 2122 1010 2268 1073; x_wconf 81' lang='lat' dir='ltr'><strong>leviS,</strong></span> 
     </span>
     <span class='ocr_line' id='line_1_13' title="bbox 188 1070 2272 1144; baseline 0.002 -20"><span class='ocrx_word' id='word_1_126' title='bbox 188 1070 323 1124; x_wconf 86' lang='lat' dir='ltr'><strong>Osci</strong></span> <span class='ocrx_word' id='word_1_127' title='bbox 342 1073 450 1123; x_wconf 85' lang='lat' dir='ltr'><strong>ludi</strong></span> <span class='ocrx_word' id='word_1_128' title='bbox 470 1073 574 1122; x_wconf 86' lang='lat' dir='ltr'><strong>dati</strong></span> <span class='ocrx_word' id='word_1_129' title='bbox 595 1089 624 1122; x_wconf 85' lang='lat' dir='ltr'><strong>a</strong></span> <span class='ocrx_word' id='word_1_130' title='bbox 644 1073 730 1122; x_wconf 89' lang='lat' dir='ltr'><strong>Cn.</strong></span> <span class='ocrx_word' id='word_1_131' title='bbox 752 1074 993 1139; x_wconf 89' lang='lat' dir='ltr'><strong>Pompeio</strong></span> <span class='ocrx_word' id='word_1_132' title='bbox 1009 1089 1055 1128; x_wconf 85' lang='lat' dir='ltr'><strong>a.</strong></span> <span class='ocrx_word' id='word_1_133' title='bbox 1080 1091 1131 1124; x_wconf 91' lang='lat' dir='ltr'><strong>u.</strong></span> <span class='ocrx_word' id='word_1_134' title='bbox 1148 1090 1191 1124; x_wconf 89' lang='lat' dir='ltr'><strong>c.</strong></span> <span class='ocrx_word' id='word_1_135' title='bbox 1336 1081 1599 1124; x_wconf 86' lang='lat' dir='ltr'><strong>accusator</strong></span> <span class='ocrx_word' id='word_1_136' title='bbox 1609 1074 2272 1144; x_wconf 81' lang='lat' dir='ltr'><strong>StheniiThermitaniap&#39;ud</strong></span> 
     </span>
    </p>
   </div>
   <div class='ocr_carea' id='block_1_4' title="bbox 187 1141 2272 1551">
    <p class='ocr_par' dir='ltr' id='par_1_4' title="bbox 187 1141 2268 1275">
     <span class='ocr_line' id='line_1_14' title="bbox 254 1141 2268 1210; baseline 0.003 -18"><span class='ocrx_word' id='word_1_137' title='bbox 254 1141 375 1194; x_wconf 83' lang='lat'><strong>699.</strong></span> <span class='ocrx_word' id='word_1_138' title='bbox 393 1179 409 1202; x_wconf 89' lang='lat'><strong>,</strong></span> <span class='ocrx_word' id='word_1_139' title='bbox 430 1143 497 1191; x_wconf 82' lang='lat' dir='ltr'><strong>ad</strong></span> <span class='ocrx_word' id='word_1_140' title='bbox 515 1142 635 1196; x_wconf 86' lang='lat' dir='ltr'><strong>fam.</strong></span> <span class='ocrx_word' id='word_1_141' title='bbox 657 1146 707 1207; x_wconf 88' lang='lat'><strong>7,</strong></span> <span class='ocrx_word' id='word_1_142' title='bbox 730 1143 779 1204; x_wconf 88' lang='lat'><strong>1,</strong></span> <span class='ocrx_word' id='word_1_143' title='bbox 801 1142 853 1192; x_wconf 85' lang='lat'><strong>3.</strong></span> <span class='ocrx_word' id='word_1_144' title='bbox 1337 1141 1390 1194; x_wconf 89' lang='lat' dir='ltr'><strong>C.</strong></span> <span class='ocrx_word' id='word_1_145' title='bbox 1412 1144 1622 1193; x_wconf 85' lang='lat' dir='ltr'><strong>Verrem</strong></span> <span class='ocrx_word' id='word_1_146' title='bbox 1641 1179 1657 1205; x_wconf 92' lang='lat'><strong>,</strong></span> <span class='ocrx_word' id='word_1_147' title='bbox 1679 1147 1822 1196; x_wconf 85' lang='lat' dir='ltr'><strong>Verr.</strong></span> <span class='ocrx_word' id='word_1_148' title='bbox 1848 1153 2066 1196; x_wconf 83' lang='lat' dir='ltr'><strong>accusat.</strong></span> <span class='ocrx_word' id='word_1_149' title='bbox 2094 1149 2126 1197; x_wconf 91' lang='lat'><strong>2</strong></span> <span class='ocrx_word' id='word_1_150' title='bbox 2145 1185 2161 1210; x_wconf 95' lang='lat'><strong>,</strong></span> <span class='ocrx_word' id='word_1_151' title='bbox 2183 1147 2268 1208; x_wconf 82' lang='lat'><strong>38,</strong></span> 
     </span>
     <span class='ocr_line' id='line_1_15' title="bbox 187 1209 1817 1275; baseline 0.001 -15"><span class='ocrx_word' id='word_1_152' title='bbox 187 1209 368 1261; x_wconf 83' lang='lat' dir='ltr'><strong>Ostia.</strong></span> <span class='ocrx_word' id='word_1_153' title='bbox 444 1211 527 1260; x_wconf 87' lang='lat' dir='ltr'><strong>Ad</strong></span> <span class='ocrx_word' id='word_1_154' title='bbox 551 1213 735 1262; x_wconf 84' lang='lat' dir='ltr'><strong>ostium</strong></span> <span class='ocrx_word' id='word_1_155' title='bbox 766 1213 964 1262; x_wconf 87' lang='lat' dir='ltr'><strong>Tiberis</strong></span> <span class='ocrx_word' id='word_1_156' title='bbox 996 1213 1195 1262; x_wconf 85' lang='lat' dir='ltr'><strong>colonia</strong></span> <span class='ocrx_word' id='word_1_157' title='bbox 1334 1209 1419 1264; x_wconf 83' lang='lat'><strong>94.</strong></span> <span class='ocrx_word' id='word_1_158' title='bbox 1457 1214 1530 1262; x_wconf 91' lang='lat' dir='ltr'><strong>lb.</strong></span> <span class='ocrx_word' id='word_1_159' title='bbox 1552 1215 1603 1271; x_wconf 82' lang='lat'><strong>2,</strong></span> <span class='ocrx_word' id='word_1_160' title='bbox 1623 1213 1710 1275; x_wconf 83' lang='lat'><strong>40,</strong></span> <span class='ocrx_word' id='word_1_161' title='bbox 1733 1214 1817 1264; x_wconf 87' lang='grc'><strong>98.</strong></span> 
     </span>
    </p>

    <p class='ocr_par' dir='ltr' id='par_1_5' title="bbox 256 1277 2268 1346">
     <span class='ocr_line' id='line_1_16' title="bbox 256 1277 2268 1346; baseline 0.001 -17"><span class='ocrx_word' id='word_1_162' title='bbox 256 1281 474 1329; x_wconf 86' lang='lat' dir='ltr'><strong>deducta</strong></span> <span class='ocrx_word' id='word_1_163' title='bbox 505 1281 568 1329; x_wconf 86' lang='lat' dir='ltr'><strong>ab</strong></span> <span class='ocrx_word' id='word_1_164' title='bbox 597 1283 741 1332; x_wconf 83' lang='lat' dir='ltr'><strong>Anco</strong></span> <span class='ocrx_word' id='word_1_165' title='bbox 769 1297 917 1346; x_wconf 84' lang='lat' dir='ltr'><strong>rege,</strong></span> <span class='ocrx_word' id='word_1_166' title='bbox 958 1282 1023 1330; x_wconf 86' lang='lat' dir='ltr'><strong>de</strong></span> <span class='ocrx_word' id='word_1_167' title='bbox 1058 1297 1100 1334; x_wconf 85' lang='lat' dir='ltr'><strong>r.</strong></span> <span class='ocrx_word' id='word_1_168' title='bbox 1136 1297 1190 1345; x_wconf 89' lang='lat' dir='ltr'><strong>p.</strong></span> <span class='ocrx_word' id='word_1_169' title='bbox 1264 1277 1543 1331; x_wconf 87' lang='lat' dir='ltr'><strong>Paconius</strong></span> <span class='ocrx_word' id='word_1_170' title='bbox 1583 1283 1753 1330; x_wconf 85' lang='lat' dir='ltr'><strong>neseio</strong></span> <span class='ocrx_word' id='word_1_171' title='bbox 1803 1283 1916 1342; x_wconf 86' lang='lat' dir='ltr'><strong>quis</strong></span> <span class='ocrx_word' id='word_1_172' title='bbox 1939 1317 1952 1339; x_wconf 92' lang='lat'><strong>,</strong></span> <span class='ocrx_word' id='word_1_173' title='bbox 2005 1282 2157 1332; x_wconf 84' lang='lat' dir='ltr'><strong>homo</strong></span> <span class='ocrx_word' id='word_1_174' title='bbox 2206 1297 2268 1331; x_wconf 91' lang='lat' dir='ltr'><strong>ne</strong></span> 
     </span>
    </p>

    <p class='ocr_par' dir='ltr' id='par_1_6' title="bbox 255 1348 2272 1414">
     <span class='ocr_line' id='line_1_17' title="bbox 255 1348 2272 1414; baseline 0 -17"><span class='ocrx_word' id='word_1_175' title='bbox 255 1351 304 1410; x_wconf 83' lang='lat'><strong>2,</strong></span> <span class='ocrx_word' id='word_1_176' title='bbox 336 1348 454 1408; x_wconf 85' lang='lat'><strong>3‚5.</strong></span> <span class='ocrx_word' id='word_1_177' title='bbox 492 1349 565 1399; x_wconf 92' lang='lat' dir='ltr'><strong>Ib.</strong></span> <span class='ocrx_word' id='word_1_178' title='bbox 595 1350 646 1411; x_wconf 89' lang='lat'><strong>2,</strong></span> <span class='ocrx_word' id='word_1_179' title='bbox 674 1350 755 1414; x_wconf 89' lang='grc'><strong>18,</strong></span> <span class='ocrx_word' id='word_1_180' title='bbox 788 1349 873 1400; x_wconf 90' lang='grc'><strong>33.</strong></span> <span class='ocrx_word' id='word_1_181' title='bbox 947 1349 1193 1399; x_wconf 85' lang='lat' dir='ltr'><strong>Memora·</strong></span> <span class='ocrx_word' id='word_1_182' title='bbox 1337 1348 1558 1399; x_wconf 83' lang='lat' dir='ltr'><strong>Graecus</strong></span> <span class='ocrx_word' id='word_1_183' title='bbox 1596 1350 1796 1410; x_wconf 86' lang='lat' dir='ltr'><strong>quidem</strong></span> <span class='ocrx_word' id='word_1_184' title='bbox 1841 1364 1902 1398; x_wconf 86' lang='lat' dir='ltr'><strong>ac</strong></span> <span class='ocrx_word' id='word_1_185' title='bbox 1941 1349 2133 1414; x_wconf 82' lang='lat' dir='ltr'><strong>Mysius</strong></span> <span class='ocrx_word' id='word_1_186' title='bbox 2187 1359 2272 1399; x_wconf 87' lang='lat' dir='ltr'><strong>aut</strong></span> 
     </span>
    </p>

    <p class='ocr_par' dir='ltr' id='par_1_7' title="bbox 252 1417 2272 1482">
     <span class='ocr_line' id='line_1_18' title="bbox 252 1417 2272 1482; baseline 0 -16"><span class='ocrx_word' id='word_1_187' title='bbox 252 1426 336 1466; x_wconf 86' lang='lat' dir='ltr'><strong>tur</strong></span> <span class='ocrx_word' id='word_1_188' title='bbox 358 1418 511 1466; x_wconf 84' lang='lat' dir='ltr'><strong>etiam</strong></span> <span class='ocrx_word' id='word_1_189' title='bbox 528 1418 595 1468; x_wconf 83' lang='lat' dir='ltr'><strong>ad</strong></span> <span class='ocrx_word' id='word_1_190' title='bbox 614 1419 734 1470; x_wconf 84' lang='lat' dir='ltr'><strong>fam.</strong></span> <span class='ocrx_word' id='word_1_191' title='bbox 750 1417 802 1482; x_wconf 87' lang='lat'><strong>9,</strong></span> <span class='ocrx_word' id='word_1_192' title='bbox 821 1418 871 1481; x_wconf 84' lang='lat'><strong>6,</strong></span> <span class='ocrx_word' id='word_1_193' title='bbox 898 1419 945 1468; x_wconf 92' lang='lat'><strong>1.</strong></span> <span class='ocrx_word' id='word_1_194' title='bbox 969 1419 1034 1468; x_wconf 85' lang='lat' dir='ltr'><strong>ad</strong></span> <span class='ocrx_word' id='word_1_195' title='bbox 1051 1419 1109 1476; x_wconf 90' lang='lat' dir='ltr'><strong>Q.</strong></span> <span class='ocrx_word' id='word_1_196' title='bbox 1129 1418 1191 1467; x_wconf 83' lang='lat' dir='ltr'><strong>fr.</strong></span> <span class='ocrx_word' id='word_1_197' title='bbox 1335 1417 1505 1480; x_wconf 81' lang='lat' dir='ltr'><strong>Phryx</strong></span> <span class='ocrx_word' id='word_1_198' title='bbox 1523 1417 1693 1480; x_wconf 84' lang='lat' dir='ltr'><strong>potius</strong></span> <span class='ocrx_word' id='word_1_199' title='bbox 1713 1453 1728 1477; x_wconf 93' lang='lat'><strong>,</strong></span> <span class='ocrx_word' id='word_1_200' title='bbox 1771 1417 1858 1480; x_wconf 90' lang='lat' dir='ltr'><strong>qui</strong></span> <span class='ocrx_word' id='word_1_201' title='bbox 1885 1418 2188 1478; x_wconf 82' lang='lat' dir='ltr'><strong>querebatur</strong></span> <span class='ocrx_word' id='word_1_202' title='bbox 2209 1419 2272 1468; x_wconf 88' lang='lat' dir='ltr'><strong>de</strong></span> 
     </span>
    </p>

    <p class='ocr_par' dir='ltr' id='par_1_8' title="bbox 254 1483 2268 1551">
     <span class='ocr_line' id='line_1_19' title="bbox 254 1483 2268 1551; baseline 0 -15"><span class='ocrx_word' id='word_1_203' title='bbox 254 1486 353 1550; x_wconf 79' lang='lat'><strong>2‚5</strong></span> <span class='ocrx_word' id='word_1_204' title='bbox 371 1483 479 1551; x_wconf 85' lang='lat'><strong>(6),</strong></span> <span class='ocrx_word' id='word_1_205' title='bbox 494 1487 545 1538; x_wconf 92' lang='grc'><strong>7.</strong></span> <span class='ocrx_word' id='word_1_206' title='bbox 578 1487 719 1550; x_wconf 87' lang='lat' dir='ltr'><strong>Ib.3,</strong></span> <span class='ocrx_word' id='word_1_207' title='bbox 742 1488 793 1545; x_wconf 87' lang='lat'><strong>2,</strong></span> <span class='ocrx_word' id='word_1_208' title='bbox 822 1484 1194 1537; x_wconf 85' lang='lat' dir='ltr'><strong>l.-—Ostiense</strong></span> <span class='ocrx_word' id='word_1_209' title='bbox 1338 1485 1396 1543; x_wconf 85' lang='lat' dir='ltr'><strong>Q.</strong></span> <span class='ocrx_word' id='word_1_210' title='bbox 1443 1485 1684 1535; x_wconf 82' lang='lat' dir='ltr'><strong>Cicerone</strong></span> <span class='ocrx_word' id='word_1_211' title='bbox 1707 1521 1722 1544; x_wconf 90' lang='lat'><strong>,</strong></span> <span class='ocrx_word' id='word_1_212' title='bbox 1759 1486 1824 1534; x_wconf 84' lang='lat' dir='ltr'><strong>ad</strong></span> <span class='ocrx_word' id='word_1_213' title='bbox 1843 1485 1900 1544; x_wconf 91' lang='lat' dir='ltr'><strong>Q.</strong></span> <span class='ocrx_word' id='word_1_214' title='bbox 1929 1485 1991 1535; x_wconf 82' lang='lat' dir='ltr'><strong>fr.</strong></span> <span class='ocrx_word' id='word_1_215' title='bbox 2018 1485 2043 1534; x_wconf 96' lang='lat' dir='ltr'>l</span> <span class='ocrx_word' id='word_1_216' title='bbox 2062 1523 2078 1551; x_wconf 90' lang='lat'><strong><em>‚</em></strong></span> <span class='ocrx_word' id='word_1_217' title='bbox 2121 1486 2177 1546; x_wconf 88' lang='lat'><strong>1,</strong></span> <span class='ocrx_word' id='word_1_218' title='bbox 2213 1486 2268 1536; x_wconf 86' lang='grc'><strong>6.</strong></span> 
     </span>
    </p>
   </div>
   <div class='ocr_carea' id='block_1_5' title="bbox 184 1553 2271 2303">
    <p class='ocr_par' dir='ltr' id='par_1_9' title="bbox 252 1553 1490 1620">
     <span class='ocr_line' id='line_1_20' title="bbox 252 1553 1490 1620; baseline -0.002 -16"><span class='ocrx_word' id='word_1_219' title='bbox 252 1555 810 1618; x_wconf 82' lang='lat' dir='ltr'><strong>incommodum,quum</strong></span> <span class='ocrx_word' id='word_1_220' title='bbox 830 1556 1009 1606; x_wconf 88' lang='lat' dir='ltr'><strong>classis</strong></span> <span class='ocrx_word' id='word_1_221' title='bbox 1025 1556 1192 1620; x_wconf 89' lang='lat' dir='ltr'><strong>ea,cui</strong></span> <span class='ocrx_word' id='word_1_222' title='bbox 1332 1556 1382 1617; x_wconf 71' lang='grc'><strong>5.</strong></span> <span class='ocrx_word' id='word_1_223' title='bbox 1410 1553 1490 1604; x_wconf 88' lang='grc'><strong>19.</strong></span> 
     </span>
    </p>

    <p class='ocr_par' dir='ltr' id='par_1_10' title="bbox 256 1619 2270 1690">
     <span class='ocr_line' id='line_1_21' title="bbox 256 1619 2270 1690; baseline -0 -17"><span class='ocrx_word' id='word_1_224' title='bbox 256 1624 435 1674; x_wconf 85' lang='lat' dir='ltr'><strong>consul</strong></span> <span class='ocrx_word' id='word_1_225' title='bbox 475 1625 657 1690; x_wconf 84' lang='lat' dir='ltr'><strong>populi</strong></span> <span class='ocrx_word' id='word_1_226' title='bbox 689 1626 837 1674; x_wconf 87' lang='lat' dir='ltr'><strong>Rom.</strong></span> <span class='ocrx_word' id='word_1_227' title='bbox 866 1625 1190 1689; x_wconf 84' lang='lat' dir='ltr'><strong>praepositus</strong></span> <span class='ocrx_word' id='word_1_228' title='bbox 1260 1623 1339 1673; x_wconf 84' lang='lat' dir='ltr'><strong>M.</strong></span> <span class='ocrx_word' id='word_1_229' title='bbox 1370 1619 1680 1683; x_wconf 85' lang='lat' dir='ltr'><strong>Paconius,</strong></span> <span class='ocrx_word' id='word_1_230' title='bbox 1722 1637 1876 1684; x_wconf 88' lang='lat' dir='ltr'><strong>eques</strong></span> <span class='ocrx_word' id='word_1_231' title='bbox 1908 1623 2086 1682; x_wconf 68' lang='lat' dir='ltr'><strong>Rom„</strong></span> <span class='ocrx_word' id='word_1_232' title='bbox 2116 1638 2270 1672; x_wconf 83' lang='lat' dir='ltr'><strong>vexa-</strong></span> 
     </span>
    </p>

    <p class='ocr_par' dir='ltr' id='par_1_11' title="bbox 256 1690 2268 1758">
     <span class='ocr_line' id='line_1_22' title="bbox 256 1690 2268 1758; baseline 0 -17"><span class='ocrx_word' id='word_1_233' title='bbox 256 1700 413 1756; x_wconf 83' lang='lat' dir='ltr'><strong>esset,</strong></span> <span class='ocrx_word' id='word_1_234' title='bbox 429 1707 459 1741; x_wconf 84' lang='lat' dir='ltr'><strong>a</strong></span> <span class='ocrx_word' id='word_1_235' title='bbox 476 1693 817 1758; x_wconf 88' lang='lat' dir='ltr'><strong>praedonibus</strong></span> <span class='ocrx_word' id='word_1_236' title='bbox 836 1691 1189 1743; x_wconf 86' lang='lat' dir='ltr'><strong>Ciliciensibus</strong></span> <span class='ocrx_word' id='word_1_237' title='bbox 1329 1698 1412 1739; x_wconf 86' lang='lat' dir='ltr'><strong>tus</strong></span> <span class='ocrx_word' id='word_1_238' title='bbox 1438 1705 1469 1739; x_wconf 84' lang='lat' dir='ltr'><strong>a</strong></span> <span class='ocrx_word' id='word_1_239' title='bbox 1504 1690 1560 1738; x_wconf 90' lang='lat' dir='ltr'><strong>P.</strong></span> <span class='ocrx_word' id='word_1_240' title='bbox 1597 1690 1776 1742; x_wconf 87' lang='lat' dir='ltr'><strong>Clodio</strong></span> <span class='ocrx_word' id='word_1_241' title='bbox 1795 1729 1808 1756; x_wconf 90' lang='lat'>‚</span> <span class='ocrx_word' id='word_1_242' title='bbox 1852 1705 1944 1755; x_wconf 90' lang='lat' dir='ltr'><strong>pro</strong></span> <span class='ocrx_word' id='word_1_243' title='bbox 1965 1691 2154 1742; x_wconf 88' lang='lat' dir='ltr'><strong>Milone</strong></span> <span class='ocrx_word' id='word_1_244' title='bbox 2185 1693 2268 1753; x_wconf 85' lang='lat'><strong>27,</strong></span> 
     </span>
    </p>

    <p class='ocr_par' dir='ltr' id='par_1_12' title="bbox 254 1760 1414 1827">
     <span class='ocr_line' id='line_1_23' title="bbox 254 1760 1414 1827; baseline -0.003 -16"><span class='ocrx_word' id='word_1_245' title='bbox 254 1768 403 1825; x_wconf 84' lang='lat' dir='ltr'><strong>capta</strong></span> <span class='ocrx_word' id='word_1_246' title='bbox 422 1769 571 1825; x_wconf 83' lang='lat' dir='ltr'><strong>atque</strong></span> <span class='ocrx_word' id='word_1_247' title='bbox 598 1777 843 1827; x_wconf 86' lang='lat' dir='ltr'><strong>oppressa</strong></span> <span class='ocrx_word' id='word_1_248' title='bbox 863 1772 955 1826; x_wconf 90' lang='lat' dir='ltr'><strong>est,</strong></span> <span class='ocrx_word' id='word_1_249' title='bbox 981 1763 1043 1811; x_wconf 88' lang='lat' dir='ltr'><strong>de</strong></span> <span class='ocrx_word' id='word_1_250' title='bbox 1064 1763 1188 1826; x_wconf 87' lang='lat' dir='ltr'><strong>imp.</strong></span> <span class='ocrx_word' id='word_1_251' title='bbox 1332 1760 1414 1808; x_wconf 88' lang='grc'><strong>74.</strong></span> 
     </span>
    </p>

    <p class='ocr_par' dir='ltr' id='par_1_13' title="bbox 255 1826 2267 1895">
     <span class='ocr_line' id='line_1_24' title="bbox 255 1826 2267 1895; baseline -0 -15"><span class='ocrx_word' id='word_1_252' title='bbox 255 1828 343 1880; x_wconf 87' lang='lat' dir='ltr'><strong>Gn.</strong></span> <span class='ocrx_word' id='word_1_253' title='bbox 375 1829 551 1895; x_wconf 82' lang='lat' dir='ltr'><strong>Pomp.</strong></span> <span class='ocrx_word' id='word_1_254' title='bbox 582 1832 663 1895; x_wconf 85' lang='lat'><strong>12,</strong></span> <span class='ocrx_word' id='word_1_255' title='bbox 702 1831 787 1882; x_wconf 85' lang='lat'><strong>33.</strong></span> <span class='ocrx_word' id='word_1_256' title='bbox 830 1859 901 1869; x_wconf 88' lang='lat'><em>—</em></span> <span class='ocrx_word' id='word_1_257' title='bbox 938 1829 1189 1880; x_wconf 86' lang='lat' dir='ltr'><strong>Ostiensis</strong></span> <span class='ocrx_word' id='word_1_258' title='bbox 1261 1827 1543 1888; x_wconf 84' lang='lat' dir='ltr'><strong>Pacorus,</strong></span> <span class='ocrx_word' id='word_1_259' title='bbox 1584 1826 1756 1889; x_wconf 85' lang='lat' dir='ltr'><strong>Orodi,</strong></span> <span class='ocrx_word' id='word_1_260' title='bbox 1795 1831 1932 1894; x_wconf 82' lang='lat' dir='ltr'><strong>regis</strong></span> <span class='ocrx_word' id='word_1_261' title='bbox 1952 1830 2267 1893; x_wconf 80' lang='lat' dir='ltr'><strong>Parthorum,</strong></span> 
     </span>
    </p>

    <p class='ocr_par' dir='ltr' id='par_1_14' title="bbox 252 1897 2271 1967">
     <span class='ocr_line' id='line_1_25' title="bbox 252 1897 2271 1967; baseline 0 -19"><span class='ocrx_word' id='word_1_262' title='bbox 252 1901 545 1965; x_wconf 85' lang='lat' dir='ltr'><strong>provincia,</strong></span> <span class='ocrx_word' id='word_1_263' title='bbox 574 1908 795 1951; x_wconf 83' lang='lat' dir='ltr'><strong>nontam</strong></span> <span class='ocrx_word' id='word_1_264' title='bbox 816 1901 1040 1967; x_wconf 82' lang='lat' dir='ltr'><strong>gratiosa</strong></span> <span class='ocrx_word' id='word_1_265' title='bbox 1060 1907 1109 1951; x_wconf 90' lang='lat' dir='ltr'><strong>et</strong></span> <span class='ocrx_word' id='word_1_266' title='bbox 1126 1901 1189 1950; x_wconf 87' lang='lat' dir='ltr'><strong>il·</strong></span> <span class='ocrx_word' id='word_1_267' title='bbox 1263 1921 1274 1931; x_wconf 90' lang='lat'><strong>·</strong></span> <span class='ocrx_word' id='word_1_268' title='bbox 1331 1897 1495 1960; x_wconf 84' lang='lat' dir='ltr'><strong>filius,</strong></span> <span class='ocrx_word' id='word_1_269' title='bbox 1543 1911 1590 1947; x_wconf 84' lang='lat' dir='ltr'><strong>a.</strong></span> <span class='ocrx_word' id='word_1_270' title='bbox 1625 1913 1676 1945; x_wconf 88' lang='lat' dir='ltr'><strong>u.</strong></span> <span class='ocrx_word' id='word_1_271' title='bbox 1725 1912 1770 1950; x_wconf 90' lang='lat' dir='ltr'><strong>c.</strong></span> <span class='ocrx_word' id='word_1_272' title='bbox 1807 1897 1925 1949; x_wconf 88' lang='lat'><strong>703.</strong></span> <span class='ocrx_word' id='word_1_273' title='bbox 1966 1897 2271 1963; x_wconf 80' lang='lat' dir='ltr'><strong>Euphratem</strong></span> 
     </span>
    </p>

    <p class='ocr_par' dir='ltr' id='par_1_15' title="bbox 252 1966 2266 2035">
     <span class='ocr_line' id='line_1_26' title="bbox 252 1966 2266 2035; baseline -0.001 -18"><span class='ocrx_word' id='word_1_274' title='bbox 252 1969 427 2018; x_wconf 83' lang='lat' dir='ltr'><strong>lustris</strong></span> <span class='ocrx_word' id='word_1_275' title='bbox 452 1984 600 2031; x_wconf 84' lang='lat' dir='ltr'><strong>quam</strong></span> <span class='ocrx_word' id='word_1_276' title='bbox 616 1971 879 2035; x_wconf 81' lang='lat' dir='ltr'><strong>negotiosa</strong></span> <span class='ocrx_word' id='word_1_277' title='bbox 894 1976 942 2019; x_wconf 89' lang='lat' dir='ltr'><strong>et</strong></span> <span class='ocrx_word' id='word_1_278' title='bbox 956 1970 1189 2031; x_wconf 84' lang='lat' dir='ltr'><strong>molesta,</strong></span> <span class='ocrx_word' id='word_1_279' title='bbox 1335 1966 1536 2016; x_wconf 86' lang='lat' dir='ltr'><strong>transiit</strong></span> <span class='ocrx_word' id='word_1_280' title='bbox 1554 1967 1744 2015; x_wconf 79' lang='lat' dir='ltr'><strong>eunetis</strong></span> <span class='ocrx_word' id='word_1_281' title='bbox 1765 1966 1871 2015; x_wconf 78' lang='lat' dir='ltr'><strong>fere</strong></span> <span class='ocrx_word' id='word_1_282' title='bbox 1891 1970 2070 2031; x_wconf 87' lang='lat' dir='ltr'><strong>copiis,</strong></span> <span class='ocrx_word' id='word_1_283' title='bbox 2085 1967 2151 2017; x_wconf 88' lang='lat' dir='ltr'><strong>ad</strong></span> <span class='ocrx_word' id='word_1_284' title='bbox 2163 1968 2266 2017; x_wconf 74' lang='lat' dir='ltr'><strong>Aa.</strong></span> 
     </span>
    </p>

    <p class='ocr_par' dir='ltr' id='par_1_16' title="bbox 184 2033 2271 2169">
     <span class='ocr_line' id='line_1_27' title="bbox 251 2033 2271 2103; baseline 0 -17"><span class='ocrx_word' id='word_1_285' title='bbox 251 2053 346 2103; x_wconf 89' lang='lat' dir='ltr'><strong>pro</strong></span> <span class='ocrx_word' id='word_1_286' title='bbox 377 2036 581 2087; x_wconf 84' lang='lat' dir='ltr'><strong>Murena</strong></span> <span class='ocrx_word' id='word_1_287' title='bbox 600 2038 650 2101; x_wconf 91' lang='lat'><strong>8,</strong></span> <span class='ocrx_word' id='word_1_288' title='bbox 674 2038 756 2090; x_wconf 90' lang='lat'><strong>18.</strong></span> <span class='ocrx_word' id='word_1_289' title='bbox 1336 2037 1387 2095; x_wconf 92' lang='lat'><strong>5,</strong></span> <span class='ocrx_word' id='word_1_290' title='bbox 1422 2034 1505 2098; x_wconf 88' lang='lat'><strong>18,</strong></span> <span class='ocrx_word' id='word_1_291' title='bbox 1538 2034 1588 2087; x_wconf 94' lang='lat'><strong>1.</strong></span> <span class='ocrx_word' id='word_1_292' title='bbox 1629 2035 1696 2084; x_wconf 82' lang='lat' dir='ltr'><strong>ad</strong></span> <span class='ocrx_word' id='word_1_293' title='bbox 1729 2033 1853 2083; x_wconf 82' lang='lat' dir='ltr'><strong>fam.</strong></span> <span class='ocrx_word' id='word_1_294' title='bbox 1879 2034 1971 2092; x_wconf 86' lang='lat'><strong>15,</strong></span> <span class='ocrx_word' id='word_1_295' title='bbox 2010 2037 2069 2099; x_wconf 90' lang='lat'><strong>1,</strong></span> <span class='ocrx_word' id='word_1_296' title='bbox 2108 2036 2158 2088; x_wconf 88' lang='lat'><strong>2.</strong></span> <span class='ocrx_word' id='word_1_297' title='bbox 2200 2063 2271 2074; x_wconf 90' lang='lat'><strong>-—</strong></span> 
     </span>
     <span class='ocr_line' id='line_1_28' title="bbox 184 2103 2270 2169; baseline -0.001 -12"><span class='ocrx_word' id='word_1_298' title='bbox 184 2106 286 2157; x_wconf 81' lang='lat' dir='ltr'><strong>Gn.</strong></span> <span class='ocrx_word' id='word_1_299' title='bbox 311 2104 591 2157; x_wconf 79' lang='lat' dir='ltr'><strong>Otacilius</strong></span> <span class='ocrx_word' id='word_1_300' title='bbox 628 2106 779 2157; x_wconf 85' lang='lat' dir='ltr'><strong>Naso</strong></span> <span class='ocrx_word' id='word_1_301' title='bbox 812 2109 1195 2158; x_wconf 85' lang='lat' dir='ltr'><strong>commendatur</strong></span> <span class='ocrx_word' id='word_1_302' title='bbox 1337 2104 1463 2155; x_wconf 86' lang='lat' dir='ltr'><strong>Cum</strong></span> <span class='ocrx_word' id='word_1_303' title='bbox 1483 2117 1542 2151; x_wconf 89' lang='lat' dir='ltr'><strong>eo</strong></span> <span class='ocrx_word' id='word_1_304' title='bbox 1561 2110 1720 2169; x_wconf 83' lang='lat' dir='ltr'><strong>nupta</strong></span> <span class='ocrx_word' id='word_1_305' title='bbox 1739 2112 1842 2153; x_wconf 83' lang='lat' dir='ltr'><strong>erat</strong></span> <span class='ocrx_word' id='word_1_306' title='bbox 1861 2103 2168 2163; x_wconf 80' lang='lat' dir='ltr'><strong>Artuasdae,</strong></span> <span class='ocrx_word' id='word_1_307' title='bbox 2190 2120 2270 2154; x_wconf 85' lang='lat' dir='ltr'><strong>re-</strong></span> 
     </span>
    </p>

    <p class='ocr_par' dir='ltr' id='par_1_17' title="bbox 186 2173 2270 2303">
     <span class='ocr_line' id='line_1_29' title="bbox 252 2173 2268 2238; baseline -0.001 -13"><span class='ocrx_word' id='word_1_308' title='bbox 252 2176 438 2237; x_wconf 75' lang='lat' dir='ltr'><strong>Acilio,</strong></span> <span class='ocrx_word' id='word_1_309' title='bbox 462 2176 529 2225; x_wconf 84' lang='lat' dir='ltr'><strong>ad</strong></span> <span class='ocrx_word' id='word_1_310' title='bbox 551 2175 673 2224; x_wconf 78' lang='lat' dir='ltr'><strong>fam.</strong></span> <span class='ocrx_word' id='word_1_311' title='bbox 693 2175 775 2238; x_wconf 86' lang='lat'><strong>13,</strong></span> <span class='ocrx_word' id='word_1_312' title='bbox 798 2176 883 2230; x_wconf 84' lang='lat'><strong>33.</strong></span> <span class='ocrx_word' id='word_1_313' title='bbox 1371 2176 1415 2223; x_wconf 87' lang='lat' dir='ltr'><strong>is</strong></span> <span class='ocrx_word' id='word_1_314' title='bbox 1435 2174 1786 2223; x_wconf 85' lang='lat' dir='ltr'><strong>Armeniorum</strong></span> <span class='ocrx_word' id='word_1_315' title='bbox 1801 2207 1818 2235; x_wconf 92' lang='lat'>‚</span> <span class='ocrx_word' id='word_1_316' title='bbox 1857 2186 2000 2222; x_wconf 87' lang='lat' dir='ltr'><strong>soror</strong></span> <span class='ocrx_word' id='word_1_317' title='bbox 2016 2211 2030 2234; x_wconf 92' lang='lat'>‚</span> <span class='ocrx_word' id='word_1_318' title='bbox 2065 2173 2141 2223; x_wconf 88' lang='lat' dir='ltr'><strong>lb.</strong></span> <span class='ocrx_word' id='word_1_319' title='bbox 2185 2173 2268 2234; x_wconf 88' lang='lat'><strong>15,</strong></span> 
     </span>
     <span class='ocr_line' id='line_1_30' title="bbox 186 2240 2270 2303; baseline -0.003 -7"><span class='ocrx_word' id='word_1_320' title='bbox 186 2242 359 2296; x_wconf 83' lang='lat' dir='ltr'><strong>Otho.</strong></span> <span class='ocrx_word' id='word_1_321' title='bbox 404 2241 729 2294; x_wconf 83' lang='lat' dir='ltr'><strong>V.Roscius</strong></span> <span class='ocrx_word' id='word_1_322' title='bbox 744 2240 916 2294; x_wconf 87' lang='lat' dir='ltr'><strong>Otho.</strong></span> <span class='ocrx_word' id='word_1_323' title='bbox 1373 2281 1386 2303; x_wconf 93' lang='lat'>‚</span> <span class='ocrx_word' id='word_1_324' title='bbox 1429 2241 1474 2293; x_wconf 92' lang='lat'><strong>1.</strong></span> <span class='ocrx_word' id='word_1_325' title='bbox 1509 2268 1578 2277; x_wconf 91' lang='lat'><strong>—-</strong></span> <span class='ocrx_word' id='word_1_326' title='bbox 1619 2242 1837 2291; x_wconf 85' lang='lat' dir='ltr'><strong>Pacorus</strong></span> <span class='ocrx_word' id='word_1_327' title='bbox 1851 2240 2070 2291; x_wconf 87' lang='lat' dir='ltr'><strong>Parthus</strong></span> <span class='ocrx_word' id='word_1_328' title='bbox 2095 2242 2270 2291; x_wconf 87' lang='lat' dir='ltr'><strong>Veteri</strong></span> 
     </span>
    </p>
   </div>
   <div class='ocr_carea' id='block_1_6' title="bbox 187 2309 2269 2447">
    <p class='ocr_par' dir='ltr' id='par_1_18' title="bbox 187 2309 2269 2447">
     <span class='ocr_line' id='line_1_31' title="bbox 187 2309 2269 2376; baseline -0.002 -13"><span class='ocrx_word' id='word_1_329' title='bbox 187 2311 361 2374; x_wconf 81' lang='lat' dir='ltr'><strong>Ovia,</strong></span> <span class='ocrx_word' id='word_1_330' title='bbox 405 2310 463 2360; x_wconf 88' lang='lat' dir='ltr'><strong>C.</strong></span> <span class='ocrx_word' id='word_1_331' title='bbox 501 2310 652 2360; x_wconf 90' lang='lat' dir='ltr'><strong>Lollii</strong></span> <span class='ocrx_word' id='word_1_332' title='bbox 684 2327 841 2371; x_wconf 88' lang='lat' dir='ltr'><strong>uxor,</strong></span> <span class='ocrx_word' id='word_1_333' title='bbox 880 2312 947 2361; x_wconf 87' lang='lat' dir='ltr'><strong>ad</strong></span> <span class='ocrx_word' id='word_1_334' title='bbox 978 2312 1084 2365; x_wconf 67' lang='lat' dir='ltr'><strong>Aa:</strong></span> <span class='ocrx_word' id='word_1_335' title='bbox 1108 2315 1192 2375; x_wconf 91' lang='grc'><strong>12,</strong></span> <span class='ocrx_word' id='word_1_336' title='bbox 1333 2310 1554 2360; x_wconf 83' lang='lat' dir='ltr'><strong>Antistio</strong></span> <span class='ocrx_word' id='word_1_337' title='bbox 1604 2311 1789 2376; x_wconf 83' lang='lat' dir='ltr'><strong>eripuit</strong></span> <span class='ocrx_word' id='word_1_338' title='bbox 1834 2309 2108 2360; x_wconf 86' lang='lat' dir='ltr'><strong>Caecilium</strong></span> <span class='ocrx_word' id='word_1_339' title='bbox 2144 2310 2269 2358; x_wconf 88' lang='lat' dir='ltr'><strong>Bas-</strong></span> 
     </span>
     <span class='ocr_line' id='line_1_32' title="bbox 254 2380 2266 2447; baseline -0.003 -15"><span class='ocrx_word' id='word_1_340' title='bbox 254 2382 339 2443; x_wconf 90' lang='lat'><strong>21,</strong></span> <span class='ocrx_word' id='word_1_341' title='bbox 360 2384 413 2431; x_wconf 89' lang='lat'><strong>4.</strong></span> <span class='ocrx_word' id='word_1_342' title='bbox 470 2381 545 2432; x_wconf 89' lang='lat' dir='ltr'><strong>lb.</strong></span> <span class='ocrx_word' id='word_1_343' title='bbox 570 2380 650 2440; x_wconf 88' lang='lat'><strong>12,</strong></span> <span class='ocrx_word' id='word_1_344' title='bbox 678 2382 762 2443; x_wconf 91' lang='grc'><strong>24,</strong></span> <span class='ocrx_word' id='word_1_345' title='bbox 791 2380 839 2429; x_wconf 89' lang='lat'><strong>1.</strong></span> <span class='ocrx_word' id='word_1_346' title='bbox 899 2381 975 2433; x_wconf 91' lang='lat' dir='ltr'><strong>Ib.</strong></span> <span class='ocrx_word' id='word_1_347' title='bbox 1005 2382 1085 2447; x_wconf 91' lang='lat'><strong>12,</strong></span> <span class='ocrx_word' id='word_1_348' title='bbox 1110 2380 1195 2441; x_wconf 86' lang='lat'><strong>30,</strong></span> <span class='ocrx_word' id='word_1_349' title='bbox 1337 2394 1450 2429; x_wconf 87' lang='lat' dir='ltr'><strong>sum</strong></span> <span class='ocrx_word' id='word_1_350' title='bbox 1480 2380 1544 2428; x_wconf 86' lang='lat' dir='ltr'><strong>ab</strong></span> <span class='ocrx_word' id='word_1_351' title='bbox 1574 2394 1632 2429; x_wconf 92' lang='lat' dir='ltr'><strong>eo</strong></span> <span class='ocrx_word' id='word_1_352' title='bbox 1656 2382 2046 2428; x_wconf 85' lang='lat' dir='ltr'><strong>circumsessum</strong></span> <span class='ocrx_word' id='word_1_353' title='bbox 2075 2392 2124 2430; x_wconf 82' lang='lat' dir='ltr'><strong>a.</strong></span> <span class='ocrx_word' id='word_1_354' title='bbox 2147 2392 2199 2429; x_wconf 87' lang='lat' dir='ltr'><strong>u.</strong></span> <span class='ocrx_word' id='word_1_355' title='bbox 2224 2393 2266 2425; x_wconf 89' lang='lat' dir='ltr'><strong>c.</strong></span> 
     </span>
    </p>
   </div>
   <div class='ocr_carea' id='block_1_7' title="bbox 184 2446 2273 2717">
    <p class='ocr_par' dir='ltr' id='par_1_19' title="bbox 184 2446 2273 2717">
     <span class='ocr_line' id='line_1_33' title="bbox 255 2446 1921 2510; baseline -0.001 -10"><span class='ocrx_word' id='word_1_356' title='bbox 255 2452 305 2500; x_wconf 81' lang='grc'><strong>2.</strong></span> <span class='ocrx_word' id='word_1_357' title='bbox 367 2451 442 2501; x_wconf 86' lang='lat' dir='ltr'><strong>Ib.</strong></span> <span class='ocrx_word' id='word_1_358' title='bbox 476 2448 561 2510; x_wconf 88' lang='lat'><strong>13,</strong></span> <span class='ocrx_word' id='word_1_359' title='bbox 581 2450 669 2508; x_wconf 88' lang='grc'><strong>22,</strong></span> <span class='ocrx_word' id='word_1_360' title='bbox 688 2451 740 2501; x_wconf 88' lang='grc'><strong>4.</strong></span> <span class='ocrx_word' id='word_1_361' title='bbox 1338 2447 1668 2505; x_wconf 80' lang='lat' dir='ltr'><strong>710.,ad,Att.</strong></span> <span class='ocrx_word' id='word_1_362' title='bbox 1692 2448 1777 2507; x_wconf 88' lang='lat'><strong>14,</strong></span> <span class='ocrx_word' id='word_1_363' title='bbox 1798 2446 1849 2509; x_wconf 86' lang='lat'><strong>9,</strong></span> <span class='ocrx_word' id='word_1_364' title='bbox 1871 2446 1921 2499; x_wconf 87' lang='grc'><strong>3.</strong></span> 
     </span>
     <span class='ocr_line' id='line_1_34' title="bbox 187 2513 2273 2578; baseline -0.003 -8"><span class='ocrx_word' id='word_1_365' title='bbox 187 2516 325 2570; x_wconf 81' lang='lat' dir='ltr'><strong>Ovii</strong></span> <span class='ocrx_word' id='word_1_366' title='bbox 359 2518 673 2578; x_wconf 83' lang='lat' dir='ltr'><strong>Mamertini,</strong></span> <span class='ocrx_word' id='word_1_367' title='bbox 712 2518 917 2567; x_wconf 83' lang='lat' dir='ltr'><strong>civitate</strong></span> <span class='ocrx_word' id='word_1_368' title='bbox 960 2519 1133 2568; x_wconf 83' lang='lat' dir='ltr'><strong>donati</strong></span> <span class='ocrx_word' id='word_1_369' title='bbox 1168 2534 1199 2569; x_wconf 86' lang='lat' dir='ltr'><strong>a</strong></span> <span class='ocrx_word' id='word_1_370' title='bbox 1267 2514 1346 2567; x_wconf 89' lang='grc' dir='ltr'><strong>Μ.</strong></span> <span class='ocrx_word' id='word_1_371' title='bbox 1403 2513 1686 2566; x_wconf 79' lang='lat' dir='ltr'><strong>Pacuvius</strong></span> <span class='ocrx_word' id='word_1_372' title='bbox 1733 2515 2070 2565; x_wconf 85' lang='lat' dir='ltr'><strong>Brundisinus</strong></span> <span class='ocrx_word' id='word_1_373' title='bbox 2121 2514 2273 2564; x_wconf 87' lang='lat' dir='ltr'><strong>Ennii</strong></span> 
     </span>
     <span class='ocr_line' id='line_1_35' title="bbox 256 2582 2269 2660; baseline -0.001 -24"><span class='ocrx_word' id='word_1_374' title='bbox 256 2586 347 2636; x_wconf 87' lang='lat' dir='ltr'><strong>Cn.</strong></span> <span class='ocrx_word' id='word_1_375' title='bbox 370 2588 635 2652; x_wconf 88' lang='lat' dir='ltr'><strong>Pompeio,</strong></span> <span class='ocrx_word' id='word_1_376' title='bbox 673 2602 766 2651; x_wconf 88' lang='lat' dir='ltr'><strong>pro</strong></span> <span class='ocrx_word' id='word_1_377' title='bbox 787 2585 947 2638; x_wconf 85' lang='lat' dir='ltr'><strong>Balbo</strong></span> <span class='ocrx_word' id='word_1_378' title='bbox 968 2588 1053 2649; x_wconf 88' lang='lat'><strong>22,</strong></span> <span class='ocrx_word' id='word_1_379' title='bbox 1068 2586 1159 2637; x_wconf 86' lang='grc'><strong>51.</strong></span> <span class='ocrx_word' id='word_1_380' title='bbox 1336 2598 1496 2649; x_wconf 86' lang='lat' dir='ltr'><strong>nepos</strong></span> <span class='ocrx_word' id='word_1_381' title='bbox 1531 2599 1597 2633; x_wconf 85' lang='lat' dir='ltr'><strong>ex</strong></span> <span class='ocrx_word' id='word_1_382' title='bbox 1624 2599 1822 2660; x_wconf 75' lang='lat' dir='ltr'><strong>sorore,</strong></span> <span class='ocrx_word' id='word_1_383' title='bbox 1857 2585 2008 2649; x_wconf 68' lang='lat' dir='ltr'><strong>poeta</strong></span> <span class='ocrx_word' id='word_1_384' title='bbox 2027 2582 2269 2647; x_wconf 80' lang='lat' dir='ltr'><strong>tragicus,</strong></span> 
     </span>
     <span class='ocr_line' id='line_1_36' title="bbox 184 2652 2272 2717; baseline -0.001 -12"><span class='ocrx_word' id='word_1_385' title='bbox 184 2654 366 2706; x_wconf 78' lang='lat' dir='ltr'><strong>Ovius</strong></span> <span class='ocrx_word' id='word_1_386' title='bbox 382 2691 396 2716; x_wconf 88' lang='lat'><strong>,</strong></span> <span class='ocrx_word' id='word_1_387' title='bbox 420 2656 485 2705; x_wconf 90' lang='lat' dir='ltr'><strong>ad</strong></span> <span class='ocrx_word' id='word_1_388' title='bbox 512 2658 617 2710; x_wconf 72' lang='lat' dir='ltr'><strong>Aa.</strong></span> <span class='ocrx_word' id='word_1_389' title='bbox 646 2656 726 2717; x_wconf 89' lang='lat'><strong>16,</strong></span> <span class='ocrx_word' id='word_1_390' title='bbox 751 2656 801 2715; x_wconf 90' lang='lat'><strong>1,</strong></span> <span class='ocrx_word' id='word_1_391' title='bbox 822 2655 873 2707; x_wconf 87' lang='grc'><strong>5.</strong></span> <span class='ocrx_word' id='word_1_392' title='bbox 1338 2679 1408 2689; x_wconf 90' lang='grc'><strong>-</strong></span> <span class='ocrx_word' id='word_1_393' title='bbox 1424 2652 1613 2702; x_wconf 84' lang='lat' dir='ltr'><strong>Accius</strong></span> <span class='ocrx_word' id='word_1_394' title='bbox 1643 2654 1827 2704; x_wconf 86' lang='lat' dir='ltr'><strong>iisdem</strong></span> <span class='ocrx_word' id='word_1_395' title='bbox 1851 2653 2100 2703; x_wconf 85' lang='lat' dir='ltr'><strong>aedilibus</strong></span> <span class='ocrx_word' id='word_1_396' title='bbox 2121 2654 2190 2703; x_wconf 85' lang='lat' dir='ltr'><strong>ait</strong></span> <span class='ocrx_word' id='word_1_397' title='bbox 2215 2668 2272 2703; x_wconf 90' lang='lat' dir='ltr'><strong>se</strong></span> 
     </span>
    </p>
   </div>
   <div class='ocr_carea' id='block_1_8' title="bbox 181 2721 2274 2924">
    <p class='ocr_par' dir='ltr' id='par_1_20' title="bbox 181 2721 2274 2924">
     <span class='ocr_line' id='line_1_37' title="bbox 1339 2721 2268 2782; baseline 0.003 -13"><span class='ocrx_word' id='word_1_398' title='bbox 1339 2728 1388 2770; x_wconf 91' lang='lat' dir='ltr'><strong>et</strong></span> <span class='ocrx_word' id='word_1_399' title='bbox 1434 2721 1710 2773; x_wconf 85' lang='lat' dir='ltr'><strong>Pacuvium</strong></span> <span class='ocrx_word' id='word_1_400' title='bbox 1747 2724 1982 2773; x_wconf 85' lang='lat' dir='ltr'><strong>docuisse</strong></span> <span class='ocrx_word' id='word_1_401' title='bbox 2025 2722 2268 2782; x_wconf 80' lang='lat' dir='ltr'><strong>fabulam,</strong></span> 
     </span>
     <span class='ocr_line' id='line_1_38' title="bbox 1338 2790 2274 2857; baseline 0.002 -20"><span class='ocrx_word' id='word_1_402' title='bbox 1338 2804 1491 2852; x_wconf 88' lang='lat' dir='ltr'><strong>quum</strong></span> <span class='ocrx_word' id='word_1_403' title='bbox 1511 2790 1596 2840; x_wconf 90' lang='lat' dir='ltr'><strong>ille</strong></span> <span class='ocrx_word' id='word_1_404' title='bbox 1617 2792 1903 2857; x_wconf 77' lang='lat' dir='ltr'><strong>octoginta,</strong></span> <span class='ocrx_word' id='word_1_405' title='bbox 1933 2794 2045 2855; x_wconf 87' lang='lat' dir='ltr'><strong>ipse</strong></span> <span class='ocrx_word' id='word_1_406' title='bbox 2063 2793 2274 2857; x_wconf 85' lang='lat' dir='ltr'><strong>triginta</strong></span> 
     </span>
     <span class='ocr_line' id='line_1_39' title="bbox 181 2842 2268 2924; baseline 0 -15"><span class='ocrx_word' id='word_1_407' title='bbox 181 2842 264 2909; x_wconf 76' lang='grc' dir='ltr'><strong>Μ.</strong></span> <span class='ocrx_word' id='word_1_408' title='bbox 286 2842 495 2910; x_wconf 82' lang='lat' dir='ltr'><strong>Pacius</strong></span> <span class='ocrx_word' id='word_1_409' title='bbox 512 2894 527 2919; x_wconf 91' lang='lat'><strong><em>‚</em></strong></span> <span class='ocrx_word' id='word_1_410' title='bbox 564 2858 755 2922; x_wconf 88' lang='lat' dir='ltr'><strong>hospes</strong></span> <span class='ocrx_word' id='word_1_411' title='bbox 776 2858 965 2923; x_wconf 86' lang='lat' dir='ltr'><strong>Attici,</strong></span> <span class='ocrx_word' id='word_1_412' title='bbox 996 2858 1062 2907; x_wconf 86' lang='lat' dir='ltr'><strong>ad</strong></span> <span class='ocrx_word' id='word_1_413' title='bbox 1087 2862 1189 2907; x_wconf 86' lang='lat' dir='ltr'><strong>Att.</strong></span> <span class='ocrx_word' id='word_1_414' title='bbox 1337 2872 1495 2909; x_wconf 85' lang='lat' dir='ltr'><strong>annos</strong></span> <span class='ocrx_word' id='word_1_415' title='bbox 1513 2866 1662 2909; x_wconf 86' lang='lat' dir='ltr'><strong>natus</strong></span> <span class='ocrx_word' id='word_1_416' title='bbox 1681 2869 1841 2924; x_wconf 87' lang='lat' dir='ltr'><strong>esset,</strong></span> <span class='ocrx_word' id='word_1_417' title='bbox 1859 2861 2002 2911; x_wconf 87' lang='lat' dir='ltr'><strong>Brut.</strong></span> <span class='ocrx_word' id='word_1_418' title='bbox 2026 2861 2123 2921; x_wconf 85' lang='grc'><strong>64,</strong></span> <span class='ocrx_word' id='word_1_419' title='bbox 2145 2859 2268 2911; x_wconf 84' lang='grc'><strong>229.</strong></span> 
     </span>
    </p>
   </div>
   <div class='ocr_carea' id='block_1_9' title="bbox 182 2926 2276 3473">
    <p class='ocr_par' dir='ltr' id='par_1_21' title="bbox 182 2926 2276 3473">
     <span class='ocr_line' id='line_1_40' title="bbox 253 2926 2273 2992; baseline -0.002 -15"><span class='ocrx_word' id='word_1_420' title='bbox 253 2930 307 2989; x_wconf 88' lang='grc'><strong>4,</strong></span> <span class='ocrx_word' id='word_1_421' title='bbox 331 2928 412 2991; x_wconf 86' lang='grc'><strong>16,</strong></span> <span class='ocrx_word' id='word_1_422' title='bbox 440 2928 569 2979; x_wconf 92' lang='grc'><strong>1.-</strong></span> <span class='ocrx_word' id='word_1_423' title='bbox 587 2927 836 2977; x_wconf 79' lang='lat' dir='ltr'><strong>pacciana</strong></span> <span class='ocrx_word' id='word_1_424' title='bbox 860 2926 1095 2992; x_wconf 85' lang='lat' dir='ltr'><strong>epistola,</strong></span> <span class='ocrx_word' id='word_1_425' title='bbox 1114 2927 1192 2976; x_wconf 92' lang='lat' dir='ltr'><strong>lb.</strong></span> <span class='ocrx_word' id='word_1_426' title='bbox 1337 2954 1402 2983; x_wconf 63' lang='lat'><strong>-‚-</strong></span> <span class='ocrx_word' id='word_1_427' title='bbox 1429 2926 1483 2981; x_wconf 86' lang='lat' dir='ltr'><strong>G.</strong></span> <span class='ocrx_word' id='word_1_428' title='bbox 1517 2927 1677 2977; x_wconf 86' lang='lat' dir='ltr'><strong>Laelii</strong></span> <span class='ocrx_word' id='word_1_429' title='bbox 1712 2936 1761 2978; x_wconf 88' lang='lat' dir='ltr'><strong>et</strong></span> <span class='ocrx_word' id='word_1_430' title='bbox 1785 2928 1844 2983; x_wconf 89' lang='grc' dir='ltr'><strong>Ρ.</strong></span> <span class='ocrx_word' id='word_1_431' title='bbox 1869 2927 2126 2991; x_wconf 86' lang='lat' dir='ltr'><strong>Scipionis</strong></span> <span class='ocrx_word' id='word_1_432' title='bbox 2142 2962 2156 2987; x_wconf 92' lang='lat'><strong>,</strong></span> <span class='ocrx_word' id='word_1_433' title='bbox 2186 2926 2273 2989; x_wconf 88' lang='lat' dir='ltr'><strong>qui</strong></span> 
     </span>
     <span class='ocr_line' id='line_1_41' title="bbox 252 2993 2270 3060; baseline -0.003 -14"><span class='ocrx_word' id='word_1_434' title='bbox 252 2998 306 3057; x_wconf 87' lang='lat'><strong>4,</strong></span> <span class='ocrx_word' id='word_1_435' title='bbox 329 2995 411 3057; x_wconf 85' lang='lat'><strong>16,</strong></span> <span class='ocrx_word' id='word_1_436' title='bbox 436 2994 518 3046; x_wconf 85' lang='lat'><strong>13.</strong></span> <span class='ocrx_word' id='word_1_437' title='bbox 1337 2998 1527 3060; x_wconf 86' lang='lat' dir='ltr'><strong>optime</strong></span> <span class='ocrx_word' id='word_1_438' title='bbox 1598 2997 1930 3059; x_wconf 85' lang='lat' dir='ltr'><strong>loquebantur</strong></span> <span class='ocrx_word' id='word_1_439' title='bbox 1952 3031 1966 3055; x_wconf 92' lang='lat'><strong><em>‚</em></strong></span> <span class='ocrx_word' id='word_1_440' title='bbox 2031 2993 2270 3055; x_wconf 82' lang='lat' dir='ltr'><strong>aequales</strong></span> 
     </span>
     <span class='ocr_line' id='line_1_42' title="bbox 182 3062 2271 3130; baseline -0.004 -15"><span class='ocrx_word' id='word_1_441' title='bbox 182 3064 460 3116; x_wconf 83' lang='lat' dir='ltr'><strong>Pacenus.</strong></span> <span class='ocrx_word' id='word_1_442' title='bbox 517 3063 640 3113; x_wconf 87' lang='lat' dir='ltr'><strong>Eius</strong></span> <span class='ocrx_word' id='word_1_443' title='bbox 660 3066 955 3130; x_wconf 84' lang='lat' dir='ltr'><strong>pastoribus</strong></span> <span class='ocrx_word' id='word_1_444' title='bbox 978 3064 1195 3116; x_wconf 86' lang='lat' dir='ltr'><strong>Cluentii</strong></span> <span class='ocrx_word' id='word_1_445' title='bbox 1337 3064 1588 3115; x_wconf 80' lang='lat' dir='ltr'><strong>Caecilius</strong></span> <span class='ocrx_word' id='word_1_446' title='bbox 1607 3071 1657 3114; x_wconf 80' lang='lat' dir='ltr'><strong>et</strong></span> <span class='ocrx_word' id='word_1_447' title='bbox 1678 3064 1932 3114; x_wconf 82' lang='lat' dir='ltr'><strong>Pacuvius</strong></span> <span class='ocrx_word' id='word_1_448' title='bbox 1968 3062 2101 3111; x_wconf 85' lang='lat' dir='ltr'><strong>male</strong></span> <span class='ocrx_word' id='word_1_449' title='bbox 2119 3062 2271 3110; x_wconf 86' lang='lat' dir='ltr'><strong>locuti</strong></span> 
     </span>
     <span class='ocr_line' id='line_1_43' title="bbox 254 3128 2272 3195; baseline -0.003 -14"><span class='ocrx_word' id='word_1_450' title='bbox 254 3133 437 3183; x_wconf 83' lang='lat' dir='ltr'><strong>vilicus</strong></span> <span class='ocrx_word' id='word_1_451' title='bbox 461 3133 567 3182; x_wconf 86' lang='lat' dir='ltr'><strong>vim</strong></span> <span class='ocrx_word' id='word_1_452' title='bbox 597 3140 645 3183; x_wconf 89' lang='lat' dir='ltr'><strong>et</strong></span> <span class='ocrx_word' id='word_1_453' title='bbox 663 3149 841 3184; x_wconf 86' lang='lat' dir='ltr'><strong>manus</strong></span> <span class='ocrx_word' id='word_1_454' title='bbox 864 3134 1094 3185; x_wconf 84' lang='lat' dir='ltr'><strong>attulisse</strong></span> <span class='ocrx_word' id='word_1_455' title='bbox 1116 3134 1197 3181; x_wconf 87' lang='lat' dir='ltr'><strong>di·</strong></span> <span class='ocrx_word' id='word_1_456' title='bbox 1336 3140 1478 3195; x_wconf 88' lang='lat' dir='ltr'><strong>sunt,</strong></span> <span class='ocrx_word' id='word_1_457' title='bbox 1505 3132 1644 3183; x_wconf 87' lang='lat' dir='ltr'><strong>Brut.</strong></span> <span class='ocrx_word' id='word_1_458' title='bbox 1666 3134 1761 3195; x_wconf 88' lang='grc'><strong>74,</strong></span> <span class='ocrx_word' id='word_1_459' title='bbox 1797 3128 1914 3181; x_wconf 88' lang='grc'><strong>258.</strong></span> <span class='ocrx_word' id='word_1_460' title='bbox 1937 3156 2003 3165; x_wconf 86' lang='lat'><em>-</em></span> <span class='ocrx_word' id='word_1_461' title='bbox 2022 3128 2094 3179; x_wconf 89' lang='lat' dir='ltr'><strong>M.</strong></span> <span class='ocrx_word' id='word_1_462' title='bbox 2113 3129 2272 3177; x_wconf 85' lang='lat' dir='ltr'><strong>Pacu--</strong></span> 
     </span>
     <span class='ocr_line' id='line_1_44' title="bbox 257 3194 2270 3266; baseline -0.004 -15"><span class='ocrx_word' id='word_1_463' title='bbox 257 3203 490 3265; x_wconf 83' lang='lat' dir='ltr'><strong>cebatur,</strong></span> <span class='ocrx_word' id='word_1_464' title='bbox 528 3216 619 3266; x_wconf 90' lang='lat' dir='ltr'><strong>pro</strong></span> <span class='ocrx_word' id='word_1_465' title='bbox 642 3203 836 3252; x_wconf 79' lang='lat' dir='ltr'><strong>Cluent.</strong></span> <span class='ocrx_word' id='word_1_466' title='bbox 860 3203 948 3264; x_wconf 83' lang='lat'><strong>59,</strong></span> <span class='ocrx_word' id='word_1_467' title='bbox 972 3202 1088 3254; x_wconf 86' lang='lat'><strong>161.</strong></span> <span class='ocrx_word' id='word_1_468' title='bbox 1335 3202 1451 3249; x_wconf 87' lang='lat' dir='ltr'><strong>vius</strong></span> <span class='ocrx_word' id='word_1_469' title='bbox 1467 3236 1481 3260; x_wconf 93' lang='lat'><strong>,</strong></span> <span class='ocrx_word' id='word_1_470' title='bbox 1520 3200 1710 3263; x_wconf 87' lang='lat' dir='ltr'><strong>hospes</strong></span> <span class='ocrx_word' id='word_1_471' title='bbox 1733 3205 1782 3247; x_wconf 89' lang='lat' dir='ltr'><strong>et</strong></span> <span class='ocrx_word' id='word_1_472' title='bbox 1803 3198 1996 3247; x_wconf 86' lang='lat' dir='ltr'><strong>amicus</strong></span> <span class='ocrx_word' id='word_1_473' title='bbox 2015 3196 2068 3245; x_wconf 82' lang='lat' dir='ltr'><strong>G.</strong></span> <span class='ocrx_word' id='word_1_474' title='bbox 2091 3194 2270 3252; x_wconf 87' lang='lat' dir='ltr'><strong>Laelii,</strong></span> 
     </span>
     <span class='ocr_line' id='line_1_45' title="bbox 184 3264 2269 3337; baseline -0.004 -16"><span class='ocrx_word' id='word_1_475' title='bbox 184 3268 521 3337; x_wconf 73' lang='lat' dir='ltr'><strong>Pachynum</strong></span> <span class='ocrx_word' id='word_1_476' title='bbox 540 3307 554 3331; x_wconf 93' lang='lat'><strong><em>‚</em></strong></span> <span class='ocrx_word' id='word_1_477' title='bbox 620 3272 1022 3336; x_wconf 85' lang='lat' dir='ltr'><strong>promontorium</strong></span> <span class='ocrx_word' id='word_1_478' title='bbox 1066 3268 1197 3319; x_wconf 73' lang='lat' dir='ltr'><strong>Sici·</strong></span> <span class='ocrx_word' id='word_1_479' title='bbox 1337 3269 1447 3317; x_wconf 88' lang='lat' dir='ltr'><strong>eius</strong></span> <span class='ocrx_word' id='word_1_480' title='bbox 1484 3266 1748 3331; x_wconf 82' lang='lat' dir='ltr'><strong>Iphigenia</strong></span> <span class='ocrx_word' id='word_1_481' title='bbox 1785 3266 2026 3325; x_wconf 84' lang='lat' dir='ltr'><strong>Taurica,</strong></span> <span class='ocrx_word' id='word_1_482' title='bbox 2069 3264 2132 3313; x_wconf 89' lang='lat' dir='ltr'><strong>de</strong></span> <span class='ocrx_word' id='word_1_483' title='bbox 2167 3278 2269 3313; x_wconf 85' lang='lat' dir='ltr'><strong>am.</strong></span> 
     </span>
     <span class='ocr_line' id='line_1_46' title="bbox 255 3334 2273 3403; baseline -0.005 -16"><span class='ocrx_word' id='word_1_484' title='bbox 255 3340 354 3388; x_wconf 82' lang='lat' dir='ltr'><strong>liae</strong></span> <span class='ocrx_word' id='word_1_485' title='bbox 374 3376 389 3401; x_wconf 94' lang='lat'><strong>,</strong></span> <span class='ocrx_word' id='word_1_486' title='bbox 451 3339 605 3388; x_wconf 89' lang='lat' dir='ltr'><strong>hodie</strong></span> <span class='ocrx_word' id='word_1_487' title='bbox 650 3341 789 3403; x_wconf 81' lang='lat' dir='ltr'><strong>Capo</strong></span> <span class='ocrx_word' id='word_1_488' title='bbox 843 3340 898 3389; x_wconf 80' lang='lat' dir='ltr'><strong>di</strong></span> <span class='ocrx_word' id='word_1_489' title='bbox 944 3340 1196 3401; x_wconf 72' lang='lat' dir='ltr'><strong>Passaro,</strong></span> <span class='ocrx_word' id='word_1_490' title='bbox 1338 3337 1370 3385; x_wconf 88' lang='grc'><strong>7</strong></span> <span class='ocrx_word' id='word_1_491' title='bbox 1386 3372 1400 3394; x_wconf 90' lang='grc'><strong>,</strong></span> <span class='ocrx_word' id='word_1_492' title='bbox 1421 3336 1505 3386; x_wconf 88' lang='lat'><strong>24.</strong></span> <span class='ocrx_word' id='word_1_493' title='bbox 1525 3362 1599 3373; x_wconf 89' lang='lat'>—</span> <span class='ocrx_word' id='word_1_494' title='bbox 1614 3334 1865 3383; x_wconf 83' lang='lat' dir='ltr'><strong>Pacuvius</strong></span> <span class='ocrx_word' id='word_1_495' title='bbox 1881 3368 1896 3393; x_wconf 92' lang='lat'><strong><em>‚</em></strong></span> <span class='ocrx_word' id='word_1_496' title='bbox 1929 3346 2156 3383; x_wconf 87' lang='lat' dir='ltr'><strong>summus</strong></span> <span class='ocrx_word' id='word_1_497' title='bbox 2174 3338 2273 3378; x_wconf 87' lang='lat' dir='ltr'><strong>tra-</strong></span> 
     </span>
     <span class='ocr_line' id='line_1_47' title="bbox 254 3401 2276 3473; baseline -0.002 -16"><span class='ocrx_word' id='word_1_498' title='bbox 254 3408 402 3457; x_wconf 88' lang='lat' dir='ltr'><strong>Verr.</strong></span> <span class='ocrx_word' id='word_1_499' title='bbox 424 3416 645 3459; x_wconf 84' lang='lat' dir='ltr'><strong>accusat.</strong></span> <span class='ocrx_word' id='word_1_500' title='bbox 670 3410 731 3471; x_wconf 88' lang='lat'><strong>5,</strong></span> <span class='ocrx_word' id='word_1_501' title='bbox 754 3408 850 3473; x_wconf 86' lang='lat'><strong>33,</strong></span> <span class='ocrx_word' id='word_1_502' title='bbox 871 3407 959 3459; x_wconf 87' lang='grc'><strong>87.</strong></span> <span class='ocrx_word' id='word_1_503' title='bbox 1339 3404 1483 3469; x_wconf 80' lang='lat' dir='ltr'><strong>gicus</strong></span> <span class='ocrx_word' id='word_1_504' title='bbox 1503 3438 1516 3462; x_wconf 93' lang='lat'><strong>,</strong></span> <span class='ocrx_word' id='word_1_505' title='bbox 1559 3403 1625 3452; x_wconf 87' lang='lat' dir='ltr'><strong>de</strong></span> <span class='ocrx_word' id='word_1_506' title='bbox 1655 3408 1756 3466; x_wconf 92' lang='lat' dir='ltr'><strong>opt.</strong></span> <span class='ocrx_word' id='word_1_507' title='bbox 1783 3416 1900 3467; x_wconf 86' lang='lat' dir='ltr'><strong>gen.</strong></span> <span class='ocrx_word' id='word_1_508' title='bbox 1923 3416 1995 3453; x_wconf 86' lang='lat' dir='ltr'><strong>or.</strong></span> <span class='ocrx_word' id='word_1_509' title='bbox 2023 3402 2054 3462; x_wconf 71' lang='lat'><strong>1⁴</strong></span> <span class='ocrx_word' id='word_1_510' title='bbox 2073 3437 2087 3463; x_wconf 91' lang='lat'><strong>,</strong></span> <span class='ocrx_word' id='word_1_511' title='bbox 2121 3401 2172 3453; x_wconf 84' lang='lat'><strong>2.</strong></span> <span class='ocrx_word' id='word_1_512' title='bbox 2201 3423 2276 3439; x_wconf 80' lang='lat'><em>-··-</em></span> 
     </span>
    </p>
   </div>
   <div class='ocr_carea' id='block_1_10' title="bbox 324 3469 1866 3527">
    <p class='ocr_par' dir='ltr' id='par_1_22' title="bbox 324 3469 1866 3527">
     <span class='ocr_line' id='line_1_48' title="bbox 324 3469 1866 3527; baseline -0.005 -1"><span class='ocrx_word' id='word_1_513' title='bbox 324 3490 537 3527; x_wconf 73' lang='lat' dir='ltr'><strong>menno.</strong></span> <span class='ocrx_word' id='word_1_514' title='bbox 1798 3469 1866 3519; x_wconf 88' lang='lat'><strong>18</strong></span> 
     </span>
    </p>
   </div>
  </div>
 </body>
</html>
