2500 3850
478 183 544 230 P.
579 144 881 230 cnonms
904 183 964 228 r.
992 183 1057 231 F.
1087 182 1410 232 runcum
1437 207 1512 216 —
1541 187 1606 232 T.
1641 185 2002 232 emamus,

262 337 468 402 lenem,
501 352 597 402 pro
618 337 787 388 Sestio
812 341 881 388 44
896 375 911 400 ,
939 337 1025 389 95.
1047 365 1113 374 —-
1134 338 1209 387 De

264 409 375 458 eius
398 407 611 456 levitate
629 414 679 456 et
698 406 1039 457 imbecillitate
1056 406 1132 471 (a.
1151 423 1204 455 u.

266 493 313 529 c.
364 472 525 539 698.)
569 477 623 526 Ρ.
672 476 917 526 Lentulus
970 473 1211 540 Spinther

266 544 621 611 gratulabatur
640 543 898 610 Ciceroni,
926 546 992 595 ad
1014 544 1133 593 fam.
1159 544 1208 608 1,

267 617 327 678 7,
361 615 393 664 7
400 655 413 668 .
437 640 505 651 -
523 613 649 664 Eius
670 615 831 664 oratio
862 621 1033 664 contra
1061 614 1211 664 Pom-

266 684 441 748 peium
458 697 508 730 a.
525 682 577 732 d.
595 684 731 734 VIII.
753 683 827 732 Id.
850 683 995 733 Febr.
1020 698 1067 732 a.
1090 697 1141 734 u.
1164 697 1211 730 c.

269 751 385 802 698.
401 787 418 815 ,
442 752 510 800 ad
532 749 588 809 Q.
610 751 674 805 fc.
696 752 756 815 2,
778 749 837 814 3,
858 752 910 804 2.
933 777 1000 787 —
1020 752 1073 801 Ρ.
1098 751 1212 802 Clo-

270 822 387 871 dius
414 819 495 886 (a.
516 835 568 871 u.
593 836 635 869 c.
658 816 813 883 699.)
842 822 982 885 cupit
1000 819 1212 885 legatio-

268 904 385 940 nem
402 889 629 951 aliquam
649 888 879 953 liberam,
902 890 968 938 ad
988 888 1046 947 Q.
1071 888 1133 938 fr.
1158 889 1211 952 2,

272 961 302 1008 7
315 957 422 1024 (9),
434 960 485 1007 2.
500 958 654 1007 —De
674 956 840 1007 Clodii
860 958 927 1007 ad
944 957 1213 1008 Caesarem

270 1027 479 1089 litteris,
501 1027 577 1079 Ib.
597 1025 649 1090 3,
675 1027 722 1092 1,
741 1027 793 1077 4.
819 1025 868 1088 §-
892 1027 973 1081 11.
996 1028 1213 1076 —Inter

273 1096 381 1146 eius
402 1093 585 1145 Canes
602 1103 898 1144 numeratur
922 1097 981 1146 L.
1004 1095 1211 1158 GaviuS,

272 1165 338 1215 ad
355 1167 461 1215 Att.
478 1164 529 1228 6,
544 1163 593 1228 3,
606 1164 656 1216 6.
672 1191 739 1200 -
754 1163 894 1226 Unus
906 1165 1215 1231 vituperavit

272 1234 526 1283 Ciceronis
546 1232 865 1282 consulatum
880 1269 894 1293 ,
913 1233 1136 1299 Philipp.
1158 1235 1210 1296 2,

254 1303 320 1366 -5,
345 1302 431 1352 11.
452 1329 520 1338 -
538 1303 664 1352 Eius
685 1317 849 1365 mom,
877 1304 951 1353 Ib.
974 1304 1027 1366 2,
1048 1303 1101 1366 9,
1122 1303 1208 1354 21.

271 1399 337 1408 -
370 1371 427 1419 In
463 1385 579 1420 eum
614 1371 870 1421 invehitur
907 1370 1080 1421 Cicero
1119 1385 1213 1435 per

270 1449 426 1491 totam
458 1439 808 1491 Milonianam.
845 1443 903 1490 In
932 1441 1102 1505 Appia
1128 1439 1212 1489 via

272 1509 654 1560 ornatissimum
678 1510 900 1572 equitem
928 1511 1213 1560 Romanum

270 1579 337 1628 Μ.
376 1577 640 1643 Papirium
682 1579 892 1638 occidit,
933 1579 986 1627 in
1023 1577 1213 1641 templo

272 1648 497 1699 Castoris
545 1662 749 1697 servum
793 1647 862 1698 ad
912 1646 1215 1696 interficien-

272 1717 392 1766 dum
442 1715 533 1769 Cn.
580 1717 881 1782 Pompeium
930 1715 1213 1780 collocavit,

268 1800 360 1851 pro
378 1783 490 1840 Mil.
512 1787 565 1847 7,
589 1784 671 1839 18.
688 1813 754 1822 -
768 1785 877 1846 Quo
895 1785 1047 1837 modo
1067 1799 1215 1850 prae-

268 1863 432 1906 turam
470 1869 649 1920 gerere
687 1855 995 1919 decreverit,
1046 1854 1119 1903 Ib.
1157 1852 1209 1915 9,

268 1926 353 1975 24.
383 1952 450 1961 -
476 1926 587 1985 Quo
614 1926 766 1976 modo
784 1923 1025 1975 Milonem
1046 1925 1098 1973 in
1120 1938 1212 1988 pe-

268 1996 443 2043 titione
473 1994 765 2044 consulatus
801 1994 1050 2061 impedire
1084 2001 1210 2042 tem-

270 2064 441 2128 ptarit‚
466 2065 541 2114 lb.
562 2062 614 2129 9,
637 2063 704 2113 25
724 2078 839 2127 sqq,
854 2091 920 2099 —
935 2064 1044 2123 Quo
1061 2062 1210 2111 modo

273 2134 473 2185 occisus
503 2134 570 2183 sit
589 2134 643 2182 in
663 2133 828 2197 Appia
846 2133 931 2182 via
960 2146 991 2181 a
1009 2130 1212 2180 Milonis

268 2203 462 2264 servis,
494 2203 572 2255 Ib.
607 2200 699 2263 10,
734 2203 801 2251 27
830 2216 943 2264 sqq.
978 2227 1045 2238 -—
1075 2202 1211 2249 Reus

270 2270 478 2322 Milonis
513 2270 627 2335 lege
670 2269 833 2321 Plotia
866 2271 963 2319 fuit
1004 2268 1213 2319 Clodius

270 2340 441 2403 quoad
474 2340 630 2401 vixit,
664 2339 738 2388 lb.
773 2338 864 2403 13,
896 2338 982 2390 35.
1003 2364 1067 2375 -
1088 2338 1213 2387 Eius

270 2409 453 2460 caedes
483 2417 697 2459 vocatur
730 2409 921 2458 ironice
951 2406 1215 2457 Bovillana

270 2493 465 2544 pugna,
487 2478 553 2527 ad
571 2478 673 2527 Att.
700 2477 750 2541 5,
775 2476 856 2540 13,
884 2478 931 2529 1.
951 2476 1215 2527 Leuctrica

272 2562 478 2613 pugna,
498 2548 572 2596 Ib.
593 2546 644 2610 6,
667 2546 715 2610 Ι,
735 2544 818 2596 26.
839 2572 909 2581 -
927 2546 988 2610 Ρ.
1010 2544 1215 2594 Clodius

273 2632 372 2679 quo
400 2615 691 2681 significatu
721 2614 895 2666 frater·
922 2613 982 2671 Q.
1024 2612 1215 2663 Metelli

266 2684 467 2735 Celeris
492 2686 719 2749 dicatur,
740 2698 833 2749 pro
855 2682 991 2735 Geel.
1016 2684 1103 2744 24,
1122 2680 1209 2733 60.

272 2761 391 2819 post
407 2755 517 2804 red.
539 2754 593 2803 in
614 2768 722 2803 sen.
745 2751 830 2816 10,
853 2751 938 2803 25.
980 2753 1042 2802 de
1064 2752 1214 2802 domo

274 2838 369 2873 sua
403 2822 461 2887 3,
496 2823 549 2874 7.
588 2824 661 2872 Ib.
683 2822 744 2882 5,
778 2820 864 2874 13.
886 2849 953 2859 -
983 2821 1214 2871 Ciceroni

276 2890 453 2941 odium
476 2906 590 2943 cum
612 2890 790 2941 Clodio
810 2890 926 2954 fuit,
946 2890 1085 2953 quod
1100 2903 1211 2953 per·

273 2961 523 3010 niciosum
545 2961 741 3025 patriae
760 2960 923 3009 civem
942 2960 1051 3009 fore
1068 2964 1215 3023 puta-

274 3028 391 3093 bat,
432 3030 522 3092 qui
563 3028 860 3095 turpissima
896 3028 1109 3078 libidine
1138 3028 1217 3075 in·

274 3112 459 3149 census
478 3099 609 3149 duas
630 3114 713 3149 res
731 3098 1080 3148 sanctissimas
1093 3133 1108 3160 ,
1134 3111 1214 3145 re-

272 3165 516 3232 ligionem
548 3176 599 3218 et
630 3167 956 3236 pudicitiam,
984 3181 1085 3215 uno
1104 3180 1215 3215 sce-

274 3234 381 3287 lere
396 3236 646 3288 violasset
660 3273 676 3301 ,
708 3238 772 3287 de
798 3252 946 3301 prov.
968 3249 1107 3287 cons,
1130 3234 1213 3297 10,

274 3304 363 3354 24.
404 3305 469 3355 cl.
503 3306 577 3359 ib.
621 3306 716 3373 17,
755 3308 842 3357 42.
890 3306 970 3357 Ib.
996 3303 1088 3367 19,
1126 3301 1213 3353 46.

274 3372 351 3423 lb.
371 3374 460 3439 27,
486 3374 571 3427 70.
600 3402 669 3413 --
693 3376 899 3425 Acriter
918 3375 971 3424 in
1002 3386 1119 3423 eum
1141 3372 1218 3421 in-

278 3440 503 3509 vehitur,
537 3445 600 3495 de
630 3445 732 3512 leg.
771 3443 834 3509 3,
864 3442 927 3509 9,
948 3442 1141 3513 21.11).
1164 3440 1215 3505 3,

2203 172 2280 233 91

1353 338 1416 389 11
1432 376 1447 400 ,
1472 340 1557 389 25.
1587 366 1654 376 —-
1677 339 1920 406 Tangitur
1947 342 2069 390 item
2094 339 2159 389 de
2181 340 2284 407 leg.

1347 409 1400 470 2,
1423 407 1503 471 14,
1532 407 1617 461 36.
1635 434 1706 445 —-
1722 409 1777 458 P.
1802 407 2008 458 Clodius
2033 409 2290 474 pernicio-

1351 491 1442 526 sus
1461 477 1585 526 civis
1600 513 1614 536 ,
1637 477 1912 527 sceleratus
1926 514 1941 539 ,
1962 477 2285 540 libidinosus,

1351 546 1566 610 impius,
1591 547 1760 595 audax
1776 582 1791 610 ,
1818 545 2150 607 facinorosuS,
2172 547 2289 596 Phi-

1351 613 1480 678 lipp.
1505 612 1554 672 8,
1575 614 1627 675 5,
1661 613 1742 664 16.
1771 641 1836 650 —
1857 614 2023 664 Clodii
2041 615 2289 666 satellites

1353 697 1468 733 eum
1507 682 1706 732 felicem
1750 683 2017 734 Catilinam
2060 685 2289 734 nomina-

1352 751 1497 814 bant,
1523 753 1588 801 de
1608 752 1759 802 domo
1781 766 1875 802 sua
1892 753 1976 812 27,
1998 754 2082 802 72.
2103 781 2175 792 -
2191 755 2289 804 De-

1353 820 1746 871 clamatiuncula
1771 823 1824 870 in
1853 836 1997 882 enm,
2035 823 2213 886 parad.
2237 825 2287 886 4,

1356 891 1415 950 1,
1453 891 1520 940 27
1561 904 1673 953 sqq.
1710 917 1780 927 -—-
1810 891 1943 941 Vide
1975 892 2124 940 etiam
2154 891 2290 957 frag·

1352 967 1521 1008 menta
1547 960 1788 1008 orationis
1809 961 1859 1008 in
1883 959 1940 1012 P.
1977 958 2210 1010 Clodium
2242 967 2291 1009 et

1357 1027 1412 1081 C.
1437 1027 1700 1078 Curionem
1731 1044 1784 1094 p.
1805 1028 2101 1082 201—206.
2129 1057 2194 1066 ·-
2215 1029 2290 1078 De

1353 1097 1438 1146 off.
1469 1099 1500 1147 2
1518 1134 1534 1162 ,
1560 1098 1624 1149 17
1635 1135 1651 1160 ,
1671 1097 1756 1149 58.
1779 1128 1847 1138 -
1867 1100 1924 1147 In
1956 1114 2070 1148 eum
2092 1098 2289 1148 invehi-

1352 1175 1432 1216 tur
1451 1166 1622 1216 Cicero
1656 1167 1719 1216 de
1739 1168 1889 1218 domo
1909 1183 2003 1216 sua
2029 1169 2089 1226 2,
2122 1168 2154 1220 3
2174 1183 2287 1231 sqq.

1353 1263 1419 1271 -
1450 1235 1708 1286 Ciceronis
1741 1245 1790 1286 et
1806 1239 1861 1286 P.
1884 1236 2049 1286 Clodii
2085 1250 2289 1285 concer-

1352 1305 1570 1354 tationes
1603 1320 1686 1354 res
1730 1305 1940 1369 publica
1976 1305 2288 1368 diiudicavit,

1353 1372 1420 1422 ad
1440 1373 1542 1425 Att.
1571 1372 1654 1437 14,
1679 1372 1761 1422 13.
1786 1373 1868 1431 Β.,
1888 1375 1943 1421 4.

1285 1453 1351 1506 Ρ.
1374 1452 1606 1505 Clodius
1623 1491 1637 1518 ,
1658 1454 1722 1505 P.
1743 1453 1807 1502 F.
1830 1453 2104 1517 Pulcher,
2135 1456 2291 1504 Anto-

1355 1525 1470 1573 nius
1495 1524 1563 1573 ad
1585 1522 1874 1573 Ciceronem
1907 1524 1958 1571 in
1979 1537 2059 1588 ep.
2085 1523 2152 1572 ad
2181 1524 2286 1576 Att.

1357 1594 1450 1654 14,
1485 1592 1570 1644 13.
1602 1593 1667 1642 A.
1687 1628 1702 1653 ,
1731 1595 1782 1643 2.
1809 1619 1880 1629 --
1908 1591 2012 1642 Cic.
2047 1593 2112 1642 ad
2131 1592 2290 1641 Anto-

1352 1663 1518 1726 nium,
1539 1663 1611 1712 lb.
1633 1677 1717 1726 ep.
1739 1661 1822 1724 Β.,
1843 1662 1897 1716 4.

1284 1743 1348 1795 Ρ.
1382 1743 1613 1796 Clodius
1645 1747 1958 1812 subscriptor
1983 1746 2043 1798 L.
2076 1745 2291 1796 Atratini

1353 1816 1402 1864 in
1427 1816 1490 1864 Μ.
1519 1815 1773 1882 Caelium,
1803 1815 1940 1866 Cael.
1966 1815 2052 1875 ll,
2079 1817 2164 1866 27.

1284 1897 1403 1949 Ser.
1445 1896 1676 1951 Clodius
1713 1915 1756 1954 s,
1796 1896 2098 1963 Claudius,
2137 1912 2291 1962 eques

1352 1969 1636 2031 RomanuS,
1686 1970 1844 2019 frater
1884 1964 2192 2035 (patruelis)
2230 1968 2288 2016 L.

1350 2038 1546 2104 Papirii
1582 2040 1752 2100 Paeti,
1798 2038 1949 2088 homo
1984 2036 2292 2087 litteratissi-

1354 2122 1496 2166 mus,
1520 2107 1586 2156 ad
1603 2106 1725 2156 fam.
1745 2105 1796 2171 9,
1823 2107 1905 2170 16,
1923 2108 1974 2156 4.
2011 2106 2072 2155 cl.
2094 2107 2160 2157 ad
2183 2108 2286 2157 Att.

1355 2176 1403 2236 1,
1425 2174 1510 2237 20,
1531 2176 1582 2226 7.
1621 2178 1694 2225 lh.
1719 2178 1770 2239 2,
1793 2176 1841 2238 1,
1864 2176 1948 2227 12.

1288 2258 1417 2311 Sex.
1459 2255 1692 2310 Clodius
1709 2294 1724 2323 ‚
1762 2260 1907 2309 testis
1943 2260 1996 2307 in
2039 2274 2192 2309 causa
2225 2258 2287 2305 A.

1356 2329 1605 2379 Caecinae
1618 2362 1633 2390 ,
1653 2342 1745 2391 pro
1764 2325 1912 2376 Caec.
1934 2328 2019 2389 10,
2037 2329 2124 2378 27.

1287 2395 1414 2449 Sex.
1438 2392 1698 2458 Glbdius,
1720 2396 1888 2444 scriba
1910 2395 2068 2443 cliens
2093 2392 2293 2443 Clodio·

1354 2480 1466 2515 rum
1502 2464 1829 2528 patriciorum
1845 2499 1861 2527 ,
1900 2478 1993 2528 pro
2033 2462 2171 2512 Cael.
2205 2460 2290 2522 32,

1349 2535 1440 2603 78.
1464 2559 1532 2569 —-
1552 2531 1618 2581 ad
1635 2532 1742 2585 Att.
1765 2533 1796 2581 2
1813 2567 1829 2595 ,
1853 2532 1935 2593 12,
1957 2532 2006 2581 2.
2029 2531 2118 2581 ubi
2139 2529 2294 2580 Athe-

1353 2607 1438 2654 nio
1473 2608 1703 2662 vocatur,
1744 2604 1796 2650 in
1828 2602 1999 2651 Pison.
2039 2602 2102 2659 4.
2125 2599 2176 2651 8.
2215 2599 2290 2650 Ib.

1357 2673 1440 2734 10,
1461 2670 1546 2723 23.
1563 2697 1631 2708 —
1649 2672 1716 2721 ad
1737 2670 1794 2729 Q.
1819 2670 1880 2720 fr.
1902 2673 1953 2732 2,
1973 2672 2007 2721 4
2025 2667 2132 2736 (6),
2154 2668 2204 2720 6.
2223 2696 2296 2707 -—

1354 2757 1446 2807 pro
1469 2741 1602 2793 Sest.
1624 2739 1710 2804 64,
1735 2740 1852 2803 133.
1868 2769 1933 2777 -
1949 2741 2012 2791 de
2031 2742 2180 2791 domo
2201 2754 2296 2790 sua

1359 2811 1452 2871 10,
1489 2810 1577 2863 25.
1615 2811 1689 2861 Ib.
1727 2810 1790 2862 31
1809 2847 1822 2867 ,
1857 2809 1947 2865 83.
1988 2810 2051 2861 de
2079 2810 2291 2875 harusp.

1354 2895 1487 2946 resp.
1510 2878 1564 2943 6,
1586 2879 1668 2930 11.
1692 2880 1769 2931 Ib.
1791 2880 1877 2941 27,
1899 2879 1984 2931 59.
2000 2895 2170 2945 —pro
2185 2878 2290 2927 Mil.

1357 2947 1442 3014 13,
1461 2946 1546 3003 33.
1587 2950 1663 3000 Ib.
1691 2948 1776 3013 33,
1797 2948 1885 3001 90.
1907 2975 1977 2986 —-
1997 2949 2062 2999 ad
2081 2950 2185 2999 Att.
2209 2947 2293 3008 14,

1357 3018 1439 3069 13.
1463 3018 1526 3071 Α.
1553 3026 1602 3069 et
1618 3018 1676 3071 B.
1710 3018 1785 3067 Ib.
1808 3032 1890 3082 ep.
1919 3018 2002 3078 14,
2024 3018 2078 3069 2.
2105 3016 2180 3065 Ib.
2208 3030 2293 3080 eP.

1357 3087 1440 3150 19,
1462 3087 1514 3137 2.

1291 3154 1423 3207 Sex.
1449 3153 1714 3219 Clodius,
1744 3155 1913 3204 rhetor
1936 3168 1964 3202 e
1995 3152 2199 3218 Sicilia,
2229 3154 2295 3203 ad

1361 3226 1466 3277 Att.
1489 3225 1555 3287 4,
1583 3224 1675 3287 15,
1696 3225 1749 3276 2.
1780 3222 2006 3288 Philipp.
2027 3225 2078 3285 2,
2102 3224 2185 3283 17,
2205 3220 2290 3272 43.

1357 3320 1424 3330 --
1443 3292 1518 3345 Ib.
1541 3291 1592 3356 3,
1614 3293 1668 3353 9,
1687 3293 1772 3347 22.

1291 3371 1362 3422 Τ.
1389 3366 1637 3419 Cloelius
1655 3370 2057 3431 TarracinensiS‚
2072 3384 2162 3435 pro
2175 3369 2294 3421 Sex.

1356 3438 1540 3489 Roscio
1561 3437 1648 3499 23,
1665 3439 1750 3489 64.
