2500 3850
624 151 1179 216 NEAPOLITANUM
1202 174 1280 186 --·
1302 153 1786 201 ΝΕΒΟΝΙΑΝῘΙΜ.

244 323 437 358 manus
477 307 669 371 factus,
716 309 782 358 ad.
813 308 933 358 fam.
973 309 1062 370 13,
1106 309 1191 370 30,

247 382 297 428 1.
320 405 398 414 —-
417 377 601 427 Eorum
622 379 952 442 decemprivrni
981 387 1029 427 et
1048 387 1193 441 quat-

240 447 467 496 tuorviri
496 448 800 512 adroganter
829 449 1030 505 tractati
1061 463 1090 496 a
1122 448 1189 497 M.

238 517 473 566 Antonio
498 532 546 568 a.
568 533 617 564 u.
642 533 685 567 c.
712 515 830 567 705.
847 553 861 577 ,
891 516 956 565 ad
975 518 1077 564 Att.
1108 515 1192 577 10,

244 584 313 636 13
329 623 345 649 ,
374 585 423 638 1.
450 612 516 620 -
538 586 662 634 Eius
682 586 840 634 iratus
861 594 965 633 erat
988 583 1191 645 Caesar,

240 655 317 706 Ib.
363 653 576 706 Tuscul.
603 653 647 720 1,
674 653 757 713 35,
779 653 864 703 86.

164 719 641 788 Neapolitanum,
697 722 755 772 L.
806 722 1006 774 Luculli
1048 725 1189 788 villa,

238 792 413 842 Acad.
436 806 513 856 pr.
538 793 587 856 2,
612 791 661 852 3,
684 789 735 841 9.
756 817 825 825 —-
842 790 1103 858 Pompeii,
1126 795 1193 843 ad

241 865 347 910 Att.
395 862 454 920 7,
486 861 551 923 2,
588 861 639 909 5.
673 885 741 895 —
765 857 959 921 Pontii,
992 863 1066 912 Ib.
1106 863 1190 922 14,

239 931 328 989 21,
353 929 409 978 3.

167 997 471 1048 Nearchus
490 998 813 1058 TarentinuS,
837 996 1041 1049 Catonis
1062 999 1188 1050 Cen-

164 1069 169 1072 '
240 1069 375 1134 sorii
396 1067 609 1131 hospes,
634 1067 697 1116 de
719 1080 829 1119 sen.
854 1068 937 1128 12,
959 1070 1043 1118 41.

168 1135 344 1186 Neda.
392 1136 431 1184 E
461 1138 581 1185 Iove
608 1135 765 1186 altero
796 1144 845 1186 et
871 1135 1011 1188 Neda
1039 1147 1185 1188 natae

238 1207 421 1254 Musae
442 1206 637 1269 primae
658 1213 920 1268 quattuor,
954 1207 1017 1256 de
1046 1223 1095 1258 n.
1128 1209 1181 1261 d.

240 1273 291 1337 3,
316 1274 406 1336 21,
428 1274 514 1323 54.
882 1271 887 1275 ’
1061 1304 1063 1306 v

170 1342 390 1393 Nemea
413 1343 463 1393 in
489 1342 764 1408 Argolide,
786 1344 848 1392 de
869 1343 971 1394 fato
989 1345 1039 1403 4,
1062 1347 1113 1394 7.
1160 1386 1165 1391 .

170 1411 490 1462 Nemeaeus
511 1411 617 1474 leo,
655 1427 803 1474 quem
838 1412 1079 1462 Hercules
1101 1429 1183 1462 oc-

242 1482 396 1541 cidit,
427 1481 631 1530 Tuscul.
653 1483 704 1544 2,
730 1479 781 1540 9,
803 1481 886 1531 22.
924 1483 995 1531 lb.
1020 1483 1073 1542 4,
1095 1483 1181 1546 22,

173 1615 537 1670 Nemorensis
566 1633 715 1682 ager,
737 1619 787 1666 in
807 1618 993 1668 finibus
1021 1619 1184 1668 Arici-

244 1689 325 1736 nis
341 1724 355 1746 ,
376 1688 442 1737 ad
463 1689 564 1736 Att.
584 1688 636 1750 6,
660 1688 705 1744 l,
728 1687 811 1737 25.

175 1753 413 1820 Nemus,
434 1757 575 1805 lacus
597 1755 785 1804 Dianae
816 1771 957 1806 sacer
988 1758 1040 1804 in
1060 1771 1181 1822 agro

244 1827 481 1885 Ariciae,
521 1825 611 1873 ubi
641 1825 874 1876 Caesaris
904 1826 1029 1876 villa
1060 1833 1181 1889 erat,

245 1895 311 1945 ad
339 1897 440 1944 Att.
466 1895 548 1952 15,
570 1895 631 1959 4,
654 1893 706 1947 5.

172 1962 412 2015 Neocles
430 2000 445 2026 ,
470 1963 795 2013 Atheniensis
810 2000 837 2033 ,·
860 1964 1067 2029 Epicuri
1091 1978 1184 2029 pa-

240 2041 350 2093 ter,
381 2035 434 2081 in
466 2031 685 2081 insulam
718 2031 924 2082 Samum
952 2034 1185 2099 agripeta

247 2103 411 2166 venit,
434 2102 529 2151 sed
548 2116 699 2163 quum
720 2117 835 2151 eum
868 2102 1064 2168 agellus
1084 2116 1182 2152 non

244 2172 370 2221 satis
418 2170 605 2234 aieret,
659 2171 731 2219 ibi
774 2168 884 2220 ludi
939 2172 1184 2235 magister

246 2240 408 2289 fuisse
432 2239 637 2303 dicitur,
671 2240 734 2289 d'e
760 2255 811 2289 n.
835 2240 885 2289 (1.
915 2243 963 2301 1,
982 2240 1069 2301 26,
1092 2242 1179 2294 72.

175 2307 601 2375 Neoptolemus,
646 2308 862 2358 Achillis
900 2309 1035 2359 filius
1051 2343 1067 2371 ,
1119 2310 1185 2358 ad

245 2379 449 2428 Troiam
504 2392 687 2428 nomen
750 2379 972 2441 invenit,
1028 2392 1185 2441 quum

246 2456 396 2497 antea
413 2446 634 2511 Pyrrhus
660 2443 939 2512 diceretur,
970 2448 1033 2497 de
1053 2454 1179 2496 orat.

245 2518 305 2577 2,
333 2514 427 2577 63,
448 2516 568 2567 257.
591 2543 656 2552 -
678 2514 1036 2581 Neoptolemus
1056 2514 1184 2565 Tro-

245 2589 345 2635 iam
370 2599 551 2648 capere
578 2600 680 2635 non
706 2585 985 2649 potuisset,
1020 2585 1064 2633 si
1082 2585 1183 2650 Ly-

245 2655 532 2716 comedem,
574 2654 712 2719 apud
740 2668 891 2716 quem
924 2660 1029 2703 erat
1058 2652 1183 2703 edu-

246 2732 414 2781 catus,
463 2722 637 2773 multis
674 2737 790 2771 cum
826 2723 1051 2772 lacrimis
1086 2724 1183 2771 iter

246 2808 393 2843 suum
411 2793 772 2857 impedientem
792 2792 971 2842 audire
987 2790 1182 2841 voluis-

246 2868 353 2922 set,
382 2862 445 2910 de
466 2876 567 2913 am.
594 2861 687 2919 20,
718 2860 801 2913 75.
820 2887 893 2897 —
910 2859 1183 2925 Neoptole-

246 2944 358 2979 mus
408 2930 559 2979 Ennii
605 2946 661 2980 se
709 2930 779 2978 ait
828 2929 1183 2995 philosophari

246 2999 400 3061 velle,
438 2998 531 3049 sed
564 2999 769 3063 paucis:
817 3014 936 3048 nam
977 3000 1179 3048 omnino

243 3067 383 3117 haud.
400 3066 634 3132 placere,
657 3068 719 3117 de
740 3082 783 3119 r.
806 3082 857 3132 p.
883 3068 910 3119 l
930 3102 945 3125 ‚
974 3068 1067 3132 18,
1092 3066 1177 3118 30.

246 3136 306 3185 cl.
326 3136 532 3187 Tuscul.
555 3138 607 3197 2,
628 3136 678 3197 1,
701 3136 748 3190 1.
792 3136 856 3186 de
877 3144 1003 3190 orat.
1025 3140 1075 3198 2,
1096 3136 1180 3197 37,

179 3270 348 3339 Nepa,
370 3275 403 3321 i.
430 3289 474 3323 e.
503 3271 766 3339 Scorpius,
788 3273 949 3338 sidus,
970 3275 1108 3324 Arat.
1127 3289 1179 3327 v,

245 3340 328 3402 90,
350 3341 469 3395 460.
506 3342 569 3391 de
586 3358 637 3395 n.
662 3343 713 3392 d.
736 3345 769 3392 2
784 3379 797 3396 ,
818 3342 886 3392 42
901 3380 914 3404 ,
948 3342 1064 3393 109.
1102 3344 1179 3393 Ib.

244 3410 295 3469 23
314 3412 395 3470 44,
419 3410 535 3464 114.
567 3410 641 3461 Ib.
670 3411 721 3475 3,
746 3410 827 3471 16,
848 3410 935 3463 40.

2152 143 2276 207 263

1267 307 1471 375 Nepos.
1509 311 1574 360 V.
1601 309 1895 362 Cornelius
1913 310 2117 378 Nepos.

1265 393 1579 460 Neptuniae
1613 396 1852 459 lacunae,
1889 398 1944 447 id
1975 407 2075 461 est,
2114 412 2271 464 mare,

1337 465 1404 514 ad
1425 466 1538 514 Her.
1565 470 1615 525 4,
1639 465 1721 527 10,
1746 468 1828 518 15.

1264 543 1542 670 Neptgnga
1561 553 1706 615 prata
1720 588 1735 612 ,
1753 553 1810 602 id
1829 559 1934 618 est,
1952 569 2106 615 mare,
2129 555 2268 604 Atat.

1334 635 1383 669 v.
1447 621 1478 668 7
1519 660 1532 672 .

1261 686 1584 753 Neptunus,
1621 690 1746 738 deus
1765 691 1938 741 maris.
1983 689 2164 738 Datum
2195 699 2272 742 est

1333 759 1382 806 ei
1413 759 1721 808 maritimum
1753 774 1900 810 omne
1934 775 2149 825 regnum
2181 775 2270 808 no-

1331 841 1548 888 menque
1588 828 1889 892 productum
1928 837 1984 878 ut
2020 829 2269 879 Portunus

1333 910 1362 944 a
1388 905 1565 960 portu,
1603 899 1679 946 sic
1715 898 1980 963 Neptunus
2016 912 2048 946 a
2082 898 2266 958 nand0,

1331 965 1393 1013 de
1419 979 1470 1015 n.
1499 967 1548 1017 d.
1570 965 1618 1026 2,
1643 966 1728 1030 26,
1749 967 1834 1019 66.
1873 969 1946 1017 Ib.
1970 967 2031 1033 2,
2052 966 2151 1026 28,
2183 967 2267 1019 71.

1328 1033 1394 1086 cl.
1419 1034 1486 1083 ib.
1509 1033 1560 1097 3,
1583 1036 1668 1098 24,
1689 1035 1772 1085 62.
1793 1064 1866 1072 -
1884 1035 2156 1085 Caeruleos
2177 1035 2268 1084 ha-

1323 1103 1410 1152 bet
1433 1101 1634 1166 ocuIOS,
1669 1105 1746 1154 Ib.
1773 1106 1799 1154 1
1817 1141 1830 1163 ,
1851 1104 1937 1168 30,
1965 1103 2050 1155 83.
2081 1131 2148 1140 —-
2167 1103 2266 1154 Ne-

1324 1179 1513 1238 ptunus
1574 1175 1958 1238 ‘omnipotens’
2019 1173 2184 1226 dietus
2237 1189 2268 1222 a

1325 1240 1554 1305 Turpilio
1583 1243 1778 1291 comico
1798 1279 1813 1302 ,
1842 1241 2049 1291 Tuscul.
2081 1245 2144 1302 4,
2174 1241 2260 1294 34.

1325 1309 1410 1359 73.
1461 1337 1528 1346 —-
1579 1308 1865 1372 Neptunum
1923 1325 2036 1359 esse
2089 1310 2266 1359 dicunt

1325 1377 1482 1428 Stoici
1513 1377 1741 1426 animum
1781 1393 1896 1426 cum
1928 1377 2268 1442 intelligentia

1324 1461 1417 1510 per
1435 1444 1574 1494 m'are
1591 1447 1949 1508 pertinentem,
1981 1446 2044 1495 de
2065 1461 2115 1495 n.
2139 1448 2192 1498 d.
2212 1447 2264 1506 3,

1325 1516 1421 1574 25,
1447 1515 1532 1565 64.
1555 1542 1626 1554 -·
1641 1514 1933 1579 Neptunus,
1957 1515 2141 1563 Thesei
2171 1530 2265 1580 pa-

1324 1593 1430 1643 ter,
1465 1583 1542 1632 Ib.
1573 1580 1634 1641 3,
1665 1583 1727 1634 31
1746 1620 1760 1644 ,
1801 1583 1884 1635 76.
1906 1583 2116 1632 —Eius
2144 1599 2260 1648 pro-

1323 1655 1538 1702 missum
1555 1651 1752 1702 Theseo
1785 1653 1982 1712 datum,
2015 1653 2080 1702 de
2100 1652 2186 1705 off.
2213 1654 2262 1715 1,

1325 1722 1418 1784 10,
1455 1720 1538 1772 32.
1557 1748 1626 1758 -
1643 1721 1880 1787 Neptunii
1910 1723 2029 1785 equi
2057 1721 2263 1788 Pelopis

1323 1805 1416 1856 per
1448 1790 1614 1841 undas
1645 1806 1823 1842 currus
1862 1806 2142 1856 suspensos
2177 1805 2261 1842 ra-

1322 1862 1500 1926 puisse
1535 1860 1797 1919 dicuntur,
1831 1860 2032 1910 Tuscul.
2072 1861 2138 1921 2,
2175 1862 2260 1925 27,

1322 1932 1411 1984 67.
1431 1956 1500 1967 -
1519 1928 1782 1993 Neptunus
1807 1946 1900 1994 pro
1929 1932 2075 1988 mari,
2098 1930 2162 1979 de
2183 1945 2258 1980 or.

1240 2036 1245 2041 .
1323 1998 1374 2061 3,
1404 2000 1490 2059 42,
1518 1997 1635 2048 167.
1657 2024 1728 2035 —-
1745 1997 1965 2062 Neptuni
1983 1998 2076 2047 filii
2096 2001 2260 2048 nomi-

1323 2069 1433 2117 nari
1474 2066 1705 2117 solebant
1751 2069 1891 2116 saevi
1927 2074 1976 2116 et
2013 2068 2259 2121 immanes

1323 2137 1580 2199 homineS,
1621 2144 1676 2184 ut
1705 2136 2078 2200 Polyphemus,
2113 2136 2180 2187 de
2203 2154 2256 2193 n.

1325 2206 1376 2257 d.
1399 2206 1425 2255 1
1444 2243 1458 2267 ,
1492 2204 1586 2268 23,
1609 2204 1693 2256 63.
1722 2232 1780 2242 --
1799 2206 2019 2271 Neptuni
2036 2207 2260 2272 porticus

1323 2273 1544 2325 Puteolis
1561 2311 1575 2333 ,
1597 2275 1756 2324 Acad.
1778 2289 1856 2338 pr.
1879 2279 1910 2325 2
1929 2313 1942 2335 ,
1965 2275 2058 2337 25,
2082 2276 2169 2325 80.
2191 2302 2258 2313 -

1324 2344 1632 2393 Memoratur
1651 2344 1802 2391 etiam
1825 2344 1888 2392 de
1907 2344 2064 2393 divin.
2090 2345 2120 2391 2
2137 2378 2151 2401 ,
2170 2342 2259 2399 59.

1325 2411 1441 2463 123.
1481 2412 1543 2461 de
1562 2426 1612 2461 n.
1635 2413 1687 2461 d.
1711 2410 1762 2471 3,
1785 2410 1871 2471 20,
1891 2412 1975 2463 52.
2009 2411 2072 2459 de
2093 2410 2176 2459 off.
2205 2409 2258 2473 3,

1322 2481 1389 2530 25
1406 2515 1422 2543 ,
1468 2481 1554 2532 94.
1612 2486 1872 2544 prognost.
1917 2477 2034 2527 180.
2071 2478 2254 2543 fragm.

1250 2565 1554 2668 Negatiana
1575 2616 1762 2665 auctio·
1798 2616 1922 2665 Eius
1944 2616 2118 2668 tabula
2135 2618 2258 2668 ridi-

1321 2686 1438 2737 cula
1452 2722 1467 2750 ,
1491 2686 1554 2738 de
1574 2686 1687 2751 lege
1708 2701 1817 2751 agr.
1841 2687 1892 2746 2,
1913 2686 1999 2747 25,
2020 2686 2106 2737 67.

1248 2770 1518 2824 Nereides
1575 2772 1883 2837 puniverunt
1933 2770 2257 2840 Cassiepeatn

1320 2857 1498 2963 auzgn
1528 2856 1641 2891 cum
1669 2843 1734 2891 iis
1757 2841 2253 2907 contendere,·A1·at.

1323 2928 1374 2961 v·
1471 2912 1518 2963 1.

1252 2996 1352 3047 Cn.
1371 2995 1573 3048 Nerius
1599 2996 1814 3063 Pupinia
1826 3034 1840 3057 ‚
1873 2997 1935 3046 de
1954 2996 2146 3046 ambitu
2163 3010 2259 3060 po-

1321 3067 1530 3117 stulavit
1556 3068 1613 3115 P.
1643 3066 1890 3125 Sestium,
1921 3064 2071 3143 (ιὰ-Ω.
2106 3063 2166 3115 fr.
2201 3065 2252 3116 2.

1248 3136 1518 3282 Neai-tofum.
1577 3202 1640 3250 V.
1685 3202 1735 3250 in
1777 3192 2040 3249 Claudiis
2076 3198 2256 3248 Nero-

1249 3271 1629 3391 Noli-xiguam
1652 3337 1839 3385 dictum
1873 3338 1925 3383 in
1955 3350 2156 3385 servum
2176 3334 2257 3383 fu-

1320 3418 1488 3455 racem
1509 3440 1524 3463 ,
1555 3411 1609 3452 ut
1636 3404 1836 3453 videtur
1857 3403 1909 3453 C.
1945 3401 2143 3453 Claudii
2160 3402 2255 3452 Ne·
