2500 3850
216 157 338 221 322

287 328 334 373 in
364 326 461 372 illis
495 322 683 387 singuli
713 321 928 371 fuissent
955 320 1058 369 fere
1076 358 1092 384 ,
1131 320 1218 382 qui

281 408 424 441 suam
456 393 668 454 quisque
689 406 797 439 rem
815 391 1072 455 publicam
1095 402 1215 438 con-

281 463 562 510 stituissent
583 461 783 525 legibus
806 468 954 521 atque
975 459 1216 507 institutis

283 532 415 579 suis:
459 538 628 579 nostra
677 538 843 578 autem
889 542 968 576 res
1016 525 1245 591 publica·

283 614 384 657 non
410 601 560 647 unius
581 606 714 647 esset
733 598 954 662 ingenie,
980 596 1072 645 sed
1090 595 1218 643 mul-

279 679 446 717 torum
459 704 476 727 ,
499 682 594 717 nec
612 680 714 715 una
732 666 951 715 hominis
971 667 1076 713 vita
1090 701 1105 726 ‚
1127 663 1218 713 sed

283 737 477 797 aliquot
507 738 776 785 constituta
805 733 1024 783 saeculis
1055 743 1104 781 81
1131 748 1216 781 ac-

281 806 498 867 18115113,
521 807 591 853 11).
615 808 663 867 S.
701 806 747 854 2.
769 811 817 853 81
843 802 894 855 3.
936 803 1008 853 11).
1030 803 1090 865 2,
1129 800 1214 866 21,

281 872 366 923 37.
387 898 457 907 -·
481 872 748 932 Catonum,
777 870 1068 937 Philonum‚
1088 870 1216 919 Lae-

281 944 462 991 liorum
501 944 751 1006 sapientia
782 940 1216 1004 temperantiaque

279 1013 331 1059 in
367 1010 585 1075 publicis
620 1011 958 1073 privatisque,
1000 1007 1215 1055 forensi-

279 1081 372 1127 bus
399 1079 785 1139 domesticisque
819 1078 971 1125 rebus
1000 1089 1216 1139 perspe-

280 1156 388 1197 ctae
405 1186 419 1208 ,
447 1148 510 1195 de
531 1147 644 1211 lege
671 1160 780 1211 agr.
811 1147 874 1204 2,
913 1145 1008 1203 24,
1035 1142 1119 1193 64.
1147 1170 1214 1182 ψ-

283 1219 430 1264 Anno
449 1231 498 1263 ιι.
530 1232 576 1265 8.
597 1214 718 1266 604.
751 1214 996 1279 septimus
1030 1219 1078 1261 et
1104 1211 1215 1262 Ori-

279 1300 398 1333 num
438 1285 566 1333 liber
596 1285 784 1333 eratin
821 1282 1054 1332 manibus
1092 1289 1211 1339 etc„

280 1354 341 1402 de
380 1368 485 1403 seu.
521 1353 615 1413 11,
654 1352 740 1405 38.
771 1378 842 1390 -—·
875 1354 932 1400 ln
963 1351 1213 1414 principio

279 1424 484 1486 scripsit
515 1421 776 1486 Originum
813 1435 1020 1471 suarum
1051 1418 1214 1469 claro-

277 1506 390 1539 rum
440 1492 657 1539 virorum
713 1499 863 1553 atque
915 1502 1213 1553 magnorum

280 1573 377 1606 non
404 1560 568 1607 minus
605 1560 693 1607 otii
717 1574 866 1621 quam
899 1558 1092 1622 negotii
1129 1572 1210 1605 ra-

277 1628 466 1675 tionem
516 1635 711 1675 exstare
783 1636 1016 1690 oportere
1036 1662 1050 1689 ,
1118 1640 1212 1689 pro

279 1694 448 1745 Plane.
474 1696 567 1755 27,
589 1695 676 1746 66.
709 1722 770 1733 -
792 1695 882 1743 Est
909 1696 960 1752 in
990 1694 1209 1757 Origini-

276 1764 372 1810 bus
389 1799 402 1821 ,
439 1762 614 1812 solitos
638 1778 750 1813 esse
772 1764 822 1811 in
845 1763 1010 1827 epulis
1030 1777 1210 1811 canere

278 1832 516 1880 convivas
551 1832 616 1881 ad
656 1833 914 1881 tibicinem
950 1832 1012 1881 de
1048 1830 1209 1879 claro-

275 1914 386 1949 rum
421 1900 682 1950 hominum
714 1902 1008 1960 virtutibuS,
1047 1898 1208 1950 hono-

277 1985 381 2018 rem
409 1977 573 2018 tamen
603 1972 765 2034 poetis
794 1985 894 2021 non
927 1970 1088 2019 fuisse
1121 1970 1208 2018 de—

276 2039 427 2086 clarat
460 2041 618 2088 oratio
651 2037 880 2098 Catonis,
920 2040 972 2087 in
1002 2051 1101 2099 qua
1121 2039 1209 2088 ob-

273 2108 390 2154 iecit
437 2114 490 2154 ut
540 2108 774 2170 probrum
826 2108 891 2155 M.
943 2105 1208 2164 Nobiliori,

276 2175 406 2236 quod
427 2175 477 2221 in
500 2175 809 2237 provinciam
839 2177 1014 2237 poetas
1034 2175 1208 2223 duxis-

275 2250 376 2304 set,
409 2242 614 2294 Tuscul.
653 2243 710 2300 1,
747 2245 776 2292 2
797 2279 809 2300 ,
842 2243 893 2294 3.
925 2243 1134 2292 *Cato
1153 2243 1208 2290 in

275 2310 562 2375 Originibus
582 2311 708 2360 dixit
726 2325 916 2360 morem
947 2313 1083 2376 apud
1102 2326 1206 2360 ma·

274 2383 405 2430 iores
439 2379 574 2428 hunc
615 2380 877 2446 epularum
915 2381 1102 2442 fuisse,
1151 2388 1206 2428 ut

273 2451 538 2514 deincePS,
575 2452 661 2512 qui
692 2452 1016 2509 accubat-ent,
1058 2464 1206 2498 cane-

271 2528 379 2567 rent
411 2519 476 2568 ad
501 2519 675 2570 tibiam
703 2519 951 2570 clarorum
983 2519 1205 2568 virorum

271 2586 449 2637 laudes
470 2595 619 2649 atque
648 2590 887 2652 virtuteS,
924 2587 1129 2636 Tuscul.
1148 2589 1200 2650 4,

275 2657 324 2716 2,
346 2654 395 2704 3.
419 2655 482 2704 81.
503 2655 641 2707 Brut.
671 2655 749 2709 19,
771 2639 854 2706 75.
879 2654 1072 2702 -Ser.
1091 2622 1204 2704 Sul-

269 2723 394 2786 picii
409 2723 598 2771 Galbae
616 2739 731 2772 acer
749 2724 998 2783 inimicuS,
1021 2737 1202 2786 aspere

272 2791 514 2838 adversus
571 2790 706 2838 hunc
755 2791 893 2854 apud
955 2792 1201 2854 populum

270 2859 418 2910 Rom.
454 2865 503 2906 et
531 2857 855 2906 vehementer
883 2867 958 2905 est
985 2857 1198 2921 locutus,

270 2942 419 2988 quam
470 2927 746 2975 orationem
801 2927 852 2973 in
907 2924 1198 2989 Originibus

268 2997 375 3044 suis
396 2995 626 3058 exposuit
645 2995 783 3058 ipse,
807 2994 1014 3046 decrat.
1041 2996 1087 3054 1,
1109 2996 1194 3056 53,

269 3066 384 3114 227,
433 3089 500 3099 -
539 3061 788 3126 Legiones
843 3065 1019 3112 scribit
1075 3063 1194 3114 Cato

268 3146 420 3195 saepe
438 3131 630 3180 alacres
655 3133 704 3180 in
737 3147 849 3184 eum
882 3133 1044 3182 locum
1075 3148 1194 3198 pro-

265 3200 452 3260 sectaS,
476 3201 608 3250 unde
637 3202 884 3252 redituras
914 3218 970 3252 se
997 3217 1094 3252 non
1117 3217 1194 3250 ar-

261 3269 588 3329 bitrarentur,
612 3269 816 3322 Tuscul.
847 3273 906 3335 1,
942 3272 1036 3333 42,
1074 3271 1190 3326 101,

263 3361 330 3369 --
349 3336 510 3384 Locus
543 3354 604 3386 ex
632 3338 956 3419 Originibus,
990 3340 1052 3388 de
1082 3355 1188 3389 sen.

264 3402 347 3466 20,
369 3404 450 3454 75.
472 3433 536 3442 -—
557 3404 788 3472 Origines
809 3410 917 3457 eius
937 3423 1085 3469 quem
1100 3408 1192 3456 sso-

929 169 1002 213 M.
1037 166 1328 213 PORCIUS
1370 165 1571 213 CATO.

1355 336 1461 368 rem
1493 328 1579 369 aut
1612 320 1751 383 quod
1780 320 1949 369 lumen
1982 321 2299 384 eloquentiae

1356 403 1453 437 non
1486 387 1712 438 habeut?
1744 388 1861 437 Brut
1896 390 1986 449 17,
2015 389 2103 443 66.
2144 392 2207 443 cl.
2228 401 2300 440 ta-

1356 472 1473 507 men
1492 458 1557 506 ib.
1580 457 1666 518 85,
1688 456 1809 507 294.
1824 484 1895 496 --
1916 457 2023 515 Quo
2046 461 2201 509 modo
2222 460 2299 508 hi-

1358 528 1566 575 storiam
1585 528 1875 590 scripserit,
1898 526 1961 575 ‹le
1984 534 2109 575 orat.
2135 529 2187 589 2,
2217 530 2295 588 12,

1356 596 1439 644 51.
1466 622 1532 631 —
1565 596 1684 645 Cato
1714 594 1987 643 historicus
2018 596 2193 656 exiliS,
2236 598 2297 645 de

1357 664 1457 728 leg.
1483 665 1508 713 1
1534 700 1549 723 ,
1581 667 1642 728 2,
1670 663 1721 713 6.
1742 688 1811 699 -
1834 662 2171 729 Comparatur
2190 667 2296 714 eius

1357 734 1561 781 dicendi
1594 746 1755 797 genus
1789 747 1902 779 cum
1933 732 2119 797 Lysia,
2156 733 2291 782 Brut.

1358 801 1439 863 16,
1462 800 1548 852 63.
1589 800 1653 850 81.
1677 808 1847 849 tamen
1866 801 1933 849 ib.
1956 802 2042 865 85,
2064 800 2185 851 293.
2224 804 2289 851 lb.

1356 870 1442 931 87,
1464 869 1583 924 298.
1610 896 1677 905 —
1698 868 1907 918 Centum
1929 872 2291 935 quinquaginta

1356 939 1466 987 eius
1494 940 1745 988 orationes
1772 939 1963 987 invenit
1992 945 2042 987 et
2068 938 2194 1004 legit
2216 940 2290 989 Gi-

1356 1022 1495 1066 cere,
1518 1009 1593 1060 lb.
1624 1008 1683 1056 17
1700 1044 1713 1067 ,
1738 1006 1820 1057 65.
1841 1033 1911 1045 --
1937 1006 2160 1057 Cedebat
2181 1007 2289 1057 Gal-

1355 1078 1476 1134 bae,
1499 1077 1573 1125 Ib.
1596 1076 1690 1134 97,
1718 1074 1839 1128 333.
1862 1102 1928 1111 —-
1950 1074 2157 1125 Catonis
2186 1078 2309 1125 ora-'

1353 1147 1517 1194 tiones
1544 1144 1864 1205 horridulae,
1900 1145 2052 1193 etiam
2087 1154 2289 1210 propter

1300 1244 1307 1252 ·
1354 1214 1667 1275 frequentem
1700 1228 1997 1262 concursum
2020 1215 2285 1275 vocalium,

1342 1290 1481 1331 orat.
1499 1282 1585 1341 45,
1604 1281 2080 1333 152.—Catonema
2096 1281 2287 1334 Cicero·

1354 1351 1433 1399 nis
1449 1352 1629 1400 aetatis
1652 1352 1937 1399 oratoribus
1956 1364 2057 1399 non
2075 1352 2286 1415 amplius

1353 1420 1491 1484 legi,
1523 1419 1661 1468 Brut.
1688 1419 1769 1483 17,
1792 1418 1877 1469 65.
1918 1420 1983 1469 81.
2008 1420 2079 1469 11).
2105 1420 2188 1480 17,
2208 1420 2283 1471 66.

1352 1512 1419 1523 --
1440 1488 1560 1538 Cato
1580 1500 1739 1536 annos
1758 1488 1914 1537 LXV.
1939 1495 2087 1537 natus
2109 1504 2156 1537 a;
2173 1505 2223 1536 u.
2244 1506 2285 1537 8.

1351 1556 1470 1608 585.
1536 1557 1703 1621 legem
1759 1558 2039 1606 Voconiam
2106 1572 2287 1622 magna

1294 1652 1298 1657 ·
1348 1640 1473 1673 voce
1495 1633 1545 1674 et
1565 1626 1713 1675 bonis
1738 1623 1976 1674 lateribus
2000 1628 2194 1685 suasit,
2227 1628 2286 1675 (18

1349 1709 1456 1745 sen.
1481 1694 1539 1752 5,
1578 1696 1656 1743 14.
1685 1721 1751 1729 —
1770 1690 1935 1743 Locus
1958 1709 2022 1741 ex
2049 1696 2161 1744 eius
2182 1710 2288 1744 ora-

1351 1764 1503 1821 tione,
1527 1763 1589 1811 de
1610 1762 1693 1811 off.
1716 1762 1767 1820 3,
1790 1762 1874 1822 29,
1910 1762 2025 1814 104.
2050 1764 2289 1829 ——Frag-

1347 1839 1570 1881 mentum
1592 1846 1655 1879 ex
1676 1833 1900 1881 oratione
1920 1832 2061 1891 eius,
2094 1833 2161 1882 de
2182 1848 2285 1882 sen.

1351 1901 1444 1963 18,
1466 1899 1553 1950 62.
1576 1928 1641 1936 ——
1662 1900 1709 1949 A
1730 1915 1851 1950 sene
1872 1899 2057 1950 Catone
2080 1901 2287 1952 collecto

1352 1977 1469 2020 sunt
1504 1961 1951 2033 ἀποφθέγματα,
1992 1971 2056 2020 (18
2080 1980 2211 2021 orat.

1346 2039 1430 2101 67,
1452 2039 1571 2089 271.
1594 2065 1661 2074 --
1680 2039 1853 2098 Liber,
1880 2053 2027 2100 quem
2053 2040 2117 2088 (18
2138 2042 2287 2090 rebus

1348 2107 1547 2156 rusticis
1585 2109 1818 2171 scripsit,
1869 2117 2181 2157 memoratur
2230 2110 2289 2158 de

1348 2191 1456 2224 sen.
1474 2175 1553 2239 15,
1568 2171 1653 2225 54.
1670 2167 1875 2224 —Eius
1895 2177 2113 2239 epistola
2133 2179 2201 2226 ad
2219 2177 2283 2225 M.

1345 2243 1617 2308 Popillium
1634 2257 1735 2293 cos.
1761 2259 1809 2296 a.
1824 2261 1877 2293 u.
1893 2260 1933 2292 c.
1948 2245 2093 2306 581.
2117 2245 2182 2294 (18
2203 2245 2287 2295 off.

1350 2313 1375 2362 1
1396 2351 1408 2372 ,
1436 2313 1493 2361 11
1512 2350 1527 2376 ,
1558 2312 1643 2363 36.
1670 2340 1736 2348 —
1757 2313 1840 2361 Ad
1858 2313 2082 2362 Marcum
2104 2313 2284 2375 filium,

1346 2383 1420 2432 Ib.
1445 2382 1490 2444 l,
1517 2381 1597 2440 11,
1620 2380 1707 2430 37.
1733 2407 1800 2421 —-
1819 2381 2004 2430 Ineius
2030 2382 2179 2432 libris
2198 2398 2286 2432 no—

1346 2450 1573 2500 minatim
1584 2419 1693 2498 ’fere
1712 2449 1953 2510 refertur,
1982 2452 2109 2513 quid
2130 2451 2286 2500 alicui

1346 2519 1439 2568 de·
1430 2533 1537 2567 mre
1553 2519 1661 2568 viro
1682 2525 1766 2567 aut
1784 2517 1985 2567 mulieri
2005 2522 2284 2584 responde-

1344 2589 1436 2652 iit,
1470 2587 1533 2636 de
1553 2593 1677 2638 orat.
1706 2589 1765 2647 2,
1800 2583 1892 2648 33,
1932 2588 2049 2637 142.
2073 2615 2137 2624 —
2165 2589 2283 2638 Cato

1342 2656 1427 2704 ille
1460 2659 1663 2720 sapiens
1685 2655 1913 2717 queritur
1939 2656 2100 2705 multa
2121 2672 2284 2721 augu-

1340 2727 1440 2784 ria,
1496 2724 1655 2774 multa
1702 2725 1931 2788 auspicia
1969 2725 2285 2790 negligentia

1341 2793 1543 2857 collegii
1580 2793 1765 2841 amissa
1806 2792 1957 2857 plane
1994 2801 2043 2842 81
2082 2795 2285 2854 deserta

1340 2877 1468 2925 esse,
1492 2861 1555 2910 de
1574 2861 1733 2911 divin.
1763 2861 1809 2920 1,
1835 2861 1919 2919 15,
1942 2862 2027 2914 28.
2054 2888 2121 2898 ——
2146 2862 2283 2911 Afri-

1336 2945 1515 2980 canum
1552 2931 1797 2979 maiorem
1844 2931 2017 2978 scribit
2071 2931 2283 2980 solitum

1338 3013 1448 3049 8338
1504 3000 1672 3048 dicere
1723 3012 2002 3060 numquam
2042 3014 2103 3048 se
2162 2999 2281 3064 plus

1335 3083 1486 3133 agere
1522 3083 1671 3130 quam
1710 3065 1838 3115 nihil
1887 3081 2043 3127 quum
2084 3075 2280 3133 ageret,

1335 3152 1605 3199 numquam
1620 3139 1784 3186 minus
1808 3135 1973 3184 solum
1990 3150 2105 3185 esse
2126 3152 2280 3199 quam

1335 3221 1488 3266 quum
1520 3205 1659 3256 solus
1692 3211 1853 3264 esset,
1877 3204 1939 3253 (18
1960 3221 2001 3256 r.
2031 3219 2083 3267 p.
2113 3207 2136 3254 1
2157 3243 2172 3265 ,
2197 3206 2280 3264 17,

1332 3275 1417 3325 27.
1457 3275 1522 3322 ad
1545 3275 1659 3324 Her.
1682 3275 1739 3329 4,
1766 3273 1817 3330 5,
1843 3272 1889 3324 7.
1929 3273 1990 3321 (18
2012 3274 2117 3321 inv.
2143 3274 2170 3322 1
2191 3313 2205 3338 ,
2224 3275 2278 3333 4,

1330 3342 1382 3392 5.
1420 3344 1597 3405 parad.
1625 3343 1742 3404 1,.2,
1772 3341 1852 3389 12.
1881 3341 1943 3390 de
1964 3349 2091 3390 orat.
2115 3341 2165 3404 3,
2195 3343 2279 3402 15,
