<?xml version="1.0" encoding="UTF-8"?>
<!DOCTYPE html PUBLIC "-//W3C//DTD XHTML 1.0 Transitional//EN"
    "http://www.w3.org/TR/xhtml1/DTD/xhtml1-transitional.dtd">
<html xmlns="http://www.w3.org/1999/xhtml" xml:lang="en" lang="en">
 <head>
  <title>
</title>
<meta http-equiv="Content-Type" content="text/html;charset=utf-8" />
  <meta name='ocr-system' content='tesseract 3.04.00' />
  <meta name='ocr-capabilities' content='ocr_page ocr_carea ocr_par ocr_line ocrx_word'/>
</head>
<body>
  <div class='ocr_page' id='page_1' title='image "./scriptaquaemans04mlgoog_0076.png"; bbox 0 0 2500 3850; ppageno 0'>
   <div class='ocr_carea' id='block_1_1' title="bbox 251 151 330 212">
    <p class='ocr_par' dir='ltr' id='par_1_1' title="bbox 251 151 330 212">
     <span class='ocr_line' id='line_1_1' title="bbox 251 151 330 212; baseline 0 0"><span class='ocrx_word' id='word_1_1' title='bbox 251 151 330 212; x_wconf 89' lang='lat'>70</span> 
     </span>
    </p>
   </div>
   <div class='ocr_carea' id='block_1_2' title="bbox 233 313 1254 3272">
    <p class='ocr_par' dir='ltr' id='par_1_2' title="bbox 317 313 1254 446">
     <span class='ocr_line' id='line_1_2' title="bbox 318 313 1254 378; baseline -0.002 -14"><span class='ocrx_word' id='word_1_2' title='bbox 318 317 438 364; x_wconf 88' lang='lat' dir='ltr'>dum</span> <span class='ocrx_word' id='word_1_3' title='bbox 459 315 524 363; x_wconf 89' lang='lat' dir='ltr'>ad</span> <span class='ocrx_word' id='word_1_4' title='bbox 544 315 944 378; x_wconf 83' lang='lat' dir='ltr'><strong>promontorium</strong></span> <span class='ocrx_word' id='word_1_5' title='bbox 967 313 1172 378; x_wconf 88' lang='lat' dir='ltr'>Calpen,</span> <span class='ocrx_word' id='word_1_6' title='bbox 1189 315 1254 363; x_wconf 88' lang='lat' dir='ltr'>ad</span> 
     </span>
     <span class='ocr_line' id='line_1_3' title="bbox 317 381 1128 446; baseline 0.004 -15"><span class='ocrx_word' id='word_1_7' title='bbox 317 387 420 432; x_wconf 83' lang='lat' dir='ltr'>Att.</span> <span class='ocrx_word' id='word_1_8' title='bbox 447 384 528 446; x_wconf 83' lang='lat'>12,</span> <span class='ocrx_word' id='word_1_9' title='bbox 547 385 644 443; x_wconf 90' lang='lat'>44,</span> <span class='ocrx_word' id='word_1_10' title='bbox 663 385 714 432; x_wconf 90' lang='lat'>4.</span> <span class='ocrx_word' id='word_1_11' title='bbox 760 384 834 432; x_wconf 90' lang='lat' dir='ltr'>Ib.</span> <span class='ocrx_word' id='word_1_12' title='bbox 862 381 944 440; x_wconf 86' lang='lat'>15,</span> <span class='ocrx_word' id='word_1_13' title='bbox 967 383 1054 443; x_wconf 97' lang='grc'>20,</span> <span class='ocrx_word' id='word_1_14' title='bbox 1077 382 1128 435; x_wconf 85' lang='grc'>3.</span> 
     </span>
    </p>

    <p class='ocr_par' dir='ltr' id='par_1_3' title="bbox 246 449 1249 584">
     <span class='ocr_line' id='line_1_4' title="bbox 246 449 1249 515; baseline -0.002 -13"><span class='ocrx_word' id='word_1_15' title='bbox 246 450 309 503; x_wconf 86' lang='lat' dir='ltr'><strong>L.</strong></span> <span class='ocrx_word' id='word_1_16' title='bbox 347 449 635 515; x_wconf 87' lang='lat' dir='ltr'>Carteius,</span> <span class='ocrx_word' id='word_1_17' title='bbox 673 452 944 502; x_wconf 75' lang='lat' dir='ltr'>familiaris</span> <span class='ocrx_word' id='word_1_18' title='bbox 977 451 1029 501; x_wconf 88' lang='lat' dir='ltr'>C.</span> <span class='ocrx_word' id='word_1_19' title='bbox 1069 452 1249 513; x_wconf 85' lang='lat' dir='ltr'>Cassii,</span> 
     </span>
     <span class='ocr_line' id='line_1_5' title="bbox 315 521 889 584; baseline -0.002 -14"><span class='ocrx_word' id='word_1_20' title='bbox 315 522 380 570; x_wconf 85' lang='lat' dir='ltr'>ad</span> <span class='ocrx_word' id='word_1_21' title='bbox 403 521 524 574; x_wconf 76' lang='lat' dir='ltr'>fam.</span> <span class='ocrx_word' id='word_1_22' title='bbox 551 522 633 581; x_wconf 84' lang='lat'>12,</span> <span class='ocrx_word' id='word_1_23' title='bbox 663 521 746 582; x_wconf 92' lang='grc'>11,</span> <span class='ocrx_word' id='word_1_24' title='bbox 766 521 818 584; x_wconf 93' lang='grc'>2,</span> <span class='ocrx_word' id='word_1_25' title='bbox 839 522 889 570; x_wconf 90' lang='grc'>2.</span> 
     </span>
    </p>

    <p class='ocr_par' dir='ltr' id='par_1_4' title="bbox 249 587 1009 657">
     <span class='ocr_line' id='line_1_6' title="bbox 249 587 1009 657; baseline -0.005 -17"><span class='ocrx_word' id='word_1_26' title='bbox 249 589 557 656; x_wconf 83' lang='lat' dir='ltr'>Carthago.</span> <span class='ocrx_word' id='word_1_27' title='bbox 598 591 660 638; x_wconf 93' lang='lat' dir='ltr'>V.</span> <span class='ocrx_word' id='word_1_28' title='bbox 690 587 1009 657; x_wconf 79' lang='lat' dir='ltr'>Karthago.</span> 
     </span>
    </p>

    <p class='ocr_par' dir='ltr' id='par_1_5' title="bbox 249 657 1250 862">
     <span class='ocr_line' id='line_1_7' title="bbox 249 657 1250 722; baseline -0.004 -14"><span class='ocrx_word' id='word_1_29' title='bbox 249 657 550 710; x_wconf 80' lang='lat' dir='ltr'>Carvilius.</span> <span class='ocrx_word' id='word_1_30' title='bbox 591 657 805 708; x_wconf 82' lang='lat' dir='ltr'>Catilina</span> <span class='ocrx_word' id='word_1_31' title='bbox 836 660 899 707; x_wconf 88' lang='lat' dir='ltr'>ab</span> <span class='ocrx_word' id='word_1_32' title='bbox 926 659 1066 707; x_wconf 88' lang='lat' dir='ltr'>atriis</span> <span class='ocrx_word' id='word_1_33' title='bbox 1089 657 1250 722; x_wconf 87' lang='lat' dir='ltr'>Sapa-</span> 
     </span>
     <span class='ocr_line' id='line_1_8' title="bbox 313 726 1250 777; baseline -0.002 -1"><span class='ocrx_word' id='word_1_34' title='bbox 313 730 390 777; x_wconf 86' lang='lat' dir='ltr'>las</span> <span class='ocrx_word' id='word_1_35' title='bbox 425 737 472 776; x_wconf 87' lang='lat' dir='ltr'>et</span> <span class='ocrx_word' id='word_1_36' title='bbox 504 726 750 777; x_wconf 85' lang='lat' dir='ltr'>Carvilios</span> <span class='ocrx_word' id='word_1_37' title='bbox 780 728 880 776; x_wconf 89' lang='lat' dir='ltr'>sibi</span> <span class='ocrx_word' id='word_1_38' title='bbox 915 727 1250 776; x_wconf 86' lang='lat' dir='ltr'>amicissimos</span> 
     </span>
     <span class='ocr_line' id='line_1_9' title="bbox 313 795 1244 862; baseline -0.001 -16"><span class='ocrx_word' id='word_1_39' title='bbox 313 799 653 862; x_wconf 83' lang='lat' dir='ltr'>comparavit,</span> <span class='ocrx_word' id='word_1_40' title='bbox 676 797 736 856; x_wconf 88' lang='lat' dir='ltr'>Q.</span> <span class='ocrx_word' id='word_1_41' title='bbox 759 795 861 848; x_wconf 85' lang='lat' dir='ltr'>Cic.</span> <span class='ocrx_word' id='word_1_42' title='bbox 887 797 951 846; x_wconf 86' lang='lat' dir='ltr'>de</span> <span class='ocrx_word' id='word_1_43' title='bbox 971 803 1074 860; x_wconf 86' lang='lat' dir='ltr'>pet.</span> <span class='ocrx_word' id='word_1_44' title='bbox 1105 810 1244 845; x_wconf 77' lang='lat' dir='ltr'>cona.</span> 
     </span>
    </p>

    <p class='ocr_par' dir='ltr' id='par_1_6' title="bbox 245 901 1250 1484">
     <span class='ocr_line' id='line_1_10' title="bbox 245 901 1250 1003; baseline -0.004 -17"><span class='ocrx_word' id='word_1_45' title='bbox 245 901 669 1003; x_wconf 49' lang='lat' dir='ltr'>spbar-vilius.</span> <span class='ocrx_word' id='word_1_46' title='bbox 713 934 801 1000; x_wconf 87' lang='lat' dir='ltr'>Sp.</span> <span class='ocrx_word' id='word_1_47' title='bbox 841 933 1056 984; x_wconf 87' lang='lat' dir='ltr'>Carvilio</span> <span class='ocrx_word' id='word_1_48' title='bbox 1079 935 1250 999; x_wconf 83' lang='lat' dir='ltr'>gravi·</span> 
     </span>
     <span class='ocr_line' id='line_1_11' title="bbox 309 1003 1250 1054; baseline -0.003 0"><span class='ocrx_word' id='word_1_49' title='bbox 309 1016 386 1054; x_wconf 87' lang='lat' dir='ltr'>ter</span> <span class='ocrx_word' id='word_1_50' title='bbox 404 1005 705 1054; x_wconf 75' lang='lat' dir='ltr'>claudicanti</span> <span class='ocrx_word' id='word_1_51' title='bbox 730 1019 794 1053; x_wconf 86' lang='lat' dir='ltr'>ex</span> <span class='ocrx_word' id='word_1_52' title='bbox 819 1003 1027 1053; x_wconf 89' lang='lat' dir='ltr'>vulnere</span> <span class='ocrx_word' id='word_1_53' title='bbox 1051 1005 1114 1052; x_wconf 93' lang='lat' dir='ltr'>ob</span> <span class='ocrx_word' id='word_1_54' title='bbox 1144 1018 1250 1051; x_wconf 89' lang='lat' dir='ltr'>rem</span> 
     </span>
     <span class='ocr_line' id='line_1_12' title="bbox 313 1072 1250 1138; baseline -0.002 -16"><span class='ocrx_word' id='word_1_55' title='bbox 313 1073 572 1138; x_wconf 76' lang='lat' dir='ltr'>publicam</span> <span class='ocrx_word' id='word_1_56' title='bbox 605 1080 810 1136; x_wconf 87' lang='lat' dir='ltr'>accepto</span> <span class='ocrx_word' id='word_1_57' title='bbox 849 1073 974 1134; x_wconf 86' lang='lat' dir='ltr'>quid</span> <span class='ocrx_word' id='word_1_58' title='bbox 994 1081 1155 1121; x_wconf 88' lang='lat' dir='ltr'>mater</span> <span class='ocrx_word' id='word_1_59' title='bbox 1173 1072 1250 1121; x_wconf 86' lang='lat' dir='ltr'>di-</span> 
     </span>
     <span class='ocr_line' id='line_1_13' title="bbox 311 1139 1248 1206; baseline 0 -16"><span class='ocrx_word' id='word_1_60' title='bbox 311 1143 442 1191; x_wconf 89' lang='lat' dir='ltr'>xerit</span> <span class='ocrx_word' id='word_1_61' title='bbox 458 1180 471 1202; x_wconf 93' lang='lat'>,</span> <span class='ocrx_word' id='word_1_62' title='bbox 493 1143 555 1191; x_wconf 89' lang='lat' dir='ltr'>de</span> <span class='ocrx_word' id='word_1_63' title='bbox 575 1150 698 1190; x_wconf 88' lang='lat' dir='ltr'>orat.</span> <span class='ocrx_word' id='word_1_64' title='bbox 719 1143 780 1202; x_wconf 90' lang='grc'>2,</span> <span class='ocrx_word' id='word_1_65' title='bbox 809 1141 874 1190; x_wconf 92' lang='grc'><strong>61</strong></span> <span class='ocrx_word' id='word_1_66' title='bbox 892 1179 907 1206; x_wconf 93' lang='grc'>,</span> <span class='ocrx_word' id='word_1_67' title='bbox 927 1141 1048 1196; x_wconf 89' lang='grc'><strong>249.</strong></span> <span class='ocrx_word' id='word_1_68' title='bbox 1071 1167 1142 1177; x_wconf 90' lang='grc'>-·</span> <span class='ocrx_word' id='word_1_69' title='bbox 1159 1139 1248 1206; x_wconf 84' lang='lat' dir='ltr'>Sp.</span> 
     </span>
     <span class='ocr_line' id='line_1_14' title="bbox 315 1209 1250 1268; baseline -0.003 -7"><span class='ocrx_word' id='word_1_70' title='bbox 315 1209 566 1261; x_wconf 84' lang='lat' dir='ltr'>Carvilius</span> <span class='ocrx_word' id='word_1_71' title='bbox 596 1225 699 1260; x_wconf 86' lang='lat' dir='ltr'>cos.</span> <span class='ocrx_word' id='word_1_72' title='bbox 724 1211 905 1260; x_wconf 88' lang='lat' dir='ltr'>iterum</span> <span class='ocrx_word' id='word_1_73' title='bbox 929 1227 1042 1260; x_wconf 90' lang='lat' dir='ltr'>cum</span> <span class='ocrx_word' id='word_1_74' title='bbox 1071 1210 1128 1268; x_wconf 95' lang='lat' dir='ltr'><strong>Q.</strong></span> <span class='ocrx_word' id='word_1_75' title='bbox 1152 1211 1250 1259; x_wconf 86' lang='lat' dir='ltr'>Fa·</span> 
     </span>
     <span class='ocr_line' id='line_1_15' title="bbox 314 1278 1248 1330; baseline 0 -2"><span class='ocrx_word' id='word_1_76' title='bbox 314 1281 407 1329; x_wconf 82' lang='lat' dir='ltr'>bio·</span> <span class='ocrx_word' id='word_1_77' title='bbox 433 1278 657 1329; x_wconf 80' lang='lat' dir='ltr'>Maximo</span> <span class='ocrx_word' id='word_1_78' title='bbox 693 1278 993 1330; x_wconf 86' lang='lat' dir='ltr'>Cunctatore</span> <span class='ocrx_word' id='word_1_79' title='bbox 1030 1295 1078 1329; x_wconf 86' lang='lat' dir='ltr'>a.</span> <span class='ocrx_word' id='word_1_80' title='bbox 1113 1294 1163 1328; x_wconf 93' lang='lat' dir='ltr'>u.</span> <span class='ocrx_word' id='word_1_81' title='bbox 1205 1296 1248 1329; x_wconf 88' lang='lat' dir='ltr'>c.</span> 
     </span>
     <span class='ocr_line' id='line_1_16' title="bbox 313 1347 1250 1414; baseline -0.003 -14"><span class='ocrx_word' id='word_1_82' title='bbox 313 1349 433 1402; x_wconf 82' lang='lat'><strong>526.</strong></span> <span class='ocrx_word' id='word_1_83' title='bbox 473 1347 527 1399; x_wconf 89' lang='lat' dir='ltr'>C.</span> <span class='ocrx_word' id='word_1_84' title='bbox 567 1349 802 1398; x_wconf 85' lang='lat' dir='ltr'>Flaminii</span> <span class='ocrx_word' id='word_1_85' title='bbox 840 1351 956 1399; x_wconf 90' lang='lat' dir='ltr'>trib.</span> <span class='ocrx_word' id='word_1_86' title='bbox 995 1349 1069 1414; x_wconf 90' lang='lat' dir='ltr'>pt.</span> <span class='ocrx_word' id='word_1_87' title='bbox 1103 1363 1250 1413; x_wconf 78' lang='lat' dir='ltr'>agra-</span> 
     </span>
     <span class='ocr_line' id='line_1_17' title="bbox 312 1419 1246 1484; baseline -0.002 -16"><span class='ocrx_word' id='word_1_88' title='bbox 312 1420 419 1468; x_wconf 89' lang='lat' dir='ltr'>riae</span> <span class='ocrx_word' id='word_1_89' title='bbox 454 1419 686 1484; x_wconf 84' lang='lat' dir='ltr'>legi&#39;non</span> <span class='ocrx_word' id='word_1_90' title='bbox 717 1419 926 1483; x_wconf 73' lang='lat' dir='ltr'>restitit,</span> <span class='ocrx_word' id='word_1_91' title='bbox 961 1419 1023 1468; x_wconf 89' lang='lat' dir='ltr'>de</span> <span class='ocrx_word' id='word_1_92' title='bbox 1057 1433 1164 1467; x_wconf 89' lang='lat' dir='ltr'>sen.</span> <span class='ocrx_word' id='word_1_93' title='bbox 1194 1419 1246 1478; x_wconf 89' lang='lat'>4,</span> 
     </span>
    </p>

    <p class='ocr_par' dir='ltr' id='par_1_7' title="bbox 249 1554 1078 1607">
     <span class='ocr_line' id='line_1_18' title="bbox 249 1554 1078 1607; baseline -0.001 -3"><span class='ocrx_word' id='word_1_94' title='bbox 249 1554 443 1606; x_wconf 85' lang='lat' dir='ltr'>Casca.</span> <span class='ocrx_word' id='word_1_95' title='bbox 481 1559 543 1605; x_wconf 90' lang='lat' dir='ltr'>V.</span> <span class='ocrx_word' id='word_1_96' title='bbox 573 1554 846 1606; x_wconf 79' lang='lat' dir='ltr'>servilius</span> <span class='ocrx_word' id='word_1_97' title='bbox 883 1555 1078 1607; x_wconf 84' lang='lat' dir='ltr'>Casca.</span> 
     </span>
    </p>

    <p class='ocr_par' dir='ltr' id='par_1_8' title="bbox 247 1621 1247 1826">
     <span class='ocr_line' id='line_1_19' title="bbox 247 1621 1244 1688; baseline 0.001 -16"><span class='ocrx_word' id='word_1_98' title='bbox 247 1621 584 1686; x_wconf 78' lang='lat' dir='ltr'>Cascellius,</span> <span class='ocrx_word' id='word_1_99' title='bbox 606 1625 910 1688; x_wconf 85' lang='lat' dir='ltr'>praediator,</span> <span class='ocrx_word' id='word_1_100' title='bbox 929 1626 995 1674; x_wconf 89' lang='lat' dir='ltr'>ad</span> <span class='ocrx_word' id='word_1_101' title='bbox 1015 1639 1163 1687; x_wconf 91' lang='lat' dir='ltr'>quem</span> <span class='ocrx_word' id='word_1_102' title='bbox 1186 1625 1244 1684; x_wconf 93' lang='lat' dir='ltr'>Q.</span> 
     </span>
     <span class='ocr_line' id='line_1_20' title="bbox 311 1691 1248 1744; baseline 0.001 -3"><span class='ocrx_word' id='word_1_103' title='bbox 311 1691 556 1741; x_wconf 86' lang='lat' dir='ltr'>Scaevola</span> <span class='ocrx_word' id='word_1_104' title='bbox 603 1691 918 1742; x_wconf 81' lang='lat' dir='ltr'>consultores</span> <span class='ocrx_word' id='word_1_105' title='bbox 961 1708 1082 1744; x_wconf 87' lang='lat' dir='ltr'>suos</span> <span class='ocrx_word' id='word_1_106' title='bbox 1125 1709 1248 1744; x_wconf 88' lang='lat' dir='ltr'>non·</span> 
     </span>
     <span class='ocr_line' id='line_1_21' title="bbox 310 1761 1247 1862; baseline 0.002 -52"><span class='ocrx_word' id='word_1_107' title='bbox 310 1776 586 1822; x_wconf 85' lang='lat' dir='ltr'>numquam</span> <span class='ocrx_word' id='word_1_108' title='bbox 625 1761 910 1819; x_wconf 85' lang='lat' dir='ltr'>reiiciebat,</span> <span class='ocrx_word' id='word_1_109' title='bbox 939 1777 1049 1862; x_wconf 81' lang='lat' dir='ltr'>pro</span> <span class='ocrx_word' id='word_1_110' title='bbox 1090 1763 1247 1813; x_wconf 89' lang='lat' dir='ltr'>Balbo</span> 
     </span>
    </p>

    <p class='ocr_par' dir='ltr' id='par_1_9' title="bbox 242 1856 1246 2167">
     <span class='ocr_line' id='line_1_22' title="bbox 242 1856 1246 1964; baseline 0.002 -17"><span class='ocrx_word' id='word_1_111' title='bbox 242 1896 318 1947; x_wconf 88' lang='lat' dir='ltr'>M.</span> <span class='ocrx_word' id='word_1_112' title='bbox 363 1895 701 1963; x_wconf 83' lang='lat' dir='ltr'>Cascellius,</span> <span class='ocrx_word' id='word_1_113' title='bbox 732 1856 1017 1964; x_wconf 77' lang='lat' dir='ltr'>negotiator</span> <span class='ocrx_word' id='word_1_114' title='bbox 1043 1899 1097 1948; x_wconf 85' lang='lat' dir='ltr'>in</span> <span class='ocrx_word' id='word_1_115' title='bbox 1129 1914 1246 1964; x_wconf 89' lang='lat' dir='ltr'>pro-</span> 
     </span>
     <span class='ocr_line' id='line_1_23' title="bbox 307 1968 1246 2031; baseline 0.002 -15"><span class='ocrx_word' id='word_1_116' title='bbox 307 1968 478 2017; x_wconf 86' lang='lat' dir='ltr'>vincia</span> <span class='ocrx_word' id='word_1_117' title='bbox 493 1970 648 2029; x_wconf 85' lang='lat' dir='ltr'>Asia,</span> <span class='ocrx_word' id='word_1_118' title='bbox 681 1984 835 2031; x_wconf 89' lang='lat' dir='ltr'>quum</span> <span class='ocrx_word' id='word_1_119' title='bbox 860 1984 970 2017; x_wconf 88' lang='lat' dir='ltr'>eam</span> <span class='ocrx_word' id='word_1_120' title='bbox 1002 1969 1246 2019; x_wconf 87' lang='lat' dir='ltr'>obtineret</span> 
     </span>
     <span class='ocr_line' id='line_1_24' title="bbox 309 2036 1240 2101; baseline 0.002 -16"><span class='ocrx_word' id='word_1_121' title='bbox 309 2037 365 2094; x_wconf 90' lang='lat' dir='ltr'>Q.</span> <span class='ocrx_word' id='word_1_122' title='bbox 393 2036 635 2087; x_wconf 87' lang='lat' dir='ltr'>Ciceroa.</span> <span class='ocrx_word' id='word_1_123' title='bbox 665 2054 716 2086; x_wconf 96' lang='grc' dir='ltr'>ιι.</span> <span class='ocrx_word' id='word_1_124' title='bbox 744 2053 787 2089; x_wconf 87' lang='lat' dir='ltr'>c.</span> <span class='ocrx_word' id='word_1_125' title='bbox 819 2038 972 2101; x_wconf 90' lang='grc'><strong>695.,</strong></span> <span class='ocrx_word' id='word_1_126' title='bbox 1003 2038 1068 2088; x_wconf 88' lang='lat' dir='ltr'>ad</span> <span class='ocrx_word' id='word_1_127' title='bbox 1096 2038 1153 2098; x_wconf 91' lang='lat' dir='ltr'><strong>Q.</strong></span> <span class='ocrx_word' id='word_1_128' title='bbox 1179 2038 1240 2087; x_wconf 77' lang='lat' dir='ltr'>n.</span> 
     </span>
     <span class='ocr_line' id='line_1_25' title="bbox 263 2097 664 2167; baseline 0 -14"><span class='ocrx_word' id='word_1_129' title='bbox 263 2104 358 2163; x_wconf 91' lang='lat'>1,</span> <span class='ocrx_word' id='word_1_130' title='bbox 383 2097 433 2165; x_wconf 73' lang='lat'>2,</span> <span class='ocrx_word' id='word_1_131' title='bbox 461 2107 507 2155; x_wconf 87' lang='lat'><strong>2.</strong></span> <span class='ocrx_word' id='word_1_132' title='bbox 541 2109 590 2167; x_wconf 79' lang='lat'>§-</span> <span class='ocrx_word' id='word_1_133' title='bbox 615 2109 664 2157; x_wconf 82' lang='lat'><strong>5.</strong></span> 
     </span>
    </p>

    <p class='ocr_par' dir='ltr' id='par_1_10' title="bbox 242 2170 1242 2307">
     <span class='ocr_line' id='line_1_26' title="bbox 242 2170 1242 2237; baseline 0.005 -16"><span class='ocrx_word' id='word_1_134' title='bbox 242 2170 652 2236; x_wconf 80' lang='lat' dir='ltr'>Casilinenses,</span> <span class='ocrx_word' id='word_1_135' title='bbox 687 2176 881 2225; x_wconf 87' lang='lat' dir='ltr'>incolae</span> <span class='ocrx_word' id='word_1_136' title='bbox 905 2175 1144 2237; x_wconf 79' lang='lat' dir='ltr'>Casilini,</span> <span class='ocrx_word' id='word_1_137' title='bbox 1179 2178 1242 2226; x_wconf 89' lang='lat' dir='ltr'>de</span> 
     </span>
     <span class='ocr_line' id='line_1_27' title="bbox 311 2242 749 2307; baseline 0.011 -18"><span class='ocrx_word' id='word_1_138' title='bbox 311 2243 414 2293; x_wconf 87' lang='lat' dir='ltr'>inv.</span> <span class='ocrx_word' id='word_1_139' title='bbox 445 2244 496 2307; x_wconf 86' lang='lat'>2,</span> <span class='ocrx_word' id='word_1_140' title='bbox 521 2242 608 2304; x_wconf 87' lang='grc'>57,</span> <span class='ocrx_word' id='word_1_141' title='bbox 635 2243 749 2294; x_wconf 90' lang='grc'>171.</span> 
     </span>
    </p>

    <p class='ocr_par' dir='ltr' id='par_1_11' title="bbox 241 2308 1238 2775">
     <span class='ocr_line' id='line_1_28' title="bbox 241 2308 1238 2380; baseline 0.004 -21"><span class='ocrx_word' id='word_1_142' title='bbox 241 2308 552 2361; x_wconf 84' lang='lat' dir='ltr'>Casilinum</span> <span class='ocrx_word' id='word_1_143' title='bbox 577 2313 823 2377; x_wconf 89' lang='lat' dir='ltr'>oppidum</span> <span class='ocrx_word' id='word_1_144' title='bbox 846 2315 956 2380; x_wconf 82' lang='lat' dir='ltr'>agri</span> <span class='ocrx_word' id='word_1_145' title='bbox 978 2314 1238 2379; x_wconf 86' lang='lat' dir='ltr'>Campani,</span> 
     </span>
     <span class='ocr_line' id='line_1_29' title="bbox 309 2381 1238 2449; baseline 0.005 -21"><span class='ocrx_word' id='word_1_146' title='bbox 309 2381 442 2429; x_wconf 85' lang='lat' dir='ltr'>venit</span> <span class='ocrx_word' id='word_1_147' title='bbox 479 2383 531 2429; x_wconf 90' lang='lat' dir='ltr'>in</span> <span class='ocrx_word' id='word_1_148' title='bbox 575 2382 874 2433; x_wconf 86' lang='lat' dir='ltr'>Hannibalis</span> <span class='ocrx_word' id='word_1_149' title='bbox 919 2390 1238 2449; x_wconf 84' lang='lat' dir='ltr'>potestatem,</span> 
     </span>
     <span class='ocr_line' id='line_1_30' title="bbox 305 2450 1237 2512; baseline 0.006 -15"><span class='ocrx_word' id='word_1_150' title='bbox 305 2450 367 2498; x_wconf 85' lang='lat' dir='ltr'>de</span> <span class='ocrx_word' id='word_1_151' title='bbox 387 2451 490 2499; x_wconf 79' lang='lat' dir='ltr'>inv·</span> <span class='ocrx_word' id='word_1_152' title='bbox 513 2454 573 2512; x_wconf 83' lang='lat'>2,</span> <span class='ocrx_word' id='word_1_153' title='bbox 601 2450 698 2512; x_wconf 89' lang='grc'>57,</span> <span class='ocrx_word' id='word_1_154' title='bbox 721 2453 838 2505; x_wconf 89' lang='grc'><strong>171.</strong></span> <span class='ocrx_word' id='word_1_155' title='bbox 871 2480 940 2491; x_wconf 88' lang='lat'>-</span> <span class='ocrx_word' id='word_1_156' title='bbox 963 2452 1237 2503; x_wconf 86' lang='lat' dir='ltr'>Casilinum</span> 
     </span>
     <span class='ocr_line' id='line_1_31' title="bbox 304 2519 1234 2575; baseline 0.009 -8"><span class='ocrx_word' id='word_1_157' title='bbox 304 2519 516 2569; x_wconf 83' lang='lat' dir='ltr'>deduxit</span> <span class='ocrx_word' id='word_1_158' title='bbox 539 2521 787 2571; x_wconf 73' lang='lat' dir='ltr'>coloniam</span> <span class='ocrx_word' id='word_1_159' title='bbox 817 2523 881 2571; x_wconf 90' lang='lat' dir='ltr'><strong>M.</strong></span> <span class='ocrx_word' id='word_1_160' title='bbox 905 2522 1157 2573; x_wconf 86' lang='lat' dir='ltr'>Antonius</span> <span class='ocrx_word' id='word_1_161' title='bbox 1187 2538 1234 2575; x_wconf 85' lang='lat' dir='ltr'>a.</span> 
     </span>
     <span class='ocr_line' id='line_1_32' title="bbox 303 2588 1238 2652; baseline 0.009 -19"><span class='ocrx_word' id='word_1_162' title='bbox 303 2602 353 2635; x_wconf 91' lang='lat' dir='ltr'>u.</span> <span class='ocrx_word' id='word_1_163' title='bbox 391 2604 434 2637; x_wconf 90' lang='lat' dir='ltr'>c.</span> <span class='ocrx_word' id='word_1_164' title='bbox 468 2588 617 2649; x_wconf 91' lang='grc'><strong>710.,</strong></span> <span class='ocrx_word' id='word_1_165' title='bbox 660 2606 759 2652; x_wconf 90' lang='lat' dir='ltr'>quo</span> <span class='ocrx_word' id='word_1_166' title='bbox 791 2588 974 2639; x_wconf 87' lang='lat' dir='ltr'>Caesar</span> <span class='ocrx_word' id='word_1_167' title='bbox 1003 2600 1118 2640; x_wconf 85' lang='lat' dir='ltr'>ante</span> <span class='ocrx_word' id='word_1_168' title='bbox 1151 2592 1238 2641; x_wconf 84' lang='lat' dir='ltr'>de-</span> 
     </span>
     <span class='ocr_line' id='line_1_33' title="bbox 305 2654 1232 2722; baseline 0.008 -20"><span class='ocrx_word' id='word_1_169' title='bbox 305 2654 515 2705; x_wconf 76' lang='lat' dir='ltr'>duxerat</span> <span class='ocrx_word' id='word_1_170' title='bbox 531 2658 849 2722; x_wconf 87' lang='lat' dir='ltr'>‚Philipp‘</span> <span class='ocrx_word' id='word_1_171' title='bbox 820 2692 877 2721; x_wconf 50' lang='grc'>2,</span> <span class='ocrx_word' id='word_1_172' title='bbox 899 2660 1131 2719; x_wconf 89' lang='grc'><strong>40,102.</strong></span> <span class='ocrx_word' id='word_1_173' title='bbox 1164 2660 1232 2712; x_wconf 81' lang='lat' dir='ltr'>cf.</span> 
     </span>
     <span class='ocr_line' id='line_1_34' title="bbox 303 2696 752 2791; baseline 0.012 -20"><span class='ocrx_word' id='word_1_174' title='bbox 303 2724 368 2772; x_wconf 85' lang='lat' dir='ltr'>ad</span> <span class='ocrx_word' id='word_1_175' title='bbox 391 2726 493 2774; x_wconf 86' lang='lat' dir='ltr'>Att.</span> <span class='ocrx_word' id='word_1_176' title='bbox 517 2696 598 2786; x_wconf 87' lang='grc'>16,</span> <span class='ocrx_word' id='word_1_177' title='bbox 626 2725 676 2791; x_wconf 88' lang='grc'>8,</span> <span class='ocrx_word' id='word_1_178' title='bbox 704 2726 752 2779; x_wconf 92' lang='grc'>1.</span> 
     </span>
    </p>

    <p class='ocr_par' dir='ltr' id='par_1_12' title="bbox 237 2764 1233 3135">
     <span class='ocr_line' id='line_1_35' title="bbox 237 2764 1233 2860; baseline 0.007 -21"><span class='ocrx_word' id='word_1_179' title='bbox 237 2789 469 2841; x_wconf 80' lang='lat' dir='ltr'>Casinas</span> <span class='ocrx_word' id='word_1_180' title='bbox 495 2794 560 2841; x_wconf 86' lang='lat' dir='ltr'>ad</span> <span class='ocrx_word' id='word_1_181' title='bbox 581 2764 816 2844; x_wconf 86' lang='lat' dir='ltr'>Casinam</span> <span class='ocrx_word' id='word_1_182' title='bbox 835 2798 1110 2860; x_wconf 80' lang='lat' dir='ltr'>pertinens.</span> <span class='ocrx_word' id='word_1_183' title='bbox 1140 2796 1233 2846; x_wconf 84' lang='lat' dir='ltr'>Ca-</span> 
     </span>
     <span class='ocr_line' id='line_1_36' title="bbox 299 2861 1230 2929; baseline 0.007 -20"><span class='ocrx_word' id='word_1_184' title='bbox 299 2861 436 2909; x_wconf 87' lang='lat' dir='ltr'>sinas</span> <span class='ocrx_word' id='word_1_185' title='bbox 457 2876 622 2926; x_wconf 84' lang='lat' dir='ltr'>ager,</span> <span class='ocrx_word' id='word_1_186' title='bbox 661 2862 724 2912; x_wconf 89' lang='lat' dir='ltr'>de</span> <span class='ocrx_word' id='word_1_187' title='bbox 752 2863 866 2928; x_wconf 83' lang='lat' dir='ltr'>lege</span> <span class='ocrx_word' id='word_1_188' title='bbox 895 2880 1002 2929; x_wconf 84' lang='lat' dir='ltr'>agr.</span> <span class='ocrx_word' id='word_1_189' title='bbox 1039 2866 1103 2925; x_wconf 89' lang='grc'><strong>2,</strong></span> <span class='ocrx_word' id='word_1_190' title='bbox 1145 2866 1230 2922; x_wconf 93' lang='grc'>25,</span> 
     </span>
     <span class='ocr_line' id='line_1_37' title="bbox 301 2928 1231 2993; baseline 0.004 -15"><span class='ocrx_word' id='word_1_191' title='bbox 301 2928 732 2993; x_wconf 84' lang='grc' dir='ltr'><strong>66.11ι.3,4,</strong></span> <span class='ocrx_word' id='word_1_192' title='bbox 784 2933 864 2983; x_wconf 90' lang='lat'>14.</span> <span class='ocrx_word' id='word_1_193' title='bbox 913 2960 977 2969; x_wconf 89' lang='lat'><em>-</em></span> <span class='ocrx_word' id='word_1_194' title='bbox 1025 2932 1231 2983; x_wconf 83' lang='lat' dir='ltr'>Casinas</span> 
     </span>
     <span class='ocr_line' id='line_1_38' title="bbox 299 2998 1229 3067; baseline 0.004 -20"><span class='ocrx_word' id='word_1_195' title='bbox 299 2998 484 3047; x_wconf 81' lang='lat' dir='ltr'>fundus</span> <span class='ocrx_word' id='word_1_196' title='bbox 509 3001 755 3049; x_wconf 83' lang='lat' dir='ltr'>Varronis</span> <span class='ocrx_word' id='word_1_197' title='bbox 769 3002 1031 3067; x_wconf 86' lang='lat' dir='ltr'>,Philipp.</span> <span class='ocrx_word' id='word_1_198' title='bbox 1055 3002 1116 3059; x_wconf 88' lang='grc'>2,</span> <span class='ocrx_word' id='word_1_199' title='bbox 1143 3001 1229 3061; x_wconf 93' lang='grc'>40,</span> 
     </span>
     <span class='ocr_line' id='line_1_39' title="bbox 303 3037 1231 3135; baseline 0.003 -18"><span class='ocrx_word' id='word_1_200' title='bbox 303 3067 417 3118; x_wconf 87' lang='lat'><strong>103.</strong></span> <span class='ocrx_word' id='word_1_201' title='bbox 433 3068 898 3135; x_wconf 78' lang='lat' dir='ltr'>—Casinates,pro</span> <span class='ocrx_word' id='word_1_202' title='bbox 912 3070 1075 3119; x_wconf 86' lang='lat' dir='ltr'>Plane.</span> <span class='ocrx_word' id='word_1_203' title='bbox 1082 3037 1134 3133; x_wconf 84' lang='grc'>9,</span> <span class='ocrx_word' id='word_1_204' title='bbox 1146 3072 1231 3123; x_wconf 94' lang='grc'>22.</span> 
     </span>
    </p>

    <p class='ocr_par' dir='ltr' id='par_1_13' title="bbox 233 3133 1232 3270">
     <span class='ocr_line' id='line_1_40' title="bbox 233 3133 1232 3201; baseline 0.005 -17"><span class='ocrx_word' id='word_1_205' title='bbox 233 3133 547 3187; x_wconf 79' lang='lat' dir='ltr'>Cassander</span> <span class='ocrx_word' id='word_1_206' title='bbox 587 3145 635 3187; x_wconf 89' lang='lat' dir='ltr'>et</span> <span class='ocrx_word' id='word_1_207' title='bbox 682 3137 996 3201; x_wconf 76' lang='lat' dir='ltr'>ArchelauS,</span> <span class='ocrx_word' id='word_1_208' title='bbox 1046 3142 1232 3189; x_wconf 88' lang='lat' dir='ltr'>summi</span> 
     </span>
     <span class='ocr_line' id='line_1_41' title="bbox 299 3205 1121 3272; baseline 0.007 -20.015"><span class='ocrx_word' id='word_1_209' title='bbox 299 3205 567 3271; x_wconf 82' lang='lat' dir='ltr'>astrologi,</span> <span class='ocrx_word' id='word_1_210' title='bbox 592 3206 654 3255; x_wconf 90' lang='lat' dir='ltr'>de</span> <span class='ocrx_word' id='word_1_211' title='bbox 673 3208 827 3257; x_wconf 88' lang='lat' dir='ltr'>divin.</span> <span class='ocrx_word' id='word_1_212' title='bbox 849 3210 902 3270; x_wconf 84' lang='lat'>2,</span> <span class='ocrx_word' id='word_1_213' title='bbox 929 3210 1015 3272; x_wconf 89' lang='grc'>42,</span> <span class='ocrx_word' id='word_1_214' title='bbox 1039 3208 1121 3262; x_wconf 88' lang='grc'><strong>88.</strong></span> 
     </span>
    </p>
   </div>
   <div class='ocr_carea' id='block_1_3' title="bbox 667 145 1923 230">
    <p class='ocr_par' dir='ltr' id='par_1_14' title="bbox 667 145 1923 230">
     <span class='ocr_line' id='line_1_42' title="bbox 667 145 1923 230; baseline 0.002 -26"><span class='ocrx_word' id='word_1_215' title='bbox 667 160 728 204; x_wconf 87' lang='lat' dir='ltr'><strong>L.</strong></span> <span class='ocrx_word' id='word_1_216' title='bbox 763 157 1100 205; x_wconf 63' lang='lat' dir='ltr'>camaras</span> <span class='ocrx_word' id='word_1_217' title='bbox 1137 181 1221 190; x_wconf 80' lang='lat'>---</span> <span class='ocrx_word' id='word_1_218' title='bbox 1253 145 1589 230; x_wconf 75' lang='lat' dir='ltr'>(CAssius)</span> <span class='ocrx_word' id='word_1_219' title='bbox 1625 158 1923 206; x_wconf 71' lang='lat' dir='ltr'>coneus,</span> 
     </span>
    </p>
   </div>
   <div class='ocr_carea' id='block_1_4' title="bbox 1307 313 2341 3269">
    <p class='ocr_par' dir='ltr' id='par_1_15' title="bbox 1390 313 2339 654">
     <span class='ocr_line' id='line_1_43' title="bbox 1398 313 2335 377; baseline 0.002 -12"><span class='ocrx_word' id='word_1_220' title='bbox 1398 316 1453 377; x_wconf 91' lang='lat'>1,</span> <span class='ocrx_word' id='word_1_221' title='bbox 1477 313 1573 374; x_wconf 84' lang='lat'>39,</span> <span class='ocrx_word' id='word_1_222' title='bbox 1612 313 1699 364; x_wconf 90' lang='lat'><strong>85.</strong></span> <span class='ocrx_word' id='word_1_223' title='bbox 1748 315 1823 364; x_wconf 93' lang='lat' dir='ltr'>lb.</span> <span class='ocrx_word' id='word_1_224' title='bbox 1858 315 1913 377; x_wconf 90' lang='lat' dir='ltr'>l,</span> <span class='ocrx_word' id='word_1_225' title='bbox 1938 315 2035 374; x_wconf 88' lang='grc'>40,</span> <span class='ocrx_word' id='word_1_226' title='bbox 2070 315 2157 370; x_wconf 87' lang='grc'>89.</span> <span class='ocrx_word' id='word_1_227' title='bbox 2180 345 2257 357; x_wconf 85' lang='lat'><strong>—</strong></span> <span class='ocrx_word' id='word_1_228' title='bbox 2278 319 2335 368; x_wconf 88' lang='lat' dir='ltr'>Ei</span> 
     </span>
     <span class='ocr_line' id='line_1_44' title="bbox 1392 383 2335 447; baseline 0.003 -16"><span class='ocrx_word' id='word_1_229' title='bbox 1392 383 1519 432; x_wconf 81' lang='lat' dir='ltr'>fides</span> <span class='ocrx_word' id='word_1_230' title='bbox 1562 384 1859 432; x_wconf 81' lang='lat' dir='ltr'>vaticinanti</span> <span class='ocrx_word' id='word_1_231' title='bbox 1895 397 1995 432; x_wconf 90' lang='lat' dir='ltr'>non</span> <span class='ocrx_word' id='word_1_232' title='bbox 2030 383 2335 447; x_wconf 83' lang='lat' dir='ltr'>habebatur,</span> 
     </span>
     <span class='ocr_line' id='line_1_45' title="bbox 1394 451 2339 515; baseline 0.002 -13"><span class='ocrx_word' id='word_1_233' title='bbox 1394 453 1457 502; x_wconf 87' lang='lat' dir='ltr'>de</span> <span class='ocrx_word' id='word_1_234' title='bbox 1479 461 1605 504; x_wconf 87' lang='lat' dir='ltr'>orat.</span> <span class='ocrx_word' id='word_1_235' title='bbox 1627 453 1679 514; x_wconf 82' lang='lat'>2,</span> <span class='ocrx_word' id='word_1_236' title='bbox 1705 451 1791 515; x_wconf 89' lang='grc'><strong>66,</strong></span> <span class='ocrx_word' id='word_1_237' title='bbox 1813 451 1932 503; x_wconf 87' lang='grc'><strong>265.</strong></span> <span class='ocrx_word' id='word_1_238' title='bbox 1955 477 2023 490; x_wconf 82' lang='lat'>—</span> <span class='ocrx_word' id='word_1_239' title='bbox 2045 452 2339 505; x_wconf 83' lang='lat' dir='ltr'>Cassandra</span> 
     </span>
     <span class='ocr_line' id='line_1_46' title="bbox 1392 520 2335 584; baseline 0.002 -14"><span class='ocrx_word' id='word_1_240' title='bbox 1392 523 1444 570; x_wconf 88' lang='lat' dir='ltr'>in</span> <span class='ocrx_word' id='word_1_241' title='bbox 1470 522 1612 570; x_wconf 85' lang='lat' dir='ltr'>Accii</span> <span class='ocrx_word' id='word_1_242' title='bbox 1634 520 1833 571; x_wconf 85' lang='lat' dir='ltr'>Hecuba</span> <span class='ocrx_word' id='word_1_243' title='bbox 1850 558 1863 580; x_wconf 91' lang='lat'>,</span> <span class='ocrx_word' id='word_1_244' title='bbox 1886 521 1949 570; x_wconf 87' lang='lat' dir='ltr'>de</span> <span class='ocrx_word' id='word_1_245' title='bbox 1969 521 2132 572; x_wconf 87' lang='lat' dir='ltr'>divin.</span> <span class='ocrx_word' id='word_1_246' title='bbox 2158 524 2184 572; x_wconf 96' lang='lat' dir='ltr'>l</span> <span class='ocrx_word' id='word_1_247' title='bbox 2204 560 2221 584; x_wconf 91' lang='lat'>‚</span> <span class='ocrx_word' id='word_1_248' title='bbox 2248 521 2335 584; x_wconf 86' lang='lat'>31,</span> 
     </span>
     <span class='ocr_line' id='line_1_47' title="bbox 1390 589 1921 654; baseline 0 -14"><span class='ocrx_word' id='word_1_249' title='bbox 1390 589 1478 640; x_wconf 89' lang='grc'>66.</span> <span class='ocrx_word' id='word_1_250' title='bbox 1520 591 1592 638; x_wconf 92' lang='lat' dir='ltr'>Ib.</span> <span class='ocrx_word' id='word_1_251' title='bbox 1617 591 1669 654; x_wconf 91' lang='grc'>2,</span> <span class='ocrx_word' id='word_1_252' title='bbox 1692 590 1779 654; x_wconf 88' lang='grc'>55,</span> <span class='ocrx_word' id='word_1_253' title='bbox 1808 590 1921 640; x_wconf 89' lang='grc'><strong>112.</strong></span> 
     </span>
    </p>

    <p class='ocr_par' dir='ltr' id='par_1_16' title="bbox 1325 656 2341 1134">
     <span class='ocr_line' id='line_1_48' title="bbox 1325 656 2340 721; baseline 0 -13"><span class='ocrx_word' id='word_1_254' title='bbox 1325 656 1523 709; x_wconf 84' lang='lat' dir='ltr'>Cassia</span> <span class='ocrx_word' id='word_1_255' title='bbox 1555 658 1641 708; x_wconf 81' lang='lat' dir='ltr'>lex</span> <span class='ocrx_word' id='word_1_256' title='bbox 1670 658 1831 708; x_wconf 84' lang='lat' dir='ltr'>altera</span> <span class='ocrx_word' id='word_1_257' title='bbox 1855 659 2139 721; x_wconf 86' lang='lat' dir='ltr'>tabellaria,</span> <span class='ocrx_word' id='word_1_258' title='bbox 2176 659 2340 709; x_wconf 83' lang='lat' dir='ltr'>altera</span> 
     </span>
     <span class='ocr_line' id='line_1_49' title="bbox 1392 725 2337 794; baseline 0.004 -18"><span class='ocrx_word' id='word_1_259' title='bbox 1392 729 1457 776; x_wconf 89' lang='lat' dir='ltr'>de</span> <span class='ocrx_word' id='word_1_260' title='bbox 1478 735 1685 786; x_wconf 85' lang='lat' dir='ltr'>senatu,</span> <span class='ocrx_word' id='word_1_261' title='bbox 1722 725 1931 776; x_wconf 84' lang='lat' dir='ltr'>Cornel.&#39;</span> <span class='ocrx_word' id='word_1_262' title='bbox 1959 730 2113 794; x_wconf 86' lang='lat' dir='ltr'>prim.</span> <span class='ocrx_word' id='word_1_263' title='bbox 2144 728 2337 793; x_wconf 81' lang='lat' dir='ltr'>fragm.</span> 
     </span>
     <span class='ocr_line' id='line_1_50' title="bbox 1390 796 2341 862; baseline -0.001 -17"><span class='ocrx_word' id='word_1_264' title='bbox 1390 798 1475 846; x_wconf 90' lang='grc'>24.</span> <span class='ocrx_word' id='word_1_265' title='bbox 1501 812 1555 862; x_wconf 88' lang='lat' dir='ltr'>p.</span> <span class='ocrx_word' id='word_1_266' title='bbox 1579 796 1700 845; x_wconf 84' lang='grc'><strong>212.</strong></span> <span class='ocrx_word' id='word_1_267' title='bbox 1723 823 1797 834; x_wconf 89' lang='grc'>--</span> <span class='ocrx_word' id='word_1_268' title='bbox 1824 797 1930 846; x_wconf 83' lang='lat' dir='ltr'>Lex</span> <span class='ocrx_word' id='word_1_269' title='bbox 1965 797 2144 847; x_wconf 86' lang='lat' dir='ltr'>Cassia</span> <span class='ocrx_word' id='word_1_270' title='bbox 2174 797 2341 847; x_wconf 87' lang='lat' dir='ltr'>tabel-</span> 
     </span>
     <span class='ocr_line' id='line_1_51' title="bbox 1391 864 2336 930; baseline 0.003 -16"><span class='ocrx_word' id='word_1_271' title='bbox 1391 865 1549 927; x_wconf 80' lang='lat' dir='ltr'>laria,</span> <span class='ocrx_word' id='word_1_272' title='bbox 1585 865 1648 914; x_wconf 86' lang='lat' dir='ltr'>de</span> <span class='ocrx_word' id='word_1_273' title='bbox 1667 865 1767 930; x_wconf 89' lang='lat' dir='ltr'>leg.</span> <span class='ocrx_word' id='word_1_274' title='bbox 1791 864 1853 929; x_wconf 88' lang='grc'>3,</span> <span class='ocrx_word' id='word_1_275' title='bbox 1889 865 1980 924; x_wconf 94' lang='grc'>16,</span> <span class='ocrx_word' id='word_1_276' title='bbox 2004 864 2093 918; x_wconf 89' lang='grc'><strong>37.</strong></span> <span class='ocrx_word' id='word_1_277' title='bbox 2134 866 2201 916; x_wconf 88' lang='lat' dir='ltr'>de</span> <span class='ocrx_word' id='word_1_278' title='bbox 2234 883 2336 918; x_wconf 87' lang='lat' dir='ltr'>arn.</span> 
     </span>
     <span class='ocr_line' id='line_1_52' title="bbox 1392 933 2339 994; baseline 0.002 -12"><span class='ocrx_word' id='word_1_279' title='bbox 1392 934 1487 994; x_wconf 90' lang='grc'>12,</span> <span class='ocrx_word' id='word_1_280' title='bbox 1515 933 1601 982; x_wconf 90' lang='grc'><strong>41.</strong></span> <span class='ocrx_word' id='word_1_281' title='bbox 1648 933 1759 982; x_wconf 80' lang='lat' dir='ltr'>Lex</span> <span class='ocrx_word' id='word_1_282' title='bbox 1794 935 2029 983; x_wconf 86' lang='lat' dir='ltr'>Terentia</span> <span class='ocrx_word' id='word_1_283' title='bbox 2066 943 2118 984; x_wconf 84' lang='lat' dir='ltr'>et</span> <span class='ocrx_word' id='word_1_284' title='bbox 2156 935 2339 988; x_wconf 87' lang='lat' dir='ltr'>Cassia</span> 
     </span>
     <span class='ocr_line' id='line_1_53' title="bbox 1392 1001 2335 1068; baseline 0.006 -18"><span class='ocrx_word' id='word_1_285' title='bbox 1392 1001 1739 1064; x_wconf 77' lang='lat' dir='ltr'>frumentaria,</span> <span class='ocrx_word' id='word_1_286' title='bbox 1761 1003 1909 1055; x_wconf 85' lang='lat' dir='ltr'>Verr.</span> <span class='ocrx_word' id='word_1_287' title='bbox 1930 1013 2155 1055; x_wconf 83' lang='lat' dir='ltr'>accusat.</span> <span class='ocrx_word' id='word_1_288' title='bbox 2176 1004 2227 1064; x_wconf 83' lang='lat'>3,</span> <span class='ocrx_word' id='word_1_289' title='bbox 2250 1006 2335 1068; x_wconf 86' lang='lat'>70,</span> 
     </span>
     <span class='ocr_line' id='line_1_54' title="bbox 1396 1070 1921 1134; baseline 0.008 -14"><span class='ocrx_word' id='word_1_290' title='bbox 1396 1070 1511 1121; x_wconf 89' lang='grc'><strong>103.</strong></span> <span class='ocrx_word' id='word_1_291' title='bbox 1552 1072 1627 1120; x_wconf 91' lang='lat' dir='ltr'>lb.</span> <span class='ocrx_word' id='word_1_292' title='bbox 1649 1071 1701 1134; x_wconf 89' lang='grc'>5,</span> <span class='ocrx_word' id='word_1_293' title='bbox 1726 1071 1811 1130; x_wconf 91' lang='grc'>21,</span> <span class='ocrx_word' id='word_1_294' title='bbox 1836 1073 1921 1125; x_wconf 87' lang='grc'>52.</span> 
     </span>
    </p>

    <p class='ocr_par' dir='ltr' id='par_1_17' title="bbox 1324 1135 2336 1483">
     <span class='ocr_line' id='line_1_55' title="bbox 1324 1135 2336 1193; baseline 0.004 -4"><span class='ocrx_word' id='word_1_295' title='bbox 1324 1135 1523 1189; x_wconf 83' lang='lat' dir='ltr'>Cassia</span> <span class='ocrx_word' id='word_1_296' title='bbox 1543 1141 1641 1190; x_wconf 89' lang='lat' dir='ltr'>via.</span> <span class='ocrx_word' id='word_1_297' title='bbox 1676 1141 1822 1190; x_wconf 77' lang='lat' dir='ltr'>‘Tres</span> <span class='ocrx_word' id='word_1_298' title='bbox 1844 1147 1961 1192; x_wconf 79' lang='lat' dir='ltr'>sunt</span> <span class='ocrx_word' id='word_1_299' title='bbox 1990 1143 2102 1192; x_wconf 88' lang='lat' dir='ltr'>viae</span> <span class='ocrx_word' id='word_1_300' title='bbox 2124 1144 2191 1192; x_wconf 88' lang='lat' dir='ltr'>ad</span> <span class='ocrx_word' id='word_1_301' title='bbox 2227 1143 2336 1193; x_wconf 91' lang='lat' dir='ltr'>Mu-</span> 
     </span>
     <span class='ocr_line' id='line_1_56' title="bbox 1388 1209 2333 1274; baseline 0.007 -18"><span class='ocrx_word' id='word_1_302' title='bbox 1388 1209 1575 1269; x_wconf 85' lang='lat' dir='ltr'>tinam,</span> <span class='ocrx_word' id='word_1_303' title='bbox 1616 1224 1647 1258; x_wconf 89' lang='lat' dir='ltr'>a</span> <span class='ocrx_word' id='word_1_304' title='bbox 1680 1223 1864 1274; x_wconf 87' lang='lat' dir='ltr'>supero</span> <span class='ocrx_word' id='word_1_305' title='bbox 1900 1213 2031 1260; x_wconf 85' lang='lat' dir='ltr'>mari</span> <span class='ocrx_word' id='word_1_306' title='bbox 2060 1211 2333 1274; x_wconf 83' lang='lat' dir='ltr'>Flaminia,</span> 
     </span>
     <span class='ocr_line' id='line_1_57' title="bbox 1390 1277 2332 1342; baseline 0.007 -17"><span class='ocrx_word' id='word_1_307' title='bbox 1390 1279 1453 1328; x_wconf 88' lang='lat' dir='ltr'>ab</span> <span class='ocrx_word' id='word_1_308' title='bbox 1478 1277 1640 1327; x_wconf 85' lang='lat' dir='ltr'>infero</span> <span class='ocrx_word' id='word_1_309' title='bbox 1662 1279 1901 1342; x_wconf 87' lang='lat' dir='ltr'>Aurelia,</span> <span class='ocrx_word' id='word_1_310' title='bbox 1920 1281 2093 1330; x_wconf 88' lang='lat' dir='ltr'>media</span> <span class='ocrx_word' id='word_1_311' title='bbox 2114 1280 2332 1342; x_wconf 85' lang='lat' dir='ltr'>Cassia,’</span> 
     </span>
     <span class='ocr_line' id='line_1_58' title="bbox 1387 1315 2333 1416; baseline 0.006 -22"><span class='ocrx_word' id='word_1_312' title='bbox 1387 1347 1611 1416; x_wconf 90' lang='lat' dir='ltr'>Philipp.</span> <span class='ocrx_word' id='word_1_313' title='bbox 1642 1347 1723 1412; x_wconf 84' lang='lat'>12,</span> <span class='ocrx_word' id='word_1_314' title='bbox 1752 1347 1811 1405; x_wconf 92' lang='lat'>9,</span> <span class='ocrx_word' id='word_1_315' title='bbox 1842 1315 1927 1401; x_wconf 82' lang='grc'>22.</span> <span class='ocrx_word' id='word_1_316' title='bbox 1959 1377 2021 1387; x_wconf 92' lang='lat'>—-</span> <span class='ocrx_word' id='word_1_317' title='bbox 2056 1350 2333 1400; x_wconf 81' lang='lat' dir='ltr'>‘Etruriam</span> 
     </span>
     <span class='ocr_line' id='line_1_59' title="bbox 1392 1413 2228 1497; baseline 0.004 -32"><span class='ocrx_word' id='word_1_318' title='bbox 1392 1413 1706 1465; x_wconf 84' lang='lat' dir='ltr'>discriminat</span> <span class='ocrx_word' id='word_1_319' title='bbox 1728 1415 1947 1483; x_wconf 82' lang='lat' dir='ltr'>Cassia,’</span> <span class='ocrx_word' id='word_1_320' title='bbox 1966 1419 2115 1497; x_wconf 81' lang='lat' dir='ltr'><strong>1b.§.</strong></span> <span class='ocrx_word' id='word_1_321' title='bbox 2141 1417 2228 1470; x_wconf 82' lang='lat'><strong>23.</strong></span> 
     </span>
    </p>

    <p class='ocr_par' dir='ltr' id='par_1_18' title="bbox 1325 1480 2329 1744">
     <span class='ocr_line' id='line_1_60' title="bbox 1325 1480 2329 1548; baseline 0.003 -15"><span class='ocrx_word' id='word_1_322' title='bbox 1325 1481 1581 1534; x_wconf 86' lang='lat' dir='ltr'>Cassiani</span> <span class='ocrx_word' id='word_1_323' title='bbox 1613 1486 1809 1535; x_wconf 89' lang='lat' dir='ltr'>iudices</span> <span class='ocrx_word' id='word_1_324' title='bbox 1830 1487 2023 1548; x_wconf 87' lang='lat' dir='ltr'>severi,</span> <span class='ocrx_word' id='word_1_325' title='bbox 2030 1480 2103 1535; x_wconf 83' lang='lat' dir='ltr'>ut</span> <span class='ocrx_word' id='word_1_326' title='bbox 2125 1487 2249 1537; x_wconf 88' lang='lat' dir='ltr'>olim</span> <span class='ocrx_word' id='word_1_327' title='bbox 2270 1489 2329 1540; x_wconf 93' lang='lat' dir='ltr'><strong>L.</strong></span> 
     </span>
     <span class='ocr_line' id='line_1_61' title="bbox 1390 1552 2332 1620; baseline 0.005 -18"><span class='ocrx_word' id='word_1_328' title='bbox 1390 1552 1595 1604; x_wconf 85' lang='lat' dir='ltr'>Cassius</span> <span class='ocrx_word' id='word_1_329' title='bbox 1609 1569 1741 1620; x_wconf 86' lang='lat' dir='ltr'>,pro</span> <span class='ocrx_word' id='word_1_330' title='bbox 1764 1553 1881 1604; x_wconf 85' lang='lat' dir='ltr'>Sex.</span> <span class='ocrx_word' id='word_1_331' title='bbox 1904 1555 2091 1606; x_wconf 84' lang='lat' dir='ltr'>Roscio</span> <span class='ocrx_word' id='word_1_332' title='bbox 2122 1555 2221 1618; x_wconf 87' lang='grc'>30,</span> <span class='ocrx_word' id='word_1_333' title='bbox 2244 1557 2332 1607; x_wconf 87' lang='grc'>85.</span> 
     </span>
     <span class='ocr_line' id='line_1_62' title="bbox 1387 1622 2329 1688; baseline 0.005 -18"><span class='ocrx_word' id='word_1_334' title='bbox 1387 1624 1532 1670; x_wconf 89' lang='lat' dir='ltr'>Verr.</span> <span class='ocrx_word' id='word_1_335' title='bbox 1556 1629 1773 1672; x_wconf 87' lang='lat' dir='ltr'>accusat.</span> <span class='ocrx_word' id='word_1_336' title='bbox 1799 1622 1850 1682; x_wconf 86' lang='lat'>3,</span> <span class='ocrx_word' id='word_1_337' title='bbox 1874 1623 1959 1688; x_wconf 83' lang='grc'>60,</span> <span class='ocrx_word' id='word_1_338' title='bbox 1988 1623 2105 1676; x_wconf 88' lang='grc'><strong>137.</strong></span> <span class='ocrx_word' id='word_1_339' title='bbox 2143 1627 2217 1674; x_wconf 85' lang='lat' dir='ltr'>lb.</span> <span class='ocrx_word' id='word_1_340' title='bbox 2244 1625 2329 1684; x_wconf 83' lang='lat'>62,</span> 
     </span>
     <span class='ocr_line' id='line_1_63' title="bbox 1390 1690 2009 1744; baseline -0.002 -4"><span class='ocrx_word' id='word_1_341' title='bbox 1390 1691 1507 1744; x_wconf 87' lang='lat'>146.</span> <span class='ocrx_word' id='word_1_342' title='bbox 1534 1693 1599 1740; x_wconf 92' lang='lat' dir='ltr'><strong>V.</strong></span> <span class='ocrx_word' id='word_1_343' title='bbox 1623 1691 1685 1741; x_wconf 81' lang='lat' dir='ltr'><strong>L.</strong></span> <span class='ocrx_word' id='word_1_344' title='bbox 1715 1690 1965 1744; x_wconf 82' lang='lat' dir='ltr'>Cassius.</span> <span class='ocrx_word' id='word_1_345' title='bbox 2006 1700 2009 1702; x_wconf 75' lang='grc'>’</span> 
     </span>
    </p>

    <p class='ocr_par' dir='ltr' id='par_1_19' title="bbox 1323 1757 2328 1951">
     <span class='ocr_line' id='line_1_64' title="bbox 1323 1757 2327 1823; baseline 0.003 -15"><span class='ocrx_word' id='word_1_346' title='bbox 1323 1757 1655 1819; x_wconf 81' lang='lat' dir='ltr'>Cassianum</span> <span class='ocrx_word' id='word_1_347' title='bbox 1682 1759 1812 1810; x_wconf 89' lang='lat' dir='ltr'>illud</span> <span class='ocrx_word' id='word_1_348' title='bbox 1842 1763 1948 1811; x_wconf 81' lang='lat' dir='ltr'>‘cui</span> <span class='ocrx_word' id='word_1_349' title='bbox 1974 1763 2102 1813; x_wconf 90' lang='lat' dir='ltr'>bono</span> <span class='ocrx_word' id='word_1_350' title='bbox 2128 1763 2327 1823; x_wconf 86' lang='lat' dir='ltr'>fuerit,’</span> 
     </span>
     <span class='ocr_line' id='line_1_65' title="bbox 1388 1829 2328 1896; baseline 0.003 -19"><span class='ocrx_word' id='word_1_351' title='bbox 1388 1844 1480 1893; x_wconf 90' lang='lat' dir='ltr'>pro</span> <span class='ocrx_word' id='word_1_352' title='bbox 1512 1830 1615 1880; x_wconf 92' lang='lat' dir='ltr'>Mil.</span> <span class='ocrx_word' id='word_1_353' title='bbox 1652 1832 1744 1888; x_wconf 82' lang='lat'>12,</span> <span class='ocrx_word' id='word_1_354' title='bbox 1776 1829 1859 1880; x_wconf 88' lang='grc'>32.</span> <span class='ocrx_word' id='word_1_355' title='bbox 1891 1831 2116 1896; x_wconf 86' lang='lat' dir='ltr'>Philipp.</span> <span class='ocrx_word' id='word_1_356' title='bbox 2152 1833 2217 1896; x_wconf 89' lang='grc'>2,</span> <span class='ocrx_word' id='word_1_357' title='bbox 2246 1831 2328 1890; x_wconf 87' lang='lat'>14,</span> 
     </span>
     <span class='ocr_line' id='line_1_66' title="bbox 1386 1897 1937 1951; baseline -0.004 -2"><span class='ocrx_word' id='word_1_358' title='bbox 1386 1897 1474 1951; x_wconf 83' lang='lat'><strong>35.</strong></span> <span class='ocrx_word' id='word_1_359' title='bbox 1512 1899 1574 1949; x_wconf 88' lang='lat' dir='ltr'><strong>V.</strong></span> <span class='ocrx_word' id='word_1_360' title='bbox 1600 1897 1661 1949; x_wconf 82' lang='lat' dir='ltr'><strong>L.</strong></span> <span class='ocrx_word' id='word_1_361' title='bbox 1691 1897 1937 1951; x_wconf 84' lang='lat' dir='ltr'>Cassius.</span> 
     </span>
    </p>

    <p class='ocr_par' dir='ltr' id='par_1_20' title="bbox 1319 1964 2331 2033">
     <span class='ocr_line' id='line_1_67' title="bbox 1319 1964 2331 2033; baseline 0.001 -17"><span class='ocrx_word' id='word_1_362' title='bbox 1319 1964 1640 2033; x_wconf 75' lang='lat' dir='ltr'>Cassiopea,</span> <span class='ocrx_word' id='word_1_363' title='bbox 1664 1968 1853 2033; x_wconf 88' lang='lat' dir='ltr'>Cephei</span> <span class='ocrx_word' id='word_1_364' title='bbox 1874 1984 2022 2029; x_wconf 73' lang='lat' dir='ltr'>uxor,</span> <span class='ocrx_word' id='word_1_365' title='bbox 2044 1977 2205 2018; x_wconf 86' lang='lat' dir='ltr'>mater</span> <span class='ocrx_word' id='word_1_366' title='bbox 2220 1970 2331 2017; x_wconf 86' lang='lat' dir='ltr'>An·</span> 
     </span>
    </p>

    <p class='ocr_par' dir='ltr' id='par_1_21' title="bbox 1327 2038 2330 2304">
     <span class='ocr_line' id='line_1_68' title="bbox 1327 2038 2330 2101; baseline 0.003 -17"><span class='ocrx_word' id='word_1_367' title='bbox 1327 2048 1334 2053; x_wconf 88' lang='grc'><em>“</em></span> <span class='ocrx_word' id='word_1_368' title='bbox 1386 2038 1672 2101; x_wconf 88' lang='lat' dir='ltr'>dromedae,</span> <span class='ocrx_word' id='word_1_369' title='bbox 1693 2052 1819 2088; x_wconf 84' lang='lat' dir='ltr'>ausa</span> <span class='ocrx_word' id='word_1_370' title='bbox 1838 2040 2139 2089; x_wconf 84' lang='lat' dir='ltr'>contendere</span> <span class='ocrx_word' id='word_1_371' title='bbox 2163 2038 2330 2088; x_wconf 64' lang='lat' dir='ltr'>Forma</span> 
     </span>
     <span class='ocr_line' id='line_1_69' title="bbox 1384 2106 2329 2167; baseline 0.005 -12"><span class='ocrx_word' id='word_1_372' title='bbox 1384 2121 1497 2155; x_wconf 92' lang='lat' dir='ltr'>cum</span> <span class='ocrx_word' id='word_1_373' title='bbox 1518 2106 1847 2167; x_wconf 79' lang='lat' dir='ltr'>Nereidibus,</span> <span class='ocrx_word' id='word_1_374' title='bbox 1870 2109 2009 2157; x_wconf 89' lang='lat' dir='ltr'>Arat.</span> <span class='ocrx_word' id='word_1_375' title='bbox 2036 2122 2088 2160; x_wconf 90' lang='lat' dir='ltr'><strong>v.</strong></span> <span class='ocrx_word' id='word_1_376' title='bbox 2108 2106 2231 2160; x_wconf 83' lang='lat'><strong>695.</strong></span> <span class='ocrx_word' id='word_1_377' title='bbox 2256 2132 2329 2144; x_wconf 91' lang='lat'>—-</span> 
     </span>
     <span class='ocr_line' id='line_1_70' title="bbox 1384 2172 2324 2237; baseline -0.001 -14"><span class='ocrx_word' id='word_1_378' title='bbox 1384 2172 1565 2237; x_wconf 64' lang='lat' dir='ltr'>Sidus,</span> <span class='ocrx_word' id='word_1_379' title='bbox 1589 2178 1724 2226; x_wconf 86' lang='lat' dir='ltr'>Arat.</span> <span class='ocrx_word' id='word_1_380' title='bbox 1747 2192 1792 2227; x_wconf 81' lang='lat' dir='ltr'><strong>v.</strong></span> <span class='ocrx_word' id='word_1_381' title='bbox 1820 2176 1935 2228; x_wconf 88' lang='grc'><strong>193.</strong></span> <span class='ocrx_word' id='word_1_382' title='bbox 1958 2178 2078 2227; x_wconf 86' lang='grc'><strong>257.</strong></span> <span class='ocrx_word' id='word_1_383' title='bbox 2114 2178 2179 2225; x_wconf 90' lang='lat' dir='ltr'>de</span> <span class='ocrx_word' id='word_1_384' title='bbox 2198 2191 2245 2225; x_wconf 91' lang='lat' dir='ltr'>n.</span> <span class='ocrx_word' id='word_1_385' title='bbox 2274 2177 2324 2226; x_wconf 85' lang='lat' dir='ltr'><strong>d.</strong></span> 
     </span>
     <span class='ocr_line' id='line_1_71' title="bbox 1382 2242 1686 2304; baseline 0.003 -12"><span class='ocrx_word' id='word_1_386' title='bbox 1382 2245 1433 2304; x_wconf 90' lang='grc'>2,</span> <span class='ocrx_word' id='word_1_387' title='bbox 1458 2242 1541 2303; x_wconf 88' lang='grc'>43,</span> <span class='ocrx_word' id='word_1_388' title='bbox 1570 2244 1686 2298; x_wconf 87' lang='grc'><strong>111.</strong></span> 
     </span>
    </p>

    <p class='ocr_par' dir='ltr' id='par_1_22' title="bbox 1316 2310 2327 2514">
     <span class='ocr_line' id='line_1_72' title="bbox 1316 2310 2327 2363; baseline 0.001 -2"><span class='ocrx_word' id='word_1_389' title='bbox 1316 2310 1517 2361; x_wconf 84' lang='lat' dir='ltr'>Cassii</span> <span class='ocrx_word' id='word_1_390' title='bbox 1541 2320 1683 2363; x_wconf 83' lang='lat' dir='ltr'>erant</span> <span class='ocrx_word' id='word_1_391' title='bbox 1712 2314 1762 2362; x_wconf 91' lang='lat' dir='ltr'>in</span> <span class='ocrx_word' id='word_1_392' title='bbox 1798 2312 2003 2363; x_wconf 85' lang='lat' dir='ltr'>cohorte</span> <span class='ocrx_word' id='word_1_393' title='bbox 2035 2312 2327 2363; x_wconf 89' lang='lat' dir='ltr'>amicorum</span> 
     </span>
     <span class='ocr_line' id='line_1_73' title="bbox 1382 2380 2323 2447; baseline 0.004 -18"><span class='ocrx_word' id='word_1_394' title='bbox 1382 2382 1441 2440; x_wconf 95' lang='lat' dir='ltr'><strong>Q.</strong></span> <span class='ocrx_word' id='word_1_395' title='bbox 1464 2380 1719 2432; x_wconf 85' lang='lat' dir='ltr'>Ciceronis</span> <span class='ocrx_word' id='word_1_396' title='bbox 1748 2383 1801 2431; x_wconf 90' lang='lat' dir='ltr'>in</span> <span class='ocrx_word' id='word_1_397' title='bbox 1830 2382 1955 2432; x_wconf 89' lang='lat' dir='ltr'>Asia</span> <span class='ocrx_word' id='word_1_398' title='bbox 1984 2384 2253 2447; x_wconf 86' lang='lat' dir='ltr'>provincia</span> <span class='ocrx_word' id='word_1_399' title='bbox 2273 2399 2323 2434; x_wconf 89' lang='lat' dir='ltr'>a.</span> 
     </span>
     <span class='ocr_line' id='line_1_74' title="bbox 1379 2450 2320 2514; baseline 0.001 -17"><span class='ocrx_word' id='word_1_400' title='bbox 1379 2466 1429 2499; x_wconf 91' lang='lat' dir='ltr'>u.</span> <span class='ocrx_word' id='word_1_401' title='bbox 1456 2466 1498 2499; x_wconf 92' lang='lat' dir='ltr'>c.</span> <span class='ocrx_word' id='word_1_402' title='bbox 1520 2450 1661 2514; x_wconf 90' lang='grc'><strong>695.,</strong></span> <span class='ocrx_word' id='word_1_403' title='bbox 1683 2452 1748 2501; x_wconf 86' lang='lat' dir='ltr'>ad</span> <span class='ocrx_word' id='word_1_404' title='bbox 1772 2451 1828 2509; x_wconf 92' lang='lat' dir='ltr'><strong>Q.</strong></span> <span class='ocrx_word' id='word_1_405' title='bbox 1854 2450 1917 2503; x_wconf 83' lang='lat' dir='ltr'>fr.</span> <span class='ocrx_word' id='word_1_406' title='bbox 1944 2452 1990 2511; x_wconf 89' lang='grc'>1,</span> <span class='ocrx_word' id='word_1_407' title='bbox 2010 2453 2061 2511; x_wconf 92' lang='grc'>2,</span> <span class='ocrx_word' id='word_1_408' title='bbox 2085 2453 2137 2501; x_wconf 89' lang='grc'>4.</span> <span class='ocrx_word' id='word_1_409' title='bbox 2162 2454 2212 2514; x_wconf 70' lang='grc'>5.</span> <span class='ocrx_word' id='word_1_410' title='bbox 2234 2451 2320 2501; x_wconf 89' lang='grc'>13.</span> 
     </span>
    </p>

    <p class='ocr_par' dir='ltr' id='par_1_23' title="bbox 1311 2516 2323 2653">
     <span class='ocr_line' id='line_1_75' title="bbox 1311 2516 2323 2584; baseline -0.001 -16"><span class='ocrx_word' id='word_1_411' title='bbox 1311 2516 1499 2569; x_wconf 85' lang='lat' dir='ltr'>Cassii</span> <span class='ocrx_word' id='word_1_412' title='bbox 1552 2522 1603 2570; x_wconf 88' lang='lat' dir='ltr'>in</span> <span class='ocrx_word' id='word_1_413' title='bbox 1656 2520 1901 2584; x_wconf 81' lang='lat' dir='ltr'>Hispania</span> <span class='ocrx_word' id='word_1_414' title='bbox 1953 2519 2172 2569; x_wconf 77' lang='lat' dir='ltr'>feliciter</span> <span class='ocrx_word' id='word_1_415' title='bbox 2222 2534 2323 2583; x_wconf 89' lang='lat' dir='ltr'>pu-</span> 
     </span>
     <span class='ocr_line' id='line_1_76' title="bbox 1375 2588 2320 2653; baseline 0.002 -18"><span class='ocrx_word' id='word_1_416' title='bbox 1375 2602 1558 2652; x_wconf 84' lang='lat' dir='ltr'>gnasse</span> <span class='ocrx_word' id='word_1_417' title='bbox 1598 2590 1856 2649; x_wconf 87' lang='lat' dir='ltr'>dicuntur,</span> <span class='ocrx_word' id='word_1_418' title='bbox 1899 2602 1988 2653; x_wconf 87' lang='lat' dir='ltr'>pro</span> <span class='ocrx_word' id='word_1_419' title='bbox 2027 2588 2187 2638; x_wconf 89' lang='lat' dir='ltr'>Balbo</span> <span class='ocrx_word' id='word_1_420' title='bbox 2235 2588 2320 2647; x_wconf 91' lang='grc'>17,</span> 
     </span>
    </p>

    <p class='ocr_par' dir='ltr' id='par_1_24' title="bbox 1310 2722 2320 2860">
     <span class='ocr_line' id='line_1_77' title="bbox 1310 2722 2320 2785; baseline -0.001 -11"><span class='ocrx_word' id='word_1_421' title='bbox 1310 2723 1371 2774; x_wconf 91' lang='lat' dir='ltr'>C.</span> <span class='ocrx_word' id='word_1_422' title='bbox 1412 2722 1701 2775; x_wconf 86' lang='lat' dir='ltr'>Cassinius</span> <span class='ocrx_word' id='word_1_423' title='bbox 1740 2722 1948 2775; x_wconf 84' lang='lat' dir='ltr'>Schola</span> <span class='ocrx_word' id='word_1_424' title='bbox 1983 2726 2320 2785; x_wconf 76' lang='lat' dir='ltr'>Interamnae,</span> 
     </span>
     <span class='ocr_line' id='line_1_78' title="bbox 1376 2793 2319 2860; baseline 0.002 -18"><span class='ocrx_word' id='word_1_425' title='bbox 1376 2794 1643 2844; x_wconf 85' lang='lat' dir='ltr'>familiaris</span> <span class='ocrx_word' id='word_1_426' title='bbox 1676 2797 1729 2847; x_wconf 90' lang='lat' dir='ltr'><strong>P.</strong></span> <span class='ocrx_word' id='word_1_427' title='bbox 1758 2794 1944 2859; x_wconf 86' lang='lat' dir='ltr'>Clodii,</span> <span class='ocrx_word' id='word_1_428' title='bbox 1974 2810 2067 2860; x_wconf 90' lang='lat' dir='ltr'>pro</span> <span class='ocrx_word' id='word_1_429' title='bbox 2092 2793 2201 2843; x_wconf 84' lang='lat' dir='ltr'>Mil.</span> <span class='ocrx_word' id='word_1_430' title='bbox 2230 2795 2319 2855; x_wconf 90' lang='grc'>17,</span> 
     </span>
    </p>

    <p class='ocr_par' dir='ltr' id='par_1_25' title="bbox 1307 2901 2321 3062">
     <span class='ocr_line' id='line_1_79' title="bbox 1307 2901 2321 2996; baseline -0.001 -16"><span class='ocrx_word' id='word_1_431' title='bbox 1307 2901 1606 2995; x_wconf 83' lang='lat' dir='ltr'>Cassiope,</span> <span class='ocrx_word' id='word_1_432' title='bbox 1643 2932 1887 2995; x_wconf 84' lang='lat' dir='ltr'>oppidum</span> <span class='ocrx_word' id='word_1_433' title='bbox 1925 2930 2205 2996; x_wconf 76' lang='lat' dir='ltr'>Corcyrae,</span> <span class='ocrx_word' id='word_1_434' title='bbox 2249 2931 2321 2979; x_wconf 86' lang='lat' dir='ltr'>ad</span> 
     </span>
     <span class='ocr_line' id='line_1_80' title="bbox 1375 2998 1742 3062; baseline 0 -14"><span class='ocrx_word' id='word_1_435' title='bbox 1375 2998 1670 3062; x_wconf 79' lang='lat' dir='ltr'>fam.16,9,</span> <span class='ocrx_word' id='word_1_436' title='bbox 1696 3000 1742 3048; x_wconf 89' lang='lat'>1.</span> 
     </span>
    </p>

    <p class='ocr_par' dir='ltr' id='par_1_26' title="bbox 1309 3066 2322 3256">
     <span class='ocr_line' id='line_1_81' title="bbox 1309 3066 2322 3133; baseline -0.002 -16"><span class='ocrx_word' id='word_1_437' title='bbox 1309 3066 1557 3118; x_wconf 83' lang='lat' dir='ltr'>Cassius.</span> <span class='ocrx_word' id='word_1_438' title='bbox 1600 3069 1754 3133; x_wconf 84' lang='lat' dir='ltr'>Apud</span> <span class='ocrx_word' id='word_1_439' title='bbox 1786 3082 1901 3117; x_wconf 89' lang='lat' dir='ltr'>eum</span> <span class='ocrx_word' id='word_1_440' title='bbox 1934 3068 2002 3117; x_wconf 92' lang='grc' dir='ltr'>Μ.</span> <span class='ocrx_word' id='word_1_441' title='bbox 2040 3068 2217 3119; x_wconf 86' lang='lat' dir='ltr'>Cicero</span> <span class='ocrx_word' id='word_1_442' title='bbox 2255 3068 2322 3115; x_wconf 87' lang='lat' dir='ltr'>fi-</span> 
     </span>
     <span class='ocr_line' id='line_1_82' title="bbox 1371 3136 2317 3187; baseline 0 -2"><span class='ocrx_word' id='word_1_443' title='bbox 1371 3137 1471 3187; x_wconf 89' lang='lat' dir='ltr'>lius</span> <span class='ocrx_word' id='word_1_444' title='bbox 1490 3138 1702 3187; x_wconf 84' lang='lat' dir='ltr'>Athenis</span> <span class='ocrx_word' id='word_1_445' title='bbox 1736 3136 2089 3187; x_wconf 87' lang='lat' dir='ltr'>declamitabat</span> <span class='ocrx_word' id='word_1_446' title='bbox 2122 3136 2317 3187; x_wconf 87' lang='lat' dir='ltr'>Graece</span> 
     </span>
     <span class='ocr_line' id='line_1_83' title="bbox 1376 3204 2239 3269; baseline 0.002 -15"><span class='ocrx_word' id='word_1_447' title='bbox 1376 3221 1421 3258; x_wconf 88' lang='lat' dir='ltr'>a.</span> <span class='ocrx_word' id='word_1_448' title='bbox 1446 3222 1496 3254; x_wconf 91' lang='lat' dir='ltr'>u.</span> <span class='ocrx_word' id='word_1_449' title='bbox 1522 3222 1565 3255; x_wconf 92' lang='lat' dir='ltr'>c.</span> <span class='ocrx_word' id='word_1_450' title='bbox 1588 3205 1725 3267; x_wconf 92' lang='grc'><strong>710,</strong></span> <span class='ocrx_word' id='word_1_451' title='bbox 1748 3205 1948 3258; x_wconf 77' lang='lat' dir='ltr'>adram.</span> <span class='ocrx_word' id='word_1_452' title='bbox 1974 3204 2055 3265; x_wconf 92' lang='grc'>16,</span> <span class='ocrx_word' id='word_1_453' title='bbox 2078 3206 2164 3269; x_wconf 90' lang='grc'>21,</span> <span class='ocrx_word' id='word_1_454' title='bbox 2188 3206 2239 3259; x_wconf 85' lang='grc'>5.</span> 
     </span>
    </p>
   </div>
   <div class='ocr_carea' id='block_1_5' title="bbox 234 3244 2316 3343">
    <p class='ocr_par' dir='ltr' id='par_1_27' title="bbox 234 3244 2316 3343">
     <span class='ocr_line' id='line_1_84' title="bbox 234 3244 2316 3343; baseline 0.001 -22"><span class='ocrx_word' id='word_1_455' title='bbox 234 3244 548 3323; x_wconf 84' lang='lat' dir='ltr'>Cassander</span> <span class='ocrx_word' id='word_1_456' title='bbox 562 3276 853 3343; x_wconf 79' lang='lat' dir='ltr'>Ant1pat11</span> <span class='ocrx_word' id='word_1_457' title='bbox 873 3277 1035 3338; x_wconf 79' lang='lat' dir='ltr'>filius</span> <span class='ocrx_word' id='word_1_458' title='bbox 1060 3278 1123 3327; x_wconf 87' lang='lat' dir='ltr'>de</span> <span class='ocrx_word' id='word_1_459' title='bbox 1144 3277 1227 3329; x_wconf 85' lang='lat' dir='ltr'><strong>off.</strong></span> <span class='ocrx_word' id='word_1_460' title='bbox 1302 3272 1589 3341; x_wconf 84' lang='lat' dir='ltr'>(Cassius)</span> <span class='ocrx_word' id='word_1_461' title='bbox 1619 3273 1876 3341; x_wconf 83' lang='lat' dir='ltr'>Congus,</span> <span class='ocrx_word' id='word_1_462' title='bbox 1908 3274 2182 3325; x_wconf 79' lang='lat' dir='ltr'>historicus</span> <span class='ocrx_word' id='word_1_463' title='bbox 2214 3276 2316 3324; x_wconf 85' lang='lat' dir='ltr'>La-</span> 
     </span>
    </p>
   </div>
   <div class='ocr_carea' id='block_1_6' title="bbox 234 3342 1254 3474">
    <p class='ocr_par' dir='ltr' id='par_1_28' title="bbox 234 3342 1209 3462">
     <span class='ocr_line' id='line_1_85' title="bbox 307 3343 326 3373; baseline 0 -2"><span class='ocrx_word' id='word_1_464' title='bbox 307 3343 326 3373; x_wconf 88' lang='lat'><strong>)</strong></span> 
     </span>
     <span class='ocr_line' id='line_1_86' title="bbox 234 3342 1254 3474; baseline 0.003 -18"><span class='ocrx_word' id='word_1_465' title='bbox 234 3342 577 3474; x_wconf 47' lang='grc' dir='ltr'><strong>Ο3εεὲῇᾱῖἶ,</strong></span> <span class='ocrx_word' id='word_1_466' title='bbox 609 3412 794 3461; x_wconf 77' lang='lat' dir='ltr'>Piiami</span> <span class='ocrx_word' id='word_1_467' title='bbox 821 3414 958 3473; x_wconf 77' lang='lat' dir='ltr'>fili-1,</span> <span class='ocrx_word' id='word_1_468' title='bbox 987 3414 1048 3462; x_wconf 86' lang='lat' dir='ltr'>de</span> <span class='ocrx_word' id='word_1_469' title='bbox 1074 3412 1254 3461; x_wconf 84' lang='lat' dir='ltr'>divin.</span> 
     </span>
    </p>
   </div>
   <div class='ocr_carea' id='block_1_7' title="bbox 1374 3343 2316 3409">
    <p class='ocr_par' dir='ltr' id='par_1_29' title="bbox 1374 3343 2316 3409">
     <span class='ocr_line' id='line_1_87' title="bbox 1374 3343 2316 3409; baseline 0 -18"><span class='ocrx_word' id='word_1_470' title='bbox 1374 3344 1535 3409; x_wconf 84' lang='lat' dir='ltr'>tinus,</span> <span class='ocrx_word' id='word_1_471' title='bbox 1571 3344 1838 3393; x_wconf 64' lang='lat' dir='ltr'>familiaris</span> <span class='ocrx_word' id='word_1_472' title='bbox 1864 3344 1929 3392; x_wconf 91' lang='grc' dir='ltr'>Μ.</span> <span class='ocrx_word' id='word_1_473' title='bbox 1959 3343 2168 3393; x_wconf 82' lang='lat' dir='ltr'>Antonii</span> <span class='ocrx_word' id='word_1_474' title='bbox 2200 3358 2316 3393; x_wconf 88' lang='lat' dir='ltr'>ora-</span> 
     </span>
    </p>
   </div>
   <div class='ocr_carea' id='block_1_8' title="bbox 1377 3410 2317 3477">
    <p class='ocr_par' dir='ltr' id='par_1_30' title="bbox 1377 3410 2317 3477">
     <span class='ocr_line' id='line_1_88' title="bbox 1377 3410 2317 3477; baseline 0.004 -19"><span class='ocrx_word' id='word_1_475' title='bbox 1377 3414 1525 3477; x_wconf 75' lang='grc' dir='ltr'>ιοιῐε,</span> <span class='ocrx_word' id='word_1_476' title='bbox 1558 3413 1621 3462; x_wconf 86' lang='lat' dir='ltr'>de</span> <span class='ocrx_word' id='word_1_477' title='bbox 1652 3421 1773 3461; x_wconf 81' lang='lat' dir='ltr'>orat.</span> <span class='ocrx_word' id='word_1_478' title='bbox 1810 3413 1870 3475; x_wconf 91' lang='lat'>1,</span> <span class='ocrx_word' id='word_1_479' title='bbox 1909 3410 2004 3473; x_wconf 90' lang='grc'>60,</span> <span class='ocrx_word' id='word_1_480' title='bbox 2039 3411 2191 3472; x_wconf 87' lang='grc'><strong>256,</strong></span> <span class='ocrx_word' id='word_1_481' title='bbox 2224 3413 2317 3462; x_wconf 90' lang='lat' dir='ltr'>ubi</span> 
     </span>
    </p>
   </div>
   <div class='ocr_carea' id='block_1_9' title="bbox 2466 1005 2482 1969">
    <p class='ocr_par' dir='ltr' id='par_1_31' title="bbox 2466 1005 2482 1969">
     <span class='ocr_line' id='line_1_89' title="bbox 2466 1005 2482 1969; baseline 0 0"><span class='ocrx_word' id='word_1_482' title='bbox 2466 1005 2482 1969; x_wconf 95' lang='lat' dir='ltr'> </span> 
     </span>
    </p>
   </div>
   <div class='ocr_carea' id='block_1_10' title="bbox 2467 3088 2481 3822">
    <p class='ocr_par' dir='ltr' id='par_1_32' title="bbox 2467 3088 2481 3822">
     <span class='ocr_line' id='line_1_90' title="bbox 2467 3088 2481 3822; baseline 0 0"><span class='ocrx_word' id='word_1_483' title='bbox 2467 3088 2481 3822; x_wconf 95' lang='lat' dir='ltr'> </span> 
     </span>
    </p>
   </div>
  </div>
 </body>
</html>
