2500 3850
318 196 437 259 158

380 365 572 414 reditus
590 364 654 413 A.
678 361 880 414 Gabinii
900 367 949 410 et
968 360 1029 410 L.
1049 361 1249 411 Pisonis
1270 362 1323 410 in

378 435 557 484 urbem
587 449 615 483 e
644 432 929 498 provinciis
958 429 1109 480 fuerit
1128 445 1175 478 a.
1199 446 1248 483 u.
1273 446 1319 478 c.

381 501 530 561 700„
558 503 625 552 ad
644 502 705 561 Q.
726 501 789 554 fr.
819 499 878 564 3,
914 499 939 549 1
960 534 974 559 ,
1003 501 1053 552 7.
1077 501 1124 562 S.
1148 499 1322 550 24.—

382 572 450 622 cl.
474 572 541 622 ib.
563 570 620 634 3,
647 571 705 636 1,
726 571 777 622 5.
800 571 851 632 S.
878 569 959 620 15.
980 595 1050 605 -
1071 569 1131 616 A.
1153 568 1205 622 d.
1229 567 1318 620 VI.

380 643 457 693 Id.
484 641 686 692 Octobr.
702 639 971 690 Gabinium
988 638 1053 688 ad
1072 635 1320 703 populum

380 711 631 760 luculente
691 708 991 759 calefecerat
1049 707 1319 756 Memmius

383 782 459 830 sic
472 817 485 839 ,
506 786 560 828 ut
582 777 779 830 Calidio
799 779 1010 828 verbum
1038 776 1205 827 facere
1220 790 1316 841 pro

385 864 443 899 eo
462 863 564 899 non
584 848 805 912 licuerit,
826 849 898 896 lb.
921 846 969 911 3,
992 848 1042 911 2,
1069 846 1116 896 1.
1137 872 1203 882 -
1217 843 1317 894 Ga-

381 918 575 968 binium
615 918 678 967 de
707 915 900 966 ambitu
934 930 1077 964 reum
1108 915 1227 964 fecit
1260 912 1316 966 P.

382 985 553 1047 Sulla,
584 994 757 1036 contra
780 985 909 1036 dixit
942 984 1000 1033 1..
1033 987 1320 1048 Torquatus

382 1057 719 1119 omnibusque
747 1054 1023 1104 libentibus
1054 1068 1155 1104 non
1190 1052 1324 1104 obti-

380 1126 516 1184 nuit,
534 1125 607 1177 Ib.
634 1124 684 1188 3,
704 1123 757 1187 3,
780 1125 830 1173 2.
843 1150 914 1162 -
929 1123 1205 1174 Absolutus
1224 1127 1319 1184 est,

380 1196 453 1247 lb.
478 1193 540 1257 3,
563 1194 624 1253 4,
650 1193 700 1245 1.
718 1220 793 1234 -
812 1192 879 1243 Se
900 1193 1094 1258 ipsum,
1122 1191 1323 1242 exerci-

383 1273 489 1314 tum
508 1261 687 1328 populi
705 1263 951 1324 Romani,
973 1262 1322 1312 auctoritatem

382 1340 588 1386 senatus
659 1334 769 1399 regi
833 1332 1091 1397 Aegyptio
1156 1329 1323 1379 Ptole-

385 1418 529 1454 maeo
558 1402 789 1453 vendidit
816 1417 865 1451 a.
898 1417 953 1450 ιι.
985 1417 1031 1453 c.
1062 1398 1214 1462 698.,
1269 1399 1323 1446 in

384 1474 554 1524 Pison.
593 1473 656 1523 21
675 1509 690 1536 ,
721 1470 807 1524 48.
833 1497 903 1508 --
924 1469 1082 1536 Signa
1112 1467 1324 1518 contulit

386 1559 499 1594 cum
524 1541 903 1591 Alexandrinis.
936 1538 1080 1604 Cepit
1100 1537 1322 1586 Alexan-

386 1613 575 1674 driam,
617 1610 691 1660 ΙΙ).
732 1609 795 1659 21
818 1645 833 1669 ,
876 1609 962 1661 49.
993 1635 1059 1644 ——
1082 1606 1324 1655 Reditum

388 1679 487 1730 sibi
508 1680 619 1742 ipse
637 1678 912 1742 praecidit,
935 1678 1010 1730 ΙΙ).
1035 1677 1119 1740 22,
1140 1675 1227 1726 51.
1254 1701 1324 1710 —-

386 1747 589 1812 Syriam
630 1747 917 1797 taeterrime
952 1744 1326 1795 administravit

388 1832 434 1868 a.
453 1832 502 1866 u.
520 1831 563 1864 c.
578 1813 720 1878 698„
738 1815 802 1864 de
820 1827 965 1879 prov.
984 1811 1230 1871 con8.4,9
1244 1827 1323 1874 sq.

388 1913 454 1921 —-
486 1885 610 1935 Eius
648 1884 839 1934 litterae
876 1882 1067 1948 insigni
1105 1879 1326 1943 quadam

387 1962 507 2006 nota
536 1960 685 2015 atque
718 1952 997 2018 ignominia
1024 1964 1157 2000 nova
1185 1965 1216 1999 a
1243 1964 1324 1997 se-

388 2031 509 2075 natu
528 2024 889 2073 condemnatae
902 2058 916 2083 ,
939 2021 1013 2073 lb.
1042 2017 1125 2080 10,
1148 2017 1235 2069 25.
1253 2044 1327 2055 --

388 2094 468 2146 Id.
493 2092 640 2142 Maiis
659 2108 772 2145 a.u.
789 2108 832 2141 c.
856 2088 977 2143 698.
1000 2096 1204 2139 senatus
1225 2086 1326 2135 fre-

390 2176 551 2225 quens
568 2160 989 2226 supplicationem
1006 2158 1218 2209 Gabinio
1238 2155 1327 2206 de-

388 2232 624 2295 negavit,
660 2231 727 2281 ad
746 2229 805 2289 Q.
827 2228 969 2289 tus,
993 2226 1027 2278 6
1048 2225 1159 2292 (8),
1181 2224 1231 2274 1.
1257 2254 1328 2265 --

390 2299 591 2350 Praeter
604 2299 871 2351 Gabinium
892 2296 1102 2363 contigit
1118 2295 1327 2352 nemini,

387 2377 444 2419 ut
462 2372 507 2420 ei
520 2369 828 2436 supplicatio
842 2368 1193 2432 denegaretur,
1210 2364 1328 2415 Phi-

389 2439 517 2506 lipp.
556 2441 648 2502 14,
678 2438 740 2500 8,
773 2440 856 2491 24.
894 2466 961 2474 —
987 2435 1330 2486 Vehementer

390 2516 606 2559 vexatus
637 2511 689 2559 in
716 2515 895 2567 senatu
921 2512 1129 2571 propter
1146 2504 1328 2568 Syriae

391 2580 878 2629 administrationem
898 2591 943 2627 a.
958 2591 1008 2624 u.
1032 2590 1075 2623 c.
1098 2573 1241 2638 700„
1263 2572 1330 2623 ad

392 2646 451 2705 Q.
490 2648 550 2697 fr.
584 2648 643 2708 2,
678 2646 737 2695 11
776 2644 927 2709 (13),
960 2647 993 2693 2
1023 2651 1072 2692 et
1100 2642 1149 2694 3.
1173 2646 1326 2691 -Α,

396 2714 669 2776 Gabinius,
697 2721 963 2763 accusatus
982 2728 1013 2761 a
1034 2711 1246 2761 Lentulo
1267 2711 1326 2763 L.

392 2782 449 2830 F.
466 2820 479 2843 ,
524 2783 801 2832 absolutus.
842 2796 887 2830 a.
914 2797 965 2830 u.
1000 2797 1045 2833 c.
1075 2780 1193 2832 700.
1209 2819 1222 2841 ,
1264 2780 1330 2830 ad

393 2852 498 2899 Att.
518 2855 577 2913 4,
618 2849 709 2910 16,
734 2849 785 2902 9.
804 2876 879 2888 --
897 2849 1071 2899 Denuo
1094 2865 1209 2900 eum
1236 2864 1330 2912 po-

394 2920 547 2969 stulat
564 2920 619 2969 P.
646 2917 817 2982 Sulla,
841 2918 914 2968 1b.
937 2920 1000 2977 4,
1025 2918 1107 2981 16,
1132 2918 1214 2970 11.
1250 2919 1324 2967 ΙΙ).

395 2991 445 3049 4,
472 2990 552 3049 17,
580 2989 625 3039 1.
648 3014 714 3025 —-
734 2986 1004 3037 Gabinium
1033 2993 1133 3035 tres
1153 2986 1329 3035 factio-

395 3071 489 3108 nes
507 3057 857 3122 postulabant,
879 3055 937 3103 L.
960 3054 1219 3115 LentuluS,
1238 3055 1331 3103 fla-

395 3128 550 3176 minis
572 3127 735 3191 filius,
760 3126 846 3188 qui
868 3123 930 3174 de
949 3124 1211 3173 maiestate
1237 3139 1330 3187 po-

397 3196 632 3262 stulavit,
652 3196 730 3249 Ti.
759 3194 893 3244 Nero
911 3208 1026 3243 cum
1042 3192 1191 3242 bonis
1210 3194 1331 3241 sub-

397 3266 733 3329 scriptoribus
744 3298 758 3322 ,
779 3263 832 3317 G.
858 3263 1123 3313 Memmius
1136 3298 1151 3321 ,
1168 3262 1331 3311 tribu-

396 3346 493 3380 nus
510 3335 583 3399 pl.
606 3349 720 3383 cum
746 3333 806 3381 L.
832 3331 1091 3396 Capitone.
1124 3328 1229 3379 Sed
1248 3330 1331 3379 his

394 3400 603 3451 iudiciis
620 3400 747 3451 nihil
770 3401 989 3451 audebat
1007 3397 1182 3449 Cicero
1211 3413 1332 3448 con-

398 3466 571 3518 fidere.
607 3470 751 3529 Quod
771 3468 843 3516 Μ.
856 3467 977 3518 Cato
992 3482 1093 3517 non
1115 3466 1329 3532 valebat,

896 207 961 254 P.
994 204 1321 254 GABINIUS
1356 227 1440 237 —
1465 205 1809 254 GALATAE.

1464 361 1628 412 adhuc
1649 360 1712 410 de
1724 362 1954 426 pecuniis
1969 362 2281 426 repetundis,
2299 378 2397 412 non

1463 437 1570 480 erat
1589 430 1902 495 postulatus,
1929 431 1996 480 ad
2012 430 2071 490 Q.
2091 430 2153 479 fr.
2179 431 2236 494 3,
2265 432 2290 480 1
2311 469 2324 491 ,
2347 435 2395 493 5,

1464 499 1548 550 15.
1580 526 1645 536 -—
1677 497 1806 550 Sunt
1839 499 1952 551 lites
1990 501 2288 550 aestimatae
2330 501 2395 552 A.

1461 566 1675 619 Gabinio
1693 583 1742 618 a.
1765 584 1816 619 ιι.
1839 585 1882 620 c.
1913 568 2032 620 700.
2047 603 2066 631 ,
2101 584 2194 634 pro
2219 569 2396 619 Rabir.

1458 639 1696 700 Postumo
1715 639 1765 696 4,
1785 637 1838 690 8.
1853 662 1924 674 —-
1939 636 2216 687 Damnatus
2239 646 2315 688 est
2338 638 2401 687 de

1456 707 1690 774 pecuniis
1711 707 2006 772 repetundis
2037 713 2308 757 accusante
2339 706 2396 765 Q.

1457 775 1600 826 Fufio
1631 773 1842 835 Caleno,
1873 777 1924 825 in
1955 791 2053 838 quo
2080 791 2194 826 eum
2227 774 2402 825 Cicero

1462 844 1554 896 Cn.
1615 845 1844 910 Pompeii
1890 845 2185 894 auctoritate
2233 853 2403 895 motus

1463 913 1788 977 defenderat,
1809 913 1882 963 ΙΙ).
1904 913 1964 974 8,
1998 913 2082 966 19.
2122 912 2184 962 cl.
2217 913 2288 963 ib.
2313 915 2399 964 12.

1461 982 1545 1035 33.
1569 1008 1636 1020 --
1656 981 1926 1033 Gabinium
1944 984 2016 1045 si,
2040 989 2094 1032 ut
2122 985 2287 1034 Pansa
2305 999 2404 1047 pu-

1461 1060 1532 1102 tat
1551 1053 1868 1118 oportuisse,
1902 1050 2240 1115 defendisset,
2277 1069 2404 1102 con-

1463 1122 1673 1172 cidisset
1703 1121 1878 1172 Cicero
1908 1136 1954 1172 a.
1985 1137 2038 1174 ιι.
2073 1137 2119 1170 c.
2147 1119 2266 1174 700.
2285 1159 2300 1182 ,
2333 1124 2404 1172 ad

1463 1191 1523 1250 Q.
1547 1190 1611 1239 fr.
1637 1189 1702 1256 3,
1725 1188 2136 1254 5,5.1b.3,7,
2160 1189 2207 1240 1.
2248 1189 2324 1240 ΙΙ).
2351 1192 2403 1249 3,

1460 1259 1524 1324 9,
1565 1259 1616 1313 1.
1651 1285 1721 1295 -
1756 1259 2014 1309 Ciceronis
2052 1260 2405 1310 commentarii

1461 1343 1728 1379 causarum
1777 1343 1872 1394 pro
1921 1326 2160 1388 Gabinio,
2209 1329 2400 1393 fragm.

1459 1414 1513 1464 p.
1552 1397 1672 1448 217.
1717 1424 1789 1436 —-
1817 1395 2020 1447 Gabinii
2063 1397 2315 1448 absolutio
2351 1398 2406 1447 in

1461 1466 1670 1518 iudiciis
1693 1467 1755 1517 de
1776 1465 2036 1516 maiestate
2059 1473 2109 1516 et
2128 1467 2192 1516 de
2207 1467 2404 1516 ambitu

1464 1536 1548 1586 lex
1578 1536 1896 1601 impunitatis
1923 1536 2219 1600 putabatur,
2250 1536 2316 1584 ad
2341 1537 2404 1595 Q.

1465 1605 1529 1655 fr.
1549 1604 1598 1669 3,
1617 1605 1668 1668 9,
1691 1603 1742 1657 3”.
1755 1631 1828 1642 -—-
1840 1604 1918 1655 Ab
1939 1603 2120 1654 exsilio
2139 1604 2404 1656 restitutus

1463 1689 1556 1740 per
1585 1673 1853 1724 Gaesarem
1891 1689 1940 1724 a.
1972 1689 2024 1724 u.
2059 1687 2103 1724 c.
2139 1671 2293 1738 705„
2335 1673 2405 1724 ad

1466 1746 1570 1792 Att.
1595 1741 1676 1805 10,
1704 1743 1755 1807 8,
1777 1743 1830 1794 3.

1395 1809 1461 1862 Ρ.
1487 1808 1761 1862 Gabinius
1777 1847 1792 1876 ,
1819 1820 2020 1878 praetor
2048 1827 2093 1861 a.
2119 1827 2173 1865 u.
2207 1827 2251 1861 c.
2277 1810 2398 1861 665.

1467 1895 1578 1930 cum
1613 1881 1781 1945 Appio
1809 1879 2018 1932 Claudio
2049 1880 2228 1932 Pulcro
2259 1887 2310 1930 et
2340 1880 2400 1939 Q.

1465 1948 1668 1999 Metello
1705 1950 1795 1999 Pio
1811 1988 1826 2012 ,
1873 1964 2073 2001 omnem
2116 1948 2404 2000 tabularum

1463 2018 1614 2069 fidem
1635 2018 1942 2082 resignavit,
1975 2034 2068 2084 pro
2090 2018 2244 2070 Arch.
2268 2020 2328 2079 5,
2347 2018 2401 2069 9.

1464 2088 1609 2135 —In
1629 2102 1742 2135 eum
1761 2085 1824 2135 L.
1845 2086 1960 2137 Piso
1982 2095 2189 2152 praetor
2211 2103 2257 2138 a.
2279 2104 2333 2139 ιι.
2355 2104 2399 2138 c.

1464 2154 1586 2207 680.
1610 2156 1913 2206 delationem
1933 2158 2156 2207 nominis
2175 2158 2408 2223 postula·

1465 2226 1540 2275 vit
1569 2232 1616 2275 et
1644 2240 1677 2275 a
1701 2226 1957 2276 iudicibus
1977 2227 2298 2292 impetravit,
2325 2227 2409 2277 di-

1466 2296 1622 2345 vinat.
1646 2295 1700 2343 in
1719 2294 1778 2353 Q.
1802 2292 1992 2344 Caecil.
2011 2296 2097 2361 20,
2117 2296 2204 2347 64.

1401 2364 1470 2432 Q.
1487 2362 1784 2415 Gabinius.
1805 2366 1855 2415 Is
1869 2364 1985 2414 tulit
2003 2366 2219 2429 primam
2240 2365 2412 2429 legem

1467 2433 1778 2485 tabellariam
1816 2435 1880 2483 de
1915 2433 2214 2484 mandandis
2241 2434 2412 2499 magi-

1469 2504 1710 2554 stratibus
1734 2519 1783 2556 a.
1816 2519 1867 2551 u.
1899 2518 1943 2555 c.
1971 2502 2120 2565 616.,
2145 2502 2208 2552 de
2229 2502 2331 2567 leg.
2353 2501 2412 2562 3,

1471 2572 1555 2632 16,
1577 2572 1664 2627 35.
1685 2600 1756 2610 --
1772 2573 1840 2624 V.
1863 2568 2107 2622 Gabinia
2126 2569 2233 2621 lex.

1403 2640 1590 2693 Gades
1614 2642 1858 2708 oppidum
1879 2641 2170 2705 Hispaniae,
2193 2640 2261 2691 ad
2281 2640 2414 2689 fam.

1470 2710 1565 2773 10,
1595 2710 1694 2773 32,
1728 2708 1777 2759 1.
1800 2736 1867 2746 -—
1891 2710 2260 2759 Tartessiorum
2285 2710 2412 2759 olim

1471 2786 1650 2845 caput,
1687 2780 1748 2829 de
1779 2794 1887 2830 sen.
1925 2778 2014 2837 19,
2039 2778 2123 2830 69.
2167 2778 2230 2828 de
2254 2779 2410 2828 domo

1469 2864 1562 2898 sua
1579 2847 1664 2912 30,
1685 2849 1773 2900 80.

1403 2914 1685 2968 Gaditana
1731 2917 1927 2966 civitas.
1985 2916 2108 2965 Eius
2149 2916 2230 2965 ius
2247 2952 2262 2978 ,
2316 2929 2410 2979 pro

1471 2986 1630 3036 Balbo
1659 2985 1718 3049 6,
1742 2986 1828 3039 14.
1861 2986 1936 3038 ΙΙ).
1965 2982 2059 3046 10,
2091 2983 2176 3035 25.
2211 2985 2286 3033 ΙΙ).
2323 2985 2412 3048 11,

1472 3057 1559 3106 27.
1585 3080 1652 3093 —-
1680 3055 1757 3104 De
1787 3054 1993 3104 foedere
2023 3052 2298 3110 Gaditano,
2331 3052 2408 3102 ΙΙ).

1476 3122 1557 3184 14,
1587 3124 1672 3176 32.
1706 3124 1779 3174 ΙΙ).
1806 3122 1890 3185 15,
1914 3120 1998 3174 34.

1404 3188 1690 3255 Gaditani,
1710 3206 1802 3256 pro
1821 3190 1979 3240 Balbo
2002 3192 2085 3247 17.
2105 3190 2192 3243 39.
2223 3192 2299 3241 lb.
2324 3190 2412 3251 19,

1404 3326 1719 3381 Gaditanus
1731 3326 1818 3393 (L.
1830 3325 2134 3447 glor-nelias
2148 3326 2411 3394 Balbus),

1471 3398 1538 3447 ad
1560 3399 1663 3447 Att.
1685 3399 1736 3456 7,
1759 3398 1808 3461 7,
1868 3433 1882 3446 .

1405 3464 1663 3516 Galatae.
1712 3465 1899 3515 Eorum
1947 3465 2140 3515 auxilia
2177 3465 2422 3515 Ciceroni·
