2500 3850
585 219 1027 269 CAPPADocm
1063 241 1138 253 -
1169 221 1240 269 D.
1274 219 1751 270 cARFULENUS.
2138 213 2218 276 67

188 380 246 446 6,
263 380 320 444 -1,
343 379 430 433 17.
452 375 635 436 -Qm
653 376 966 442 triumphant
985 391 1140 438 quum

190 451 258 500 de
303 415 424 498 'foro
477 449 530 496 in
581 445 884 510 Capitolium
938 459 1139 494 currum

188 520 398 567 flectere
423 516 698 580 incipiunt,
729 515 954 564 hostium
985 513 1138 562 duces

189 587 346 637 duci'
333 600 386 635 111
408 599 661 634 carcerem
681 585 882 642 iubent,
903 583 1138 645 idemque

168 657 303 706 -dies
328 661 378 704 et
401 653 678 703 victoribus
700 653 896 718 imperii
921 660 970 701 et
989 653 1138 702 victis

187 727 330 775 vitae
355 723 508 772 finem
544 722 694 781 facit,
732 723 882 774 Verr.
913 728 1132 770 accusat.

185 793 220 843 5
240 828 255 855 ,
289 790 362 842 30
379 828 393 850 ,
434 793 520 841 77.
549 817 616 828 --
639 791 921 840 Anseribus
945 790 1138 838 cibaria

189 861 396 926 publice
430 858 656 918 locantur
683 868 734 908 et
753 873 903 908 canes
937 859 1140 907 aluntur

187 933 244 979 in
265 927 549 994 Capitolio,
575 943 670 993 pro
693 927 812 980 Sex.
841 928 1024 977 Roscio
1049 925 1136 988 20,

184 998 277 1051 56.
301 1025 370 1034 -
390 997 696 1064 Capitolium
728 1012 760 1045 a
778 996 938 1046 Gallis
963 996 1138 1045 obses-

189 1082 336 1131 sum,
365 1081 460 1132 pro
489 1067 628 1117 Font.
667 1064 759 1129 10,
789 1065 874 1116 20.
895 1089 966 1102 -·
987 1064 1136 1130 Capi-

184 1135 301 1185 tolii
325 1137 552 1186 incensio
583 1137 836 1200 vigesimo
863 1147 992 1184 anno
1019 1141 1136 1184 ante

187 1205 448 1255 Ciceronis
487 1205 804 1254 consulatum
839 1200 1044 1270 (691.)‚
1080 1203 1136 1251 in

189 1273 338 1324 Catil.
361 1273 413 1334 3,
435 1276 488 1339 4,
509 1273 559 1323 9.
583 1299 652 1310 ·—
673 1272 976 1338 Capitolium
997 1273 1136 1336 apud

187 1343 412 1392 maiores
460 1350 662 1392 nostros
702 1342 904 1406 publice
944 1343 1134 1391 coactis

189 1411 354 1461 fabris
381 1412 655 1476 operisque
686 1410 948 1476 imperatis
976 1411 1134 1474 gratis

190 1481 578 1531 exaedificatum
603 1487 755 1542 atque
783 1478 1018 1529 effectum
1037 1487 1132 1538 est,

187 1551 336 1600 Verr.
360 1556 590 1603 accusat.
611 1549 662 1612 5,
690 1547 773 1610 19,
804 1547 892 1598 48.

129 1615 484 1684 Cappadocia
518 1624 656 1683 patet
696 1633 727 1666 a
767 1615 916 1682 Syria
963 1629 1136 1678 reges-

189 1703 286 1750 que
317 1687 476 1738 habet
505 1687 776 1750 finitimoS,
801 1687 889 1748 qni
916 1683 1070 1733 etiam
1089 1683 1134 1731 si

188 1763 307 1806 sunt
342 1757 496 1805 etiam
544 1756 694 1805 amici
736 1755 914 1816 nobis,
967 1761 1134 1801 tamen

186 1819 362 1890 aperte
399 1824 600 1874 Parthis
639 1824 831 1873 inimici
877 1837 990 1872 esse
1031 1835 1133 1870 nou

189 1895 407 1957 audent,
435 1893 499 1944 ad
519 1893 641 1945 fam.
667 1891 752 1957 15,
773 1894 826 1959 4,
845 1894 978 1942 4.-
994 1889 1131 1941 Nihil

190 1964 276 2014 illo
317 1980 475 2029 regno
509 1962 808 2027 spoliatiuS,
847 1960 976 2011 nihil
1013 1976 1134 2025 rege

189 2030 594 2097 (Ariobarzane)
627 2034 886 2097 egentius,
926 2032 993 2080 ad
1025 2031 1130 2079 Aa.

190 2102 240 2165 6,
276 2103 298 2150 1
321 2139 334 2161 ‚
353 2104 407 2153 4.
427 2130 493 2138 -—
514 2100 869 2167 Cappadociae
888 2098 1131 2161 solitudo,

191 2171 252 2220 de
275 2170 392 2237 lege
409 2186 522 2235 agr.
541 2172 594 2234 2,
619 2170 702 2232 21,
725 2170 809 2219 55.
831 2168 898 2219 cf.
923 2170 990 2219 ad
1007 2168 1129 2217 sam.

194 2239 276 2301 15,
303 2241 351 2304 1,
373 2240 426 2289 2.
460 2266 528 2275 -—-
559 2240 616 2289 In
641 2238 871 2288 clientela
891 2238 957 2287 M.
985 2237 1132 2288 Cato-

191 2309 271 2358 nis
291 2316 428 2369 erat,
450 2310 524 2357 Ib.
552 2307 634 2371 15,
657 2310 708 2369 5,
732 2308 820 2357 15.

131 2375 338 2442 Capra,
369 2378 540 2437 sidus,
571 2377 714 2430 Arat.
749 2392 805 2429 v,
830 2374 948 2426 167.
971 2402 1038 2410 —-
1059 2374 1134 2423 De

188 2462 239 2495 n.
263 2447 312 2497 d.
335 2448 387 2509 2,
409 2446 496 2509 43,
524 2443 640 2499 110.
683 2446 760 2495 lb.
779 2444 831 2505 3,
856 2444 936 2509 16,
959 2446 1046 2497 40.

130 2513 534 2581 Capricornus,
558 2516 696 2567 Arat.
729 2530 778 2563 v,
811 2512 930 2566 293.
965 2540 1032 2548 —-
1058 2513 1134 2561 De

191 2600 241 2635 ιι.
264 2586 318 2634 d.
340 2586 503 2648 2,44,
528 2584 644 2634 112.

129 2650 353 2718 Capua,
396 2654 518 2702 uibs
567 2652 872 2717 Campaniae
911 2650 1132 2699 clarissi-

191 2737 292 2773 ma.
335 2690 411 2771 be
443 2721 641 2771 colonia
685 2736 744 2771 eo
786 2721 901 2785 lege
933 2720 1138 2786 agraria

191 2793 246 2842 P.
271 2784 476 2841 Servilii
501 2790 637 2840 Rulli
670 2789 994 2852 deducenda,
1017 2789 1136 2839 vide

193 2861 401 2910 omnino
439 2859 501 2909 de
537 2859 638 2925 leg.
677 2874 789 2925 agr.
825 2865 951 2912 orat.
988 2858 1028 2906 Ι.
1067 2859 1133 2909 11.

190 2930 280 2981 111.
299 2954 374 2967 —-
405 2928 623 2978 Romani
661 2927 836 2992 Capua
867 2926 1136 2993 magistra-

188 3006 292 3063 tus,
307 3007 558 3059 senatum,
573 2996 837 3047 consilium
855 3010 1136 3059 commuue,

192 3069 368 3116 omnia
396 3068 612 3130 denique
636 3067 858 3132 insignia
875 3066 951 3115 rei
973 3065 1138 3129 publi-

191 3151 282 3186 cae
313 3135 656 3200 sustulerunt,
690 3151 790 3186 non
820 3134 1135 3196 crudelitate,

193 3206 288 3255 sed
325 3204 569 3269 consilio,
609 3206 744 3267 quod
784 3204 1021 3254 videbant
1051 3218 1136 3252 ur-

193 3275 312 3323 bem
359 3274 526 3338 ipsam
568 3274 784 3339 imperio
828 3272 1138 3323 domicilium

191 3343 441 3406 praebere
467 3352 638 3406 posse.
675 3371 742 3378 —-
775 3342 912 3391 Bello
947 3342 1136 3391 Punico

194 3412 448 3473 quidquid
499 3414 666 3477 potuit
719 3410 915 3475 Capua,
970 3411 1138 3475 potuit

191 3481 310 3545 ipsa
339 3495 434 3545 per
454 3495 596 3541 sese,
624 3480 686 3531 de
721 3480 835 3546 lege
856 3494 966 3545 agr.
1003 3481 1060 3544 1,
1082 3478 1134 3545 6,

1284 375 1350 426 18
1382 389 1495 438 sqq.
1533 377 1606 426 Ib.
1630 377 1692 438 2,
1724 375 1807 436 28,
1831 377 1897 428 76
1916 392 2029 442 sqq.
2058 379 2224 430 -De

1280 443 1456 510 Capua
1486 445 1701 495 delenda
1722 459 1881 494 necne
1900 448 2117 498 multum
2145 459 2223 499 est

1280 520 1331 563 et
1350 513 1439 564 diu
1460 514 1773 575 consultum,
1807 515 1871 564 de
1890 515 2003 581 lege
2022 531 2135 582 agr.
2166 520 2219 578 2,

1278 581 1373 648 32,
1405 582 1490 633 88.
1514 583 1727 632 -Inde
1749 584 1811 633 ab
1847 597 1894 638 a.
1916 600 1968 634 u.
1998 600 2044 635 c.
2076 587 2219 647 545..

1274 665 1378 714 quo
1396 665 1528 702 anno
1544 652 1718 717 Capua
1740 659 1887 717 capta
1908 661 2009 718 est,
2031 654 2222 706 infesta

1278 719 1449 769 omnia
1494 727 1669 772 eontra
1716 721 1933 770 Romam
1985 731 2222 788 suscepta

1277 788 1508 853 consilia,
1536 791 1608 842 Ib.
1636 791 1696 852 2,
1730 789 1829 848 33,
1848 790 1936 842 90.
1956 792 2222 857 -Capua

1277 858 1591 909 domicilium
1611 859 1878 925 superbiae
1899 867 2053 923 atque
2072 862 2221 912 sedes

1274 926 1531 992 luxuriae,
1567 928 1641 982 Ib.
1667 929 1731 987 2,
1766 927 1865 989 35,
1892 928 1978 981 97.
2022 928 2084 978 cl.
2104 938 2223 996 post

1277 996 1386 1045 red.
1409 997 1462 1045 in
1486 965 1789 1057 sen.7,17.
1830 997 1907 1047 Ea
1930 1000 2223 1065 attemptari

1276 1080 1307 1114 a
1340 1064 1583 1116 Catilinae
1612 1080 1767 1142 manu
1795 1069 2101 1131 putabatur,
2124 1083 2219 1134 pro

1278 1131 1445 1184 Sestio
1466 1137 1519 1200 4,
1539 1135 1592 1189 9.
1617 1162 1683 1172 --
1674 1133 1883 1200 Capua
1900 1135 2056 1202 haec,
2090 1151 2219 1200 quae

1275 1216 1410 1253 nunc
1429 1211 1505 1253 est
1530 1205 1605 1271 (a.
1633 1221 1687 1257 u.
1711 1220 1757 1253 e.
1788 1203 1959 1271 699.»
1988 1206 2218 1271 splendi-

1276 1273 1605 1323 dissimorum
1654 1274 1945 1339 hominum,
2000 1275 2219 1324 fortissi-

1274 1355 1471 1392 morum
1508 1343 1759 1401 virorum,
1805 1344 2110 1406 optimorum
2148 1346 2219 1392 ci-

1272 1411 1442 1470 vium,
1490 1412 1576 1472 qui
1616 1409 1908 1459 Ciceronem
1947 1419 2221 1474 patronum

1276 1479 1559 1528 asciverant
1594 1484 1643 1526 et
1678 1488 2007 1542 revocarant,
2048 1480 2101 1528 in
2136 1479 2221 1529 Pi-

1276 1561 1389 1596 son.
1414 1548 1496 1604 11,
1513 1547 1601 1598 25.
1619 1543 1989 1604 ——Conventus
2014 1545 2219 1613 Capuae

1272 1622 1392 1681 post
1428 1629 1727 1682 oppressam
1764 1615 2007 1666 Catilinae
2045 1619 2219 1668 coniu-

1274 1686 1525 1734 rationem
1547 1685 1843 1735 Ciceronem
1858 1700 2017 1735 unum
2047 1695 2217 1752 patro-

1274 1769 1397 1802 num
1427 1754 1721 1819 adoptavit,
1750 1769 1843 1819 pro
1876 1754 2042 1806 Sestio
2070 1758 2131 1819 4,
2163 1753 2215 1809 9.

1274 1823 1441 1882 Quum
1460 1821 1635 1874 Cicero
1662 1826 2012 1874 restitueretur
2046 1825 2215 1875 decre-

1274 1893 1341 1942 tis
1362 1893 1473 1943 suis
1492 1892 1667 1958 Capua
1686 1907 1801 1945 eum
1818 1893 2137 1957 honestavit,
2167 1895 2219 1943 in

1271 1962 1440 2012 Pison.
1465 1963 1559 2023 11,
1588 1962 1677 2013 25.
1718 1963 1782 2027 el.
1807 1978 1900 2029 pro
1918 1961 2105 2011 Milone
2134 1962 2217 2023 15,

1274 2030 1359 2081 39.
1382 2060 1453 2071 -
1480 2030 1791 2081 Decuriones
1826 2032 2053 2096 Capuae,
2083 2031 2214 2081 Sest.

1272 2098 1547 2160 4,10.-
1574 2101 1825 2151 Duumvir
1860 2101 1959 2149 iuri
1996 2099 2217 2150 dicundo

1276 2166 1478 2234 Capuae
1499 2168 1595 2219 fuit
1608 2170 1725 2221 Piso
1746 2184 1855 2221 coS.
1878 2184 1925 2219 a.
1941 2184 1993 2220 u.
2006 2185 2050 2219 c.
2071 2169 2215 2228 696.

1272 2236 1545 2299 Ib.8,19.
1575 2266 1643 2277 -—-
1676 2239 1883 2305 Capua’
1870 2240 2057 2304 impios
2080 2238 2219 2287 cives

1276 2304 1647 2370 (Antonianos)
1667 2309 1927 2369 iudicavit
1947 2308 2109 2363 eiecit,
2130 2322 2218 2355 ex-

1276 2375 1449 2435 clusit,
1488 2375 1713 2440 Philipp.
1756 2376 1844 2425 12
1886 2374 1946 2435 3,
1978 2376 2025 2423 7.
2056 2402 2128 2411 -·-
2160 2376 2217 2423 In

1276 2444 1616 2507 descriptione
1655 2444 1776 2493 belli
1818 2409 1985 2491 civilis
2040 2442 2215 2490 Cicero

1277 2512 1501 2577 Capuam
1520 2514 1736 2576 sumpsit
1764 2510 2003 2560 tuendam
2026 2526 2073 2563 a.
2092 2526 2142 2560 u.
2168 2527 2214 2561 c.

1274 2580 1393 2633 705.
1414 2616 1429 2643 ,
1467 2581 1533 2629 ad
1565 2580 1685 2629 fam.
1718 2579 1932 2641 16,11,
1964 2578 2013 2629 3.
2036 2606 2103 2615 -—-
2125 2578 2214 2629 Ca·

1274 2664 1429 2715 puam
1453 2650 1704 2700 coloniam
1732 2650 1979 2699 deducere
2002 2650 2216 2699 conaba-

1274 2718 1442 2768 turM.
1466 2721 1784 2774 Antoniusa.
1804 2735 1855 2768 ιι.
1872 2734 1915 2768 c.
1938 2717 2079 2778 710,
2100 2718 2217 2769 Phi-

1274 2790 1401 2853 lipp.
1440 2786 1628 2854 2,39,
1662 2790 1763 2841 100
1790 2804 1869 2851 sq.
1898 2816 1970 2827 --
1994 2789 2219 2838 Victoria
2271 2802 2275 2807 ’

1279 2856 1478 2922 Capuae
1508 2858 1740 2923 sudavit,
1774 2860 1838 2909 de
1867 2859 2023 2911 divin.
2059 2858 2106 2918 1,
2128 2857 2216 2917 43,

1276 2926 1361 2979 98.
1404 2928 1466 2975 V.
1492 2924 1807 3003 Campanus
1838 2936 1887 2977 et
1924 2922 2213 2992 Campani.

1209 2993 1339 3046 Car.
1379 2996 1441 3043 V.
1470 2993 1653 3045 Caria.

1211 3062 1513 3115 Carbones.
1557 3068 1618 3116 V.
1641 3065 1689 3113 iu
1712 3061 1977 3129 Papiriis.

1207 3132 1276 3183 D.
1314 3130 1673 3184 Carfulenus.
1722 3132 1854 3181 Ειιιιι
1902 3133 2031 3182 bene
2064 3132 2127 3181 de
2161 3146 2217 3180 re

1277 3201 1484 3267 publica
1502 3204 1802 3252 sentientem
1822 3216 1849 3250 e
1880 3208 2058 3249 senatu
2086 3201 2139 3249 vi
2169 3207 2217 3249 et

1278 3272 1428 3322 minis
1456 3274 1635 3320 mortis
1655 3269 1852 3333 expulit
1872 3268 1939 3317 M.
1964 3271 2216 3319 Antonius

1278 3356 1325 3390 a.
1357 3356 1409 3389 u.
1441 3355 1483 3389 c.
1508 3339 1661 3397 710.,
1689 3338 1910 3401 Philipp.
1940 3336 2001 3398 3,
2032 3336 2094 3401 9,
2127 3338 2213 3387 23.

1276 3437 1342 3445 --
1355 3409 1549 3459 Interiit
1567 3410 1620 3456 in
1634 3408 1827 3472 proelio
1841 3406 2130 3467 Mutinensi,
2150 3407 2217 3455 ad

1278 3478 1401 3527 fam.
1427 3475 1507 3540 10,
1532 3476 1615 3541 33,
1637 3477 1693 3540 4.,
1727 3475 1913 3571 ιιά*Αιι.
1939 3474 2020 3534 15,
2042 3476 2103 3535 4,
2129 3474 2177 3523 1.
