2500 3850
714 207 947 274 GALBA'
983 247 1059 259 --
1097 228 1171 275 M.
1212 226 1510 274 GALLIUS
1545 227 1610 286 Q.
1647 227 1710 275 F.

225 382 505 434 adfuerunt
524 397 573 437 a.
598 397 652 431 u.
680 397 723 432 c.
747 380 888 442 703.,
908 383 975 432 ad
992 383 1100 432 Att.
1124 383 1173 442 6,

162 520 368 572 Galba.
407 523 473 571 V.
496 521 551 568 in
570 515 855 584 Sulpiciis.

162 589 365 642 Galen.
399 587 643 639 Galeonis
665 587 996 636 hereditatem
1019 589 1177 636 crevit

232 659 409 708 Cicero
448 671 495 706 a.
527 672 581 706 u.
614 672 658 706 c.
693 655 841 715 707„
874 657 941 706 ad
958 659 1067 709 Att.
1091 656 1174 717 11,

165 795 445 846 Galeotae
484 796 786 858 interpretes
831 800 1176 857 portentorum

234 866 287 913 in
306 863 511 924 Sicilia,
540 863 603 916 de
625 863 781 912 divin.
805 863 855 924 l,
876 861 962 922 20,
983 861 1069 914 39.

166 931 354 996 Gaui,
390 932 534 997 Arri,
566 929 809 996 Hispani,
840 933 1085 982 immanes
1116 946 1175 980 ac

234 1002 480 1053 barbarae
500 1001 757 1061 nationeS,
783 1000 849 1049 ad
868 1001 926 1059 Q.
956 999 1020 1052 fr.
1048 1001 1097 1060 1,
1123 1001 1172 1060 1,

232 1071 285 1122 9.
307 1072 359 1132 S.
379 1072 464 1124 27.
480 1069 768 1136 -Alpium
788 1069 976 1119 vallum
998 1077 1173 1119 contra

235 1154 506 1190 ascensum
612 1139 1171 1204 transgressionemque

232 1207 519 1267 Gallorum,
558 1209 611 1256 in
646 1209 819 1261 Pison.
846 1205 943 1266 33,
981 1207 1066 1258 81.
1102 1232 1175 1246 --

234 1276 421 1328 Gallici
456 1279 524 1328 ad
559 1277 734 1327 urbem
770 1276 1015 1325 adventus
1047 1285 1173 1325 tem-

232 1355 409 1412 pestas
435 1345 722 1403 horribilia,
759 1346 825 1395 de
852 1361 893 1398 r.
932 1360 985 1409 p.
1022 1345 1085 1407 2,
1118 1344 1169 1405 6,

235 1415 324 1466 11.
344 1441 413 1452 -
431 1413 652 1465 Gallicae
672 1415 899 1463 nationes
918 1415 1173 1476 quondam

232 1485 463 1549 Delphos
484 1499 646 1546 usque
669 1483 735 1533 ad
757 1482 1045 1547 Apollinem
1073 1482 1171 1547 Py-

230 1554 399 1603 thium
432 1554 645 1616 eiusque
692 1551 949 1601 oraculum
988 1565 1201 1602 vexan-.

234 1623 358 1672 dum
412 1637 472 1671 ac
532 1621 854 1686 spoliandum
916 1619 1175 1685 profectae

234 1698 369 1740 sunt.
412 1691 489 1740 Ab
517 1690 698 1740 iisdem
728 1691 963 1755 gentibus
996 1689 1173 1738 obses-

235 1775 350 1809 sum
371 1758 672 1824 Capitolium
692 1767 768 1808 est
784 1766 899 1822 etc.,
920 1772 1013 1822 pro
1026 1759 1171 1810 Font.

236 1829 332 1887 10,
376 1828 463 1880 20.
498 1853 563 1864 -·
593 1827 754 1889 Galli,
795 1827 979 1888 Tauri,
1018 1827 1174 1876 Poeni

234 1897 468 1949 homines
488 1895 752 1948 immolare
773 1905 823 1947 et
843 1899 987 1963 pium
1015 1903 1064 1946 et
1094 1897 1172 1948 dis

234 1966 608 2017 immortalibus
657 1968 1003 2031 gratissimum
1059 1980 1172 2015 esse

239 2036 517 2096 duxerunt,
539 2037 615 2089 Ib.
635 2035 695 2095 3,
720 2033 783 2096 9,
816 2036 899 2087 15.
938 2036 1004 2087 cl.
1027 2035 1096 2084 ib.
1118 2034 1169 2094 3,

235 2104 293 2163 9,
326 2104 413 2154 21.
446 2130 519 2141 --
546 2102 681 2154 Galli
708 2112 857 2173 turpe
888 2120 1001 2155 esse
1020 2104 1172 2154 duce-

234 2175 357 2224 bant
380 2174 691 2232 frumentum
725 2188 877 2223 manu
907 2188 1169 2237 quaerere,

234 2244 406 2305 itaque
422 2244 601 2293 armati
620 2242 813 2294 alienos
832 2256 984 2308 agros
1002 2242 1171 2291 derne-

232 2313 423 2374 tebant,
442 2312 517 2361 lb.
540 2312 594 2377 3,
614 2311 665 2373 9,
688 2312 771 2362 15.
792 2338 859 2348 —-
882 2310 1027 2362 Gallo
1047 2311 1173 2360 Tor-

234 2388 421 2444 quatus
438 2388 671 2444 torquem
696 2382 939 2441 detraxit,
962 2374 1169 2429 Tuscnl.

232 2452 295 2510 4,
330 2450 431 2510 22,
458 2448 544 2501 49.
576 2474 645 2487 --
673 2449 913 2500 Homines
942 2447 1073 2499 Galli
1108 2464 1173 2497 ex

236 2517 575 2583 Allobrogum
599 2519 803 2569 civitate
824 2520 956 2569 male
972 2527 1169 2582 pacata,

232 2588 286 2636 in
320 2585 463 2637 Catil.
496 2586 557 2650 3,
588 2586 649 2647 9,
680 2588 767 2642 22.
794 2614 861 2627 --
892 2587 1173 2637 Memoran-

235 2665 319 2705 tur
366 2657 520 2705 etiam
564 2670 655 2720 pro
698 2657 844 2706 Font.
884 2656 917 2708 3
937 2693 952 2720 ,
999 2656 1051 2707 8.
1100 2684 1170 2695 -—

234 2721 496 2775 Gallorum
523 2725 713 2774 auxilia
732 2724 935 2775 Caesari
966 2738 1014 2775 a.
1039 2740 1089 2777 n.
1124 2739 1166 2772 c.

234 2792 355 2843 705.
380 2793 660 2857 promissa,
684 2794 749 2843 ad
768 2795 873 2847 Att.
895 2793 946 2854 9,
975 2792 1057 2857 13,
1080 2793 1131 2842 4.

166 2858 357 2923 Galli,
410 2863 698 2912 sacerdotes
740 2862 917 2913 Matris
954 2876 1172 2925 magnae

234 2931 449 2995 Idaeae,
482 2930 545 2980 de
573 2930 674 2996 leg.
713 2933 773 2994 2,
808 2932 871 2994 9,
900 2932 983 2980 22.
1027 2931 1099 2979 lb.
1122 2932 1171 2989 2,

164 3063 379 3119 Gallia.
422 3068 481 3117 In
512 3082 571 3119 ea
604 3069 749 3118 multi
784 3070 921 3119 cives
958 3069 1173 3117 Romani

234 3138 652 3201 negotiabantur,
672 3152 765 3203 pro
785 3139 931 3188 Font.
957 3139 1003 3199 1,
1029 3138 1077 3187 1.
1110 3135 1173 3185 el.

232 3204 433 3265 Quinct.
458 3204 489 3255 3
506 3243 519 3265 ,
545 3206 611 3257 12
630 3222 741 3269 sqq.
768 3234 832 3243 —-
856 3208 899 3255 A
920 3205 1007 3256 Cn.
1029 3206 1176 3256 Pom-

233 3276 351 3339 peio
382 3290 477 3341 per
509 3272 722 3325 Galliam
757 3275 1045 3341 legionibus
1082 3290 1175 3323 no-

232 3345 351 3393 stris
380 3345 478 3392 iter
508 3344 559 3392 in
590 3344 885 3409 Hispaniam
914 3342 1175 3393 Gallorum

232 3412 565 3463 internicione
617 3412 925 3478 patefactum
966 3420 1071 3473 est,
1112 3412 1175 3460 de

234 3480 362 3545 imp.
387 3478 473 3532 Cn.
500 3482 676 3547 Pomp.
708 3480 895 3543 11,30.
920 3506 987 3517 -
1010 3480 1175 3531 Gallia

2131 217 2252 279 159

1316 395 1418 430 una
1436 383 1691 432 communi
1717 397 1814 432 non
1837 383 1976 434 ardet
2000 385 2248 447 incendio,

1317 465 1348 568 ἓ
1367 449 1432 498 Μ.
1456 450 1610 500 Bruto
1628 452 1996 515 administrata,
2022 463 2146 504 orat.
2165 454 2250 520 10,

1250 585 1442 638 Gallia
1465 583 1769 652 Cisalpina.
1807 589 1926 640 Flos
1945 591 2120 642 Italiae
2133 627 2147 654 ,
2167 593 2251 641 fir-

1318 664 1627 706 mamentum
1673 657 1879 721 imperii
1919 660 2100 724 populi
2151 661 2251 711 Ro·

1317 727 1485 786 mani,
1549 733 1904 780 ornamentum
1967 729 2248 794 diguitatiS,

1315 793 1538 859 Philipp.
1561 793 1619 851 3,
1640 794 1674 846 5
1688 831 1702 856 ‚
1732 794 1814 847 13.
1838 824 1909 840 --
1929 795 2120 847 Galliae
2143 797 2251 847 Cis-

1315 862 1519 928 alpinae
1547 878 1713 914 sermo
1731 872 1883 927 atque
1915 865 2134 916 elocutio
2153 867 2248 916 La-

1313 933 1449 994 tina,
1471 933 1610 982 Brut.
1632 931 1718 993 46,
1742 933 2116 986 17l.—Gallia
2139 935 2250 986 Cis-

1313 1000 1481 1066 alpina
1509 1001 1572 1053 D.
1597 1001 1738 1051 Bruti
1760 1012 1935 1054 nutum
1958 1007 2153 1068 ipsum,
2183 1021 2248 1056 ne

1315 1071 1479 1120 dicam
1518 1071 1786 1134 imperium
1802 1109 1816 1131 ,
1853 1083 2026 1123 secuta
2042 1109 2058 1134 ,
2093 1076 2250 1124 armis

1311 1141 1436 1190 viris
1470 1141 1688 1204 pecunia
1721 1140 1843 1192 belli
1873 1143 2130 1208 principia
2162 1143 2252 1192 fir·-

1315 1210 1485 1268 mavit,
1504 1207 1723 1274 Philipp.
1743 1211 1830 1272 12,
1848 1212 1901 1274 4,
1926 1210 1976 1263 9.
1989 1239 2060 1252 --
2081 1211 2248 1262 Gallia

1313 1277 1570 1344 Cisalpina
1617 1293 1674 1330 se
1717 1294 1936 1343 suasque
1975 1283 2110 1330 vires
2147 1297 2247 1331 non

1311 1347 1545 1408 tradidit,
1597 1346 1688 1396 sed
1731 1351 1972 1412 opposuit
2007 1351 2248 1416 Antonin,

1313 1417 1388 1469 lb.
1411 1413 1462 1479 5,
1487 1414 1569 1479 13,
1589 1413 1678 1465 37.

1246 1481 1437 1533 Gallia
1457 1484 1686 1543 citerior,
1709 1484 1770 1532 de
1788 1485 1892 1533 inv.
1913 1487 1965 1546 2,
1983 1484 2068 1549 37,
2092 1487 2209 1537 111.

1245 1549 1439 1603 Gallia
1475 1548 1880 1617 Transalpina,
1936 1554 2102 1604 Poeno
2152 1555 2250 1606 fuit

1315 1620 1504 1670 auxilio
1519 1657 1535 1682 ,
1560 1620 1627 1670 ad
1643 1620 1761 1670 Her.
1784 1623 1832 1681 4,
1855 1621 1938 1687 33,
1960 1623 2045 1676 45.

1246 1686 1472 1742 Galliae
1492 1689 1652 1740 duae.
1675 1689 1776 1740 Eae
1794 1707 1842 1741 a.
1865 1708 1915 1740 u.
1939 1709 1982 1743 e.
2003 1693 2122 1744 698.
2146 1709 2250 1744 uno

1315 1757 1368 1808 C.
1393 1757 1622 1808 Caesaris
1649 1760 1862 1824 imperio
1893 1770 2008 1811 sunt
2039 1765 2250 1813 coniun-

1315 1837 1452 1892 ctae,
1476 1825 1698 1894 de'prov.
1724 1843 1864 1882 cons.
1887 1831 1936 1890 2,
1956 1831 2007 1884 3.

1247 1895 1486 1949 Galliae.
1529 1898 1659 1957 Quid
1690 1898 1793 1948 illis
1813 1901 1960 1949 terris
1980 1902 2254 1967 asperius?

1315 1968 1437 2030 quid
1455 1968 1695 2017 incultius
1731 1969 1978 2034 oppidis?
2015 1971 2138 2032 quid
2159 1986 2246 2019 na-

1313 2037 1534 2085 tionibus
1547 2038 1852 2087 immanius?
1871 2038 1933 2088 de
1945 2054 2089 2103 prov.
2107 2054 2246 2089 cons..

1313 2106 1396 2166 12,
1420 2103 1504 2155 29.
1542 2106 1614 2159 lb.
1640 2105 1722 2167 13,
1743 2104 1828 2157 32.

1246 2170 1539 2225 Gallicana
1561 2176 1687 2225 ratio
1707 2182 1756 2223 et
1774 2190 1856 2225 res
1870 2212 1884 2235 ,
1917 2178 2175 2242 negotium
2194 2179 2247 2229 in

1313 2242 1502 2303 Gallia,
1529 2260 1618 2309 pro
1639 2244 1837 2303 Quinct.
1858 2247 1910 2306 4,
1937 2246 2021 2295 15.

1247 2310 1574 2363 Gallicanus
1615 2328 1658 2363 S.
1699 2310 1952 2363 Gallicus
1999 2328 2148 2378 ager,
2194 2316 2247 2363 in

1316 2380 1462 2431 Catil.
1485 2382 1535 2438 2,
1557 2382 1638 2441 12,
1659 2380 1744 2429 26.
1783 2382 1848 2430 de
1867 2394 1975 2429 sen.
2000 2382 2052 2441 4,
2075 2383 2158 2434 11.
2178 2408 2246 2420 —-·-

1313 2447 1536 2498 Gallicus
1575 2457 1623 2496 et
1661 2448 1873 2496 Picenus
1911 2463 2061 2513 ager,
2105 2450 2242 2500 Brut.

1246 2583 1504 2637 Gallicus
1535 2583 1809 2644 tumultuS,
1843 2583 2068 2650 Philipp.
2105 2585 2164 2650 8,
2196 2588 2245 2652 1,

1313 2653 1364 2705 3.
1401 2654 1466 2705 V.
1490 2652 1722 2703 Italicus
1744 2653 2004 2703 tumultus.

1240 2722 1319 2773 Μ.
1343 2732 1390 2773 et
1423 2722 1493 2788 Q.
1520 2720 1696 2773 Gauii
1727 2723 2042 2787 postularunt
2064 2724 2132 2777 M.
2155 2724 2249 2775 Ca-

1311 2792 1492 2842 lidium
1515 2808 1560 2841 a.
1577 2810 1629 2843 u.
1647 2808 1690 2845 e.
1714 2792 1854 2855 703.,
1879 2790 2012 2843 Cael.
2035 2795 2101 2844 ad
2125 2794 2248 2844 fam.

1311 2862 1362 2920 8,
1383 2863 1434 2924 4,
1458 2862 1503 2911 l.

1246 2928 1561 2980 Gallinaria
1592 2930 1722 2981 silva
1745 2934 1795 2979 in
1817 2930 2090 2996 Campania
2121 2934 2248 2983 inter

1316 3002 1446 3049 ostia
1484 3000 1718 3051 Volturni
1762 3007 1811 3049 et
1863 3001 2053 3051 Literni
2107 3002 2248 3049 iuxta

1313 3068 1451 3117 littus
1467 3107 1480 3129 ,
1511 3070 1575 3117 ad
1596 3069 1720 3118 fam.
1741 3067 1774 3118 9
1789 3105 1802 3132 ,
1825 3069 1910 3123 23.

1248 3135 1310 3187 C.
1343 3135 1582 3187 Gallius.
1622 3138 1684 3189 V.
1709 3135 1770 3186 C.
1802 3135 2018 3187 Gallus.

1244 3204 1322 3257 M.
1332 3204 1554 3256 Gallius
1575 3205 1643 3271 Q.
1659 3204 1722 3254 F.
1738 3206 1993 3269 mancipia
2009 3204 2246 3253 Sallustio

1313 3273 1552 3323 reddidit.
1593 3276 1641 3324 Is
1661 3276 1825 3333 venit,
1857 3282 1911 3321 ut
1931 3274 2159 3338 legiones
2194 3273 2250 3321 in

1316 3342 1547 3393 Siciliam
1569 3344 1854 3392 traduceret
1881 3357 1928 3391 a.
1963 3359 2016 3393 u.
2039 3358 2083 3393 c.
2109 3340 2246 3400 707„

1315 3412 1381 3461 ad
1401 3412 1504 3462 Att.
1534 3411 1594 3462 11
1612 3448 1629 3473 ,
1660 3409 1754 3470 20,
1789 3412 1837 3460 2.
1858 3437 1928 3446 -
1948 3412 2248 3460 Memoratur

1317 3481 1470 3529 etiam
1495 3481 1564 3529 ib.
1592 3478 1676 3543 10,
1699 3480 1782 3540 15,
1802 3478 2248 3541 4.-M..Gauius,
