2500 3850
168 109 289 170 212
884 123 1073 170 LEDA
1100 145 1181 156 ——·
1202 123 1518 172 LEPISON.

236 279 365 337 lum,
396 279 458 327 de
488 277 643 327 divin.
682 279 737 337 1,
768 277 863 338 34,
890 279 972 328 74.
1011 278 1085 330 Ib.
1120 279 1169 338 2,
1318 279 1410 337 14,
1435 280 1524 338 16,
1547 279 1598 332 3.
1635 281 1705 332 lb.
1729 281 1820 339 14,
1848 280 1941 339 18,
1963 282 2014 330 4.
2037 307 2114 316 -—
2133 280 2284 328 Len--

236 347 320 405 26,
342 347 426 398 56.
1313 348 1466 397 nidae
1495 362 1575 396 me
1607 346 1800 398 litterae
1828 363 1930 398 non
1963 351 2095 398 satis
2119 349 2284 398 dele-

168 411 334 465 Leda.
370 415 409 464 Ε
432 417 551 465 Iove
569 417 717 465 tertio
736 423 785 465 et
808 415 947 465 Leda
968 417 1072 466 nati
1091 430 1171 464 se·
1314 423 1525 464 ctarunt.
1564 417 1635 465 lb.
1661 417 1742 478 14,
1767 417 1846 476 18,
1864 420 1916 469 4.
1955 419 2032 466 11).
2061 418 2155 480 15,
2184 419 2281 482 16,

238 485 390 534 cundi
408 485 507 534 dno
522 485 772 546 Dioscuri,
797 484 974 535 Castor
993 494 1041 536 et
1058 484 1171 534 Pol·
1310 485 1371 533 A.
1414 485 1478 533 ad
1499 485 1619 534 fam.
1648 485 1730 549 16,
1753 486 1838 548 21,
1859 487 1908 536 5.

240 555 356 616 lux,
380 554 441 603 de
460 569 509 604 n.
534 554 581 603 (1.
606 553 657 617 3,
680 554 763 612 21,
786 551 869 604 53.
1241 549 1563 616 Leontides,
1590 553 1727 604 filiae
1743 555 1951 606 Leontis
1973 555 2282 606 Athenien-

169 619 410 675 Lemnns
438 623 606 673 insula
631 621 823 672 Graeca
850 624 901 671 in
922 623 1053 672 mari
1075 625 1172 671 Ae·
1313 623 1414 681 siS,
1437 637 1562 684 quas
1584 631 1730 688 pater
1747 627 1940 688 patriae
1969 628 2282 676 servandae

238 708 389 754 gase,
413 693 502 742 ubi
518 692 823 742 Philoctetes
844 691 1074 754 relictuS,
1109 692 1171 741 de
1313 705 1467 739 eausa
1485 692 1630 741 iussu
1649 692 1837 742 oraculi
1864 695 2180 757 immolavit,
2205 697 2279 746 de

238 763 343 812 fato
364 763 446 818 16.
465 761 550 812 36.
590 762 657 811 ad
678 759 788 810 Her.
808 763 864 826 4,
884 761 971 818 54,
992 758 1078 810 68.
1103 787 1173 796 -—
1315 775 1364 810 n.
1389 760 1441 810 d.
1465 759 1514 818 3,
1541 760 1618 824 19,
1642 759 1728 812 50.

235 831 493 881 Vulcanus
529 831 707 882 tertius
744 829 923 880 Lemni
948 829 1173 878 fabricae
1244 825 1524 891 Leontini,
1545 832 1724 880 civitas
1743 829 1976 891 Siciliae,
1999 834 2148 882 Verr.
2179 849 2274 883 ae-

235 901 454 950 traditnr
484 899 796 965 praefuisse,
835 899 897 947 de
934 913 984 948 n.
1026 898 1074 948 (1.
1119 897 1170 960 3,
1317 906 1474 947 cusat.
1497 900 1548 962 2,
1569 899 1654 960 66,
1679 900 1796 951 160.
1835 903 1908 951 11).
1934 902 1985 962 3,
2007 904 2110 964 44,
2134 903 2266 954 104.

235 971 325 1033 22,
356 970 439 1020 55.
464 999 534 1010 --
552 968 837 1018 Promethei
870 967 1058 1016 furtum
1079 968 1173 1016 Le-
1315 968 1385 1017 lb.
1408 965 1457 1024 3,
1478 967 1563 1027 46,
1588 968 1702 1034 109.
1726 995 1794 1006 —-
1813 971 2091 1020 Leontinus
2113 987 2266 1038 ager,

240 1039 460 1094 mnium,
482 1037 685 1086 Tuscul.
710 1038 768 1095 2,
793 1034 883 1097 10,
906 1036 991 1087 23.
1012 1061 1078 1071 -—-
1098 1037 1175 1086 De
1316 1037 1380 1085 de
1400 1037 1558 1084 divin.
1583 1037 1610 1087 1
1627 1076 1640 1099 ,
1674 1036 1768 1098 33,
1800 1037 1884 1091 73.
1926 1041 2071 1093 Verr.
2106 1056 2269 1090 accu-

238 1107 493 1170 mysteriis
548 1106 617 1156 ihi
676 1105 939 1154 celebratis
995 1120 1173 1156 versus
1313 1113 1407 1154 sat.
1432 1104 1487 1164 3,
1521 1104 1618 1165 46,
1654 1105 1767 1156 109.
1808 1108 2030 1174 Philipp.
2065 1111 2099 1158 2
2116 1145 2130 1170 ,
2169 1111 2264 1170 17,

237 1176 405 1236 Accii,
428 1175 491 1223 de
512 1190 562 1227 n.
588 1175 636 1224 (1.
665 1175 713 1238 1,
739 1175 824 1235 42,
850 1174 967 1225 119.
989 1204 1059 1214 --
1078 1173 1174 1224 Le-
1310 1173 1396 1224 43.
1437 1174 1499 1227 cl.
1525 1175 1593 1223 ib.
1616 1173 1677 1233 8,
1698 1175 1754 1234 8,
1776 1176 1860 1226 26.
1885 1209 1956 1217 —
1973 1179 2264 1227 Leontinus

236 1246 424 1294 mnium
445 1259 625 1294 saxum
645 1242 977 1308 Philoctetae,
999 1245 1061 1294 de
1081 1243 1168 1297 fin,
1312 1257 1552 1306 campus,
1571 1258 1664 1308 pro
1685 1243 1876 1295 Scauro
1897 1247 1950 1306 2,
1975 1247 2061 1299 25.
2103 1247 2260 1297 Verr.

236 1315 285 1372 2,
308 1313 393 1372 29,
414 1313 498 1364 94.
1313 1320 1532 1363 accusat.
1559 1313 1608 1373 3,
1634 1312 1716 1371 18,
1738 1315 1824 1366 47.

165 1379 433 1433 Lemonia
452 1385 611 1434 tribus
631 1421 643 1442 ,
664 1397 756 1447 pro
780 1382 951 1435 Plane.
977 1380 1058 1441 16,
1083 1380 1166 1432 38.
1240 1377 1540 1431 Leontium
1594 1381 1938 1440 meretricula,
1990 1383 2254 1447 Epicuria,

234 1452 454 1518 Philipp.
479 1453 527 1514 9,
552 1455 600 1516 7,
628 1453 709 1505 15.
1309 1451 1514 1513 scripsit
1534 1460 1705 1500 contra
1724 1450 2156 1516 Theophrastum,
2191 1453 2257 1502 de

165 1517 483 1583 Lentidius,
518 1521 747 1586 plebeius
778 1522 841 1570 de
869 1521 1035 1584 operis
1058 1519 1171 1568 Clo·
1311 1533 1359 1570 n.
1385 1520 1432 1567 (1.
1458 1519 1505 1580 1,
1528 1517 1608 1575 33,
1631 1519 1715 1570 93.

236 1590 401 1638 dianis
416 1626 430 1647 ,
452 1591 513 1638 (16
534 1590 686 1638 domo
718 1605 811 1638 sua
830 1588 924 1651 33,
956 1587 1037 1638 89.
1074 1603 1169 1652 pro
1240 1585 1318 1636 M.
1342 1584 1600 1651 Lepidus.
1627 1588 1712 1637 Bis
1732 1590 1975 1642 consula.
1992 1605 2042 1639 u.
2058 1605 2102 1638 6.
2125 1590 2248 1641 567.

234 1657 366 1707 Sest.
391 1656 473 1710 37.
491 1657 575 1707 80.
1311 1664 1359 1705 et
1379 1655 1499 1707 579.
1524 1664 1572 1704 et
1591 1657 1825 1720 pontifex
1856 1659 2106 1708 maximus
2133 1659 2249 1720 fuit,

163 1725 339 1775 Lento
366 1723 706 1775 Caesennius
722 1761 737 1787 ‚
756 1725 951 1789 collega
976 1723 1041 1774 M.
1066 1725 1169 1772 An·
1208 1741 1215 1746 ·
1311 1741 1413 1774 non
1444 1723 1608 1774 solum
1640 1727 1912 1777 memoriae
1937 1729 2246 1788 testimonie,

232 1796 357 1843 tonii
400 1796 451 1842 in
504 1793 891 1859 septemvir-atti,
943 1792 1166 1856 Philipp.
1314 1795 1406 1844 sed
1427 1796 1574 1844 etiam
1601 1796 1858 1846 annalium
1885 1796 2063 1846 litteris
2084 1804 2132 1846 et
2149 1797 2248 1846 En-

235 1864 330 1923 11,
360 1863 422 1925 6,
458 1863 538 1914 13.
562 1889 626 1900 ——
648 1861 769 1912 Eius
802 1862 1171 1927 septemvir-alis
1313 1865 1386 1912 nii
1416 1877 1540 1912 voce
1573 1865 1807 1914 laudatus
1835 1873 1934 1923 est,
1967 1866 2103 1929 quod
2133 1880 2247 1914 eum

235 1935 535 1997 auctoritaS,
575 1930 797 1997 Philipp.
844 1932 908 1983 12
927 1968 941 1991 ,
982 1932 1045 1991 9,
1087 1930 1169 1982 23.
1314 1934 1380 1982 Μ.
1403 1933 1582 1984 Fulvio
1601 1933 1826 2000 collega,
1847 1927 1945 1998 (160
1965 1936 2048 1985 die
2069 1951 2248 1987 censor

231 2005 303 2053 lb.
332 2002 413 2064 13,
435 2004 485 2069 2,
510 2004 563 2056 2.
596 2002 667 2051 11).
695 2003 775 2065 15,
800 2002 883 2065 12,
904 2001 991 2052 26.
1313 2009 1389 2051 est
1410 2002 1574 2053 factus
1595 2018 1644 2054 a.
1668 2020 1718 2053 u.
1743 2020 1786 2053 c.
1809 2005 1930 2055 575.
1946 2041 1961 2068 ,
1995 2006 2044 2053 in
2065 2020 2244 2070 eampo

162 2070 405 2123 Lentuli.
434 2075 497 2121 V.
521 2074 573 2120 in
593 2069 871 2121 Corneliis
890 2068 1167 2121 Lentulis.
1309 2072 1482 2120 statim
1509 2072 1660 2122 rediit
1680 2076 1732 2121 in
1763 2075 2006 2139 gratiam,
2037 2081 2090 2121 ut
2109 2089 2244 2124 com-

161 2140 276 2191 Leo
297 2176 310 2202 ,
334 2142 585 2204 gladiator
601 2177 614 2200 ,
633 2154 726 2205 pro
748 2138 878 2187 Sest.
900 2139 986 2197 64,
1010 2140 1125 2191 135..
1286 2194 1288 2196 ,
1309 2154 1462 2189 mune
1480 2140 1701 2191 officium
1723 2156 1964 2192 censurae
1991 2145 2244 2192 communi

159 2209 275 2260 Leo
309 2211 568 2271 caelestis,
604 2208 775 2266 sidus,
808 2210 949 2258 Arat.
973 2224 1020 2260 v.
1044 2208 1163 2259 461.
1310 2210 1480 2258 animo
1517 2226 1577 2260 ac
1608 2211 1864 2261 voluntate
1899 2210 2239 2272 defenderent,

228 2278 349 2330 509.
390 2278 454 2329 61.
475 2278 537 2328 (16
566 2290 616 2323 n.
643 2277 691 2326 (1.
712 2277 770 2339 2,
804 2274 913 2337 43,
938 2277 1055 2330 110.
1090 2279 1163 2327 Ib.
1309 2280 1370 2327 de
1392 2294 1536 2344 prov.
1563 2295 1703 2331 cons.
1735 2279 1798 2343 9,
1827 2281 1911 2333 20.
1947 2281 2010 2330 61.
2043 2282 2106 2330 (16
2135 2296 2240 2330 seu.

230 2348 277 2409 3,
307 2348 387 2411 16,
408 2348 492 2399 40.
1312 2348 1374 2398 17
1395 2385 1406 2405 ,
1435 2347 1522 2401 61.
1560 2349 1622 2399 (16
1648 2350 1734 2403 fin.
1767 2350 1828 2407 5,
1859 2350 1952 2411 22,
1977 2349 2063 2401 64.
2087 2350 2233 2401 -Μ,

158 2414 500 2480 Leocorion,
534 2417 710 2468 fanum
741 2415 983 2474 Athenis,
1018 2416 1079 2466 de
1111 2431 1161 2464 n.
1311 2418 1534 2467 Antistio
1573 2418 1817 2485 Pyrgensi
1865 2432 2016 2480 quum
2061 2432 2238 2481 equum

228 2490 278 2537 d.
302 2488 353 2550 3,
382 2486 463 2549 19,
485 2486 571 2541 50.
608 2490 673 2539 V.
705 2481 1025 2537 Leontides.
1307 2487 1608 2547 ademisset,
1652 2487 1784 2537 salse
1813 2487 1865 2534 in
1905 2486 2133 2536 eumdem
2165 2489 2236 2535 in-

156 2554 311 2605 Leon
345 2557 737 2619 ImacharensiS,
771 2556 915 2603 Verr.
940 2561 1159 2603 accusat.
1311 2564 1482 2604 vectus
1502 2563 1614 2618 est,
1643 2557 1705 2605 de
1725 2562 1850 2605 orat.
1871 2556 1921 2613 2,
1945 2558 2028 2609 71.
2051 2554 2167 2605 287.

228 2624 277 2684 5,
304 2626 351 2681 7,
379 2626 460 2674 15.
988 2634 995 2639 ’
1236 2622 1314 2672 Μ.
1350 2621 1593 2689 Lepidus
1623 2641 1724 2675 cos‚
1758 2640 1872 2675 cum
1900 2625 1958 2674 L.
1994 2623 2168 2674 Oreste
2186 2640 2228 2673 a.

156 2691 311 2742 Leon
332 2692 568 2755 princeps
586 2692 945 2741 Phliasiorum.
982 2690 1163 2755 Pytha·
1306 2708 1358 2741 u.
1385 2710 1429 2746 6.
1453 2692 1574 2745 628.
1592 2730 1607 2751 ,
1627 2694 1767 2743 Brut.
1792 2693 1875 2749 28,
1899 2692 2017 2747 109.

228 2774 384 2824 gorne
417 2774 531 2807 cnm
554 2776 613 2809 eo
635 2762 698 2809 de
718 2758 1041 2823 philosophia
1063 2758 1165 2809 col·
1234 2758 1313 2810 M.
1337 2759 1579 2825 Lepidus
1611 2763 1854 2813 consula.
1876 2778 1929 2815 u.
1958 2778 2003 2815 c.
2026 2761 2146 2815 676.
2181 2762 2232 2809 In

227 2828 482 2889 loquium,
504 2828 713 2877 Tuscul.
735 2830 786 2887 5,
806 2828 857 2887 3,
878 2827 930 2877 8.
1307 2829 1482 2879 Sicilia
1513 2844 1603 2894 pro
1633 2840 1864 2895 praetore
1899 2832 1994 2880 fuit
2023 2846 2074 2880 a.
2105 2846 2154 2880 u.
2191 2847 2229 2880 c.

156 2894 435 2947 Leonidas
454 2932 468 2958 ,
504 2913 597 2947 rex
624 2896 1164 2957 Lacedaemoniorum,
1307 2900 1423 2949 674.
1462 2907 1548 2949 aut
1575 2898 1697 2951 673.
1714 2938 1731 2959 ,
1761 2903 1906 2952 Verr.
1930 2907 2148 2949 accusat.
2183 2901 2227 2961 2,

226 2968 288 3016 (16
308 2965 391 3015 fin.
415 2967 476 3025 2,
508 2967 604 3026 19,
633 2966 717 3017 62.
754 2968 828 3015 lb.
851 2966 915 3028 2,
945 2964 1040 3023 30,
1075 2966 1161 3017 97.
1307 2968 1355 3031 3,
1378 2968 1429 3018 8.
1469 2969 1544 3018 lb.
1565 2968 1624 3027 3,
1644 2967 1708 3020 91
1727 3007 1742 3033 ,
1763 2969 1884 3019 212.
1909 2968 2063 3020 -Μ,
2091 2968 2228 3033 Lepi-

223 3036 428 3088 Tuseul.
471 3037 530 3100 l,
571 3038 668 3098 42,
710 3035 825 3087 101.
860 3036 934 3085 Ib.
974 3034 1031 3094 1,
1071 3035 1157 3099 49,
1302 3038 1398 3087 dus
1437 3053 1546 3091 eos,
1581 3054 1697 3088 cum
1731 3038 1790 3096 Q.
1823 3036 1998 3087 Catulo
2027 3054 2074 3091 a.
2107 3054 2155 3089 u.
2187 3052 2224 3088 c.

227 3105 343 3158 116.
1301 3105 1420 3157 676.
1461 3108 1530 3156 Iis
1563 3122 1694 3157 coss.
1725 3106 2026 3157 Gaditanum
2057 3106 2223 3155 foedus

152 3172 437 3225 Leonidas·
476 3174 706 3236 SiculuS,
748 3176 894 3227 Verr.
933 3182 1155 3226 accusat.
1301 3184 1596 3225 renovatum
1611 3212 1627 3241 ,
1650 3192 1743 3241 pro
1760 3175 1916 3225 Balbo
1940 3175 2024 3233 15,
2044 3174 2130 3227 34.

221 3245 271 3302 5,
299 3248 349 3305 4,
376 3243 457 3297 10.
1227 3242 1308 3294 Μ.
1332 3242 1595 3309 Lepidus.
1633 3245 1698 3299 V,
1722 3247 1774 3294 in
1791 3240 2069 3309 Aemiliis..

151 3309 428 3364 Leonides
445 3350 459 3376 ,
485 3314 550 3362 M.
576 3313 837 3366 Ciceronis
869 3314 963 3364 filii
998 3316 1159 3380 magi·
1229 3310 1472 3377 Lepison
1491 3315 1777 3364 Trallianus
1795 3350 1808 3374 ,
1835 3328 1928 3378 pro
1947 3312 2124 3366 Flacco
2141 3309 2216 3375 22,

223 3392 325 3431 ster
349 3383 559 3431 Athenis
580 3398 628 3436 a.
653 3400 705 3432 u.
729 3400 773 3435 c.
796 3384 913 3436 710.
929 3419 945 3448 ,
967 3384 1033 3433 ad
1050 3384 1155 3433 Att.
1298 3382 1384 3432 52.
