2500 3850
663 217 732 262 M.
751 215 1042 262 'ruLmUs
1074 217 1146 262 M.
1171 216 1233 262 F.
1260 217 1328 261 M.
1365 217 1431 262 N.
1460 213 1707 261 CICERO
2120 200 2243 262 423

245 368 646 426 existimabatur,
666 368 729 416 ad
750 367 872 421 fam.
893 367 944 430 5,
967 367 1016 419 6.
1040 371 1090 418 2.
1110 393 1179 404 ·-

249 437 522 486 Tusculani
564 443 612 484 et
640 435 932 500 Pompeiani
967 450 1178 485 exorna-

248 507 320 553 tio
339 520 452 556 eum
473 518 588 552 aere
605 503 762 554 alieno
783 505 972 566 adficit,
994 505 1058 554 ad
1072 506 1174 556 Att.

249 575 300 634 2,
325 573 370 630 1,
397 573 480 623 11.
501 600 566 608 -
585 572 760 621 Tribus
789 573 917 623 locis
943 573 1178 622 aedificat

249 651 299 690 et
317 641 488 706 paullo
507 641 768 690 liberalius
788 643 924 700 vivit,
945 643 1010 691 ad
1031 641 1088 700 Q.
1109 641 1173 692 fr.

249 711 299 769 2,
316 711 352 758 4
369 708 477 774 (6),
497 708 549 759 3.
583 736 656 747 ——
682 709 1082 774 Reprehenditur
1111 710 1174 758 ob

246 777 640 839 aedificationes,
663 777 728 826 ad
746 777 849 830 Att.
872 781 920 836 4,
943 779 995 841 5,
1015 780 1068 828 2.
1107 804 1177 814 —-

251 845 594 894 Tusculanum
617 853 846 907 exornat,
886 846 954 896 lb.
981 847 1027 911 1,
1049 847 1100 909 6,
1123 849 1172 896 2.

249 913 1020 978 lb.1,.7112.„.1821b.‚1
1055 913 1174 975 9,2.

249 982 576 1070 1b.1,10‚3
619 1011 685 1018 -
724 950 798 1032 ibi
829 986 1043 1033 maxime
1061 999 1178 1032 con-

251 1035 503 1112 quiescit,
533 1051 606 1100 lb.
633 1051 678 1110 1,
703 1052 752 1111 5,
775 1050 823 1100 7.
861 1077 929 1086 -
965 1049 1180 1114 Gymna-

251 1120 384 1168 sium
413 1119 484 1168 ibi
513 1117 665 1177 habet
692 1129 740 1168 et
760 1127 996 1184 xystum,
1025 1121 1092 1174 lb,
1129 1120 1177 1180 l,

249 1187 301 1250 8,
331 1190 412 1249 2,
451 1189 595 1238 cuius
616 1203 729 1237 eum
748 1201 848 1236 non
867 1188 1018 1237 modo
1040 1203 1176 1249 usuS,

249 1255 344 1306 sed
370 1259 518 1320 etiam
556 1257 794 1322 cogitatio
827 1257 1066 1318 delectat,
1105 1257 1174 1306 lb.

255 1325 302 1383 1,
335 1315 418 1385 11,
442 1324 494 1377 3.
537 1351 596 1362 --
642 1327 767 1374 Item
805 1324 1178 1386 bibliothecam,

249 1407 400 1455 quam
430 1407 618 1457 augere
648 1394 755 1440 vult
778 1393 918 1442 libris
936 1393 998 1441 ab
1015 1393 1182 1441 Attico

255 1461 510 1521 emendis,
554 1462 628 1512 lb.
655 1461 701 1524 1,
725 1461 774 1510 7.
831 1462 903 1509 lb.
929 1461 978 1519 1,
1017 1461 1100 1523 10,
1126 1462 1178 1511 4,

251 1530 326 1580 Ib.
376 1528 433 1587 1,
486 1529 580 1593 11,
629 1527 678 1578 3.
732 1557 797 1565 -
842 1528 1182 1578 Tusculanum

250 1596 510 1647 Culleonis
537 1613 629 1646 suo
658 1597 876 1646 vicinum
907 1612 1071 1646 emere
1096 1612 1182 1646 co-

251 1667 398 1730 gitat,
415 1665 483 1715 ‘ad
507 1663 564 1723 Q.
587 1665 652 1715 fr.
677 1668 725 1722 2,
746 1667 796 1724 2,
821 1666 867 1716 1.
889 1691 958 1700 --
991 1667 1046 1714 In
1067 1680 1184 1730 par-

251 1735 402 1783 ticula
427 1733 702 1784 Tusculani
744 1733 1000 1783 exhedris·
1029 1748 1182 1797 quae-

253 1805 366 1854 dam
407 1803 636 1852 aedificat
689 1811 738 1851 et
772 1803 970 1852 tabellis
1009 1817 1184 1850 ornare

251 1872 386 1933 vult,
408 1873 497 1923 ,ad
521 1872 639 1920 i'am.
665 1873 714 1932 7,
748 1871 834 1933 23,
865 1871 916 1925 3.
961 1897 1022 1907 -·
1052 1871 1183 1923 Eius

251 1941 606 2001 Formianum,
644 1942 710 1990 ad
728 1943 833 1997 Att.
863 1942 909 2000 1,
929 1943 982 1999 4,
1001 1940 1054 1993 3.
1104 1942 1182 1993 lb.

252 1978 810 2069 2,4,611),2,,.112
856 2008 1182 2073 11),2,,.131

250 2078 654 2142 interpellatores
673 2079 745 2127 ibi
765 2078 994 2139 molesti,
1035 2079 1110 2130 lb.
1133 2078 1185 2138 2,

255 2148 336 2207 14,
369 2147 422 2195 2.
476 2146 724 2208 1b.2,15
758 2146 808 2199 3.
850 2145 1186 2197 -—-V.For-

251 2212 440 2263 miana
479 2222 526 2263 et
559 2212 938 2265 Formianum.
976 2215 1186 2263 -Eius

250 2282 374 2332 vitta
392 2283 444 2329 in
463 2297 585 2347 agro
607 2282 861 2344 Caietano,
891 2284 962 2332 lb.
991 2285 1036 2343 1,
1059 2285 1111 2344 4,
1132 2282 1185 2334 3.

251 2378 320 2387 —-
359 2349 482 2399 Eius
507 2351 632 2400 villa
669 2351 906 2415 Arpinas.
977 2352 1053 2399 Ibi
1091 2366 1186 2415 gy-

254 2418 503 2468 mnasium
549 2422 791 2483 exstruit,
849 2420 985 2481 quod
1015 2418 1187 2467 Amal-

251 2489 425 2537 theum
460 2494 609 2537 vocat
633 2488 782 2537 Attici
813 2488 1076 2552 exemplo,
1112 2487 1183 2539 Ib.

257 2557 408 2618 1,16‚
434 2554 516 2605 18,
553 2557 627 2606 Ib.
649 2558 699 2613 2,
726 2557 772 2615 1,
802 2557 882 2605 11.
905 2584 971 2591 -
989 2555 1186 2605 Dulcis-

254 2627 380 2673 sima
403 2624 548 2683 vilia,
572 2625 646 2677 Ib.
665 2626 717 2686 2,
739 2624 820 2684 11,
839 2626 890 2674 2.
925 2624 1004 2677 lb.
1027 2626 1078 2685 2,
1103 2623 1184 2684 15,

255 2693 303 2744 3.
336 2719 405 2728 -—-
433 2693 556 2741 Eius
593 2692 988 2756 Pompeianum,
1025 2694 1100 2745 Ib.
1137 2691 1184 2753 1,

252 2760 1188 2826 20.1.1b.21,111h.„.246-

255 2829 548 2887 Cumanum,
581 2830 644 2879 ad
669 2828 726 2887 Q.
749 2830 814 2883 fr.
840 2832 890 2889 2,
909 2828 1057 2895 5(7).
1112 2830 1185 2878 lb.

253 2900 395 2956 2,12
423 2896 552 2962 (14),
578 2898 628 2947 1.
671 2926 734 2933 -
772 2867 913 2949 Antii
941 2897 1188 2948 habetbi·

253 2960 571 3025 bliotltecam,
591 2967 657 3016 ad
683 2969 783 3017 Att.
803 2970 856 3029 4,
877 2967 926 3031 5,
948 2966 998 3017 3.
1041 2968 1113 3015 ib
1134 2967 1186 3025 4,

252 3035 286 3086 8
307 3051 374 3093 a,
399 3036 424 3084 1
448 3050 524 3097 sq.

182 3102 264 3153 M.
290 3100 517 3153 Tullius
545 3099 764 3164 Cicero,
803 3103 872 3154 M.
909 3103 1061 3153 filius.
1127 3103 1186 3154 L.

253 3172 380 3221 Iulio
422 3172 636 3222 Caesare
690 3171 742 3226 C.
785 3172 974 3223 Marcio
1010 3172 1187 3237 Figulo

256 3256 386 3293 0035.
427 3242 705 3305 designatis
739 3256 785 3289 a.
821 3256 870 3291 u.
898 3258 939 3291 c.
971 3239 1092 3291 689.
1128 3240 1188 3287 fi-

255 3308 376 3358 liolo
397 3317 572 3358 auctus
593 3318 668 3357 est
689 3309 890 3371 Cicero,
929 3308 1070 3357 salva
1090 3310 1186 3357 Te-

255 3377 430 3437 remia,
471 3378 533 3425 ad
553 3380 654 3429 Att.
687 3377 735 3440 1,
775 3380 824 3437 2,
860 3378 1185 3429 1.-—-Vcnu-

247 3444 502 3493 stissimus
527 3460 654 3511 puer
675 3479 690 3506 ,
731 3446 796 3503 ad
817 3444 873 3503 Q.
897 3445 960 3493 fr.
987 3444 1033 3505 1,
1059 3442 1108 3503 3,
1127 3443 1179 3499 3.

1318 395 1385 404 -
1408 367 1627 416 Mellitus
1648 369 1823 419 Cicero
1840 407 1853 427 ,
1877 370 1943 418 ad
1963 367 2064 416 Au.
2094 368 2139 426 l,
2165 367 2245 431 18,

1322 437 1368 485 1,
1389 462 1457 472 -
1477 437 1554 495 Εἰ,
1586 451 1683 484 una
1706 453 1818 485 cum
1842 447 1998 485 matre
2017 435 2245 484 Terentia

1318 512 1367 552 et
1388 519 1561 554 sorore
1584 504 1777 567 Tullia,
1818 507 2156 554 inscribuntur
2185 503 2247 552 ad

1319 572 1437 623 fam.
1464 573 1543 624 14.
1591 587 1671 637 ep.
1698 573 1851 627 1-4,
1875 599 1943 632 -,-
1962 571 2248 621 Communi—

1318 652 1459 689 catur
1498 643 1607 690 eius
1649 656 1831 690 nomen
1876 657 1987 690 cum
2024 649 2249 705 paterno,

1316 710 1389 758 lb.
1416 708 1499 768 14,
1527 710 1590 758 14
1610 717 1658 759 et
1684 711 1761 760 18,
1788 737 1859 747 ——
1892 709 2109 758 Defletur
2140 708 2249 756 eius

1318 791 1429 826 sors
1466 793 1498 825 a
1532 787 1673 842 patre
1698 779 1747 828 in
1780 778 2015 826 exsilium
2052 775 2249 841 proiici-

1320 853 1487 894 scente
1518 862 1564 897 a.
1587 863 1637 894 u.
1661 863 1704 896 c.
1724 846 1873 908 696„
1914 847 1990 898 lb.
2017 845 2097 900 14,
2132 845 2179 904 1,
2203 844 2249 893 1,

1318 941 1389 952 —-
1428 914 1485 962 In
1519 914 1859 964 Tusculanum
1898 915 2043 964 duxit
2078 926 2250 962 secum

1300 981 1491 1032 ¹Cicero
1514 982 1961 1034 Ciceronem.suum
1991 983 2043 1030 in
2078 981 2253 1030 ludum

1321 1051 1564 1111 discendi,
1588 1067 1683 1100 non
1706 1052 1936 1113 lusioniS,
1952 1051 2016 1099 ad
2038 1049 2095 1108 Q.
2120 1049 2181 1098 fr.
2202 1047 2251 1108 3,

1319 1123 1382 1180 4,
1418 1121 1469 1169 6.
1508 1147 1577 1182 ⁸—
1614 1119 2013 1170 ModeStissimus
2052 1127 2102 1168 et
2136 1131 2253 1167 sua-

1319 1189 1561 1238 vissimus
1582 1203 1725 1253 puer,
1748 1190 1814 1239 ad
1834 1191 1932 1238 Att.
1956 1188 2010 1248 5,
2028 1187 2079 1250 9,
2102 1185 2151 1238 3.
2183 1213 2248 1221 -

1320 1257 1586 1306 Cicerones
1612 1257 1673 1304 M.
1692 1257 1813 1314 etQ.
1834 1257 1965 1306 filios
1988 1257 2251 1307 Deiotarus

1317 1325 1477 1383 filius,
1518 1325 1604 1387 qui
1634 1340 1723 1374 rex
1746 1327 1807 1374 ab
1828 1335 2005 1373 senatu
2024 1323 2252 1388 appella-

1321 1401 1403 1441 tus
1422 1401 1515 1450 est,
1550 1408 1721 1441 secum
1763 1394 1813 1440 iu
1846 1405 2075 1457 regnum.
2120 1393 2251 1440 Dum

1319 1461 1370 1508 in
1394 1461 1601 1508 aestivis
1626 1462 1726 1525 ipsi
1752 1470 1937 1521 essent,
1960 1459 2103 1508 ilium
2127 1474 2252 1524 pue-

1321 1530 1389 1578 ris
1422 1529 1585 1578 locum
1604 1545 1716 1578 esse
1746 1529 2083 1579 bellissimum
2106 1528 2252 1578 duxi-

1320 1613 1447 1661 mus,
1469 1613 1515 1646 a.
1530 1613 1581 1647 u.
1597 1613 1639 1646 c.
1661 1598 1797 1657 703„
1819 1599 1885 1648 ad
1906 1599 2008 1650 Au.
2030 1599 2079 1655 5,
2104 1597 2185 1660 17,
2202 1594 2251 1644 3,

1321 1689 1386 1701 —-
1398 1667 1629 1715 Rhodum
1649 1665 1953 1722 Ciceronum,
1966 1681 2118 1714 causa
2128 1678 2253 1729 pue-

1322 1747 1489 1784 rorum
1508 1751 1535 1784 e
1548 1734 1721 1784 Cilicia
1741 1750 2059 1784 accessurum
2084 1749 2139 1781 se
2158 1747 2251 1796 pu-

1324 1809 1396 1848 tat
1416 1803 1603 1865 Cicero,
1636 1819 1683 1852 a.
1704 1819 1754 1857 u.
1790 1820 1831 1853 c.
1856 1805 1993 1867 704„
2030 1803 2097 1852 ad
2128 1802 2247 1851 fam.

1325 1871 1376 1934 2,
1395 1870 1475 1932 17,
1494 1872 1540 1921 1.
1556 1897 1621 1907 —
1638 1873 1903 1922 Cicerones
1922 1871 2065 1937 pueri
2086 1875 2254 1918 amant

1324 1940 1453 1987 inter
1472 1954 1543 2003 se,
1564 1942 1781 2000 discunt,
1808 1950 2129 2001 exercentur:
2163 1938 2254 1987 sed

1326 2005 1454 2055 alter
1474 2007 1768 2076 (Quintus),
1806 2011 1881 2059 uti
1912 2010 2041 2058 dixit
2064 2010 2253 2057 Isocra-

1327 2084 1405 2124 tes
1426 2077 1477 2124 in
1504 2076 1703 2141 Ephoro
1725 2088 1771 2127 et
1789 2078 2137 2143 Theopompo,
2158 2075 2255 2124 fre-

1327 2146 1406 2193 nis
1428 2151 1557 2209 eget,
1580 2144 1700 2195 alter
1713 2144 1963 2210 (Marcus)
1976 2144 2253 2194 calcaribus

1326 2228 1373 2261 a.
1395 2228 1445 2261 u.
1468 2229 1513 2261 c.
1538 2212 1677 2275 704„
1716 2217 1780 2265 ad
1803 2218 1907 2265 Att.
1934 2214 1985 2277 6,
2011 2214 2055 2277 1,
2081 2214 2166 2265 12.
2190 2239 2255 2247 --

1326 2281 1453 2331 Filio
1475 2297 1567 2331 suo
1582 2318 1596 2341 ,
1635 2284 1680 2331 si
1700 2287 1791 2333 erit
1812 2284 1915 2333 ulla
1932 2298 2013 2332 res
2032 2282 2253 2345 publica,

1325 2358 1468 2414 putat
1489 2350 1661 2400 Cicero
1684 2366 1751 2399 se
1779 2354 1901 2401 satis
1922 2352 2143 2415 amplum
2164 2363 2256 2412 pa-

1326 2420 1615 2467 trimonium
1641 2419 1921 2481 relinquere
1941 2421 1993 2469 in
2016 2418 2257 2467 memoria

1325 2488 1543 2535 nominis
1563 2488 1659 2534 sui.
1690 2486 1778 2535 Sin
1800 2498 1963 2536 autem
1984 2486 2120 2535 nulla
2146 2486 2255 2547 erit,

1327 2554 1453 2602 nihil
1476 2554 1705 2604 accidere
1738 2558 1783 2605 ei
1810 2564 1953 2620 putat
1983 2554 2255 2619 separatim

1328 2638 1357 2671 a
1376 2622 1583 2685 reliquis
1609 2624 1804 2673 civibus
1823 2640 1871 2673 a.
1894 2640 1943 2672 u.
1966 2640 2007 2676 c.
2031 2623 2171 2681 705.,
2192 2621 2259 2670 ad

1329 2690 1451 2743 fam.
1473 2693 1525 2752 2,
1556 2692 1635 2751 16,
1660 2692 1709 2743 5.
1730 2719 1799 2729 —-
1828 2693 2053 2742 Ciceroni
2072 2706 2162 2741 suo
2183 2698 2259 2739 to-

1328 2775 1445 2825 gam
1467 2774 1641 2823 puram
1676 2762 1817 2811 dedit
1838 2762 2016 2825 Arpini
2055 2776 2101 2812 a.
2134 2776 2183 2809 u.
2207 2773 2252 2811 c.

1332 2828 1473 2886 705.,
1489 2830 1664 2881 adAtt
1684 2830 1801 2890 9,6‚
1819 2832 1865 2879 1.
1885 2828 2111 2889 Ib.,919,
2127 2828 2173 2877 1.
2192 2854 2255 2863 -

1268 2910 1273 2915 ⁴
1330 2898 1398 2946 M.
1404 2896 1659 2949 Cicetonis
1672 2899 1808 2949 iilius
1823 2911 1897 2948 est
1912 2898 2085 2947 fortiot
2099 2910 2259 2956 eoque

1328 2966 1441 3031 ipso
1477 2966 1822 3017 vehementius
1862 2972 2143 3015 commovet
2169 2978 2260 3011 nec

1334 3036 1609 3098 quidquam
1641 3038 1739 3085 nisi
1772 3036 1835 3083 de
1863 3034 2155 3097 dignatione
2188 3030 2259 3079 la-

1332 3102 1543 3153 borata.
1568 3120 1618 3151 u.
1644 3120 1683 3152 c.
1712 3103 1863 3161 705.,
1903 3102 1973 3151 Ib.
2002 3102 2091 3163 10,
2124 3100 2184 3158 9,.
2206 3101 2255 3147 2.

1328 3198 1401 3209 —-
1430 3174 1485 3219 In
1525 3171 1661 3221 bello
1705 3171 1840 3219 civili
1878 3186 1925 3218 a.
1958 3186 2009 3218 u.
2042 3185 2086 3218 c.
2117 3166 2259 3231 706.,

1329 3254 1480 3301 quum
1516 3255 1627 3289 eum
1653 3240 1922 3303 Pompeius
1960 3237 2072 3287 alae
2112 3235 2255 3284 alteri

1324 3307 1681 3371 praefecisset.
1728 3322 1963 3371 magnam
1993 3306 2193 3354 laudem
2212 3308 2263 3351 εἴ

1325 3390 1355 3423 a
1376 3390 1572 3425 summo
1590 3378 1701 3427 viro
1734 3384 1782 3425 et
1802 3378 1863 3425 ab
1894 3376 2118 3424 exercitu
2139 3386 2260 3421 con-

1323 3452 1525 3494 secutus
1547 3456 1622 3495 est
1644 3444 1915 3508 equitando
1930 3480 1946 3509 ,
1976 3441 2259 3500 iaculando,
