2500 3850
640 207 642 211 ’
737 212 988 260 TURPIO
1019 233 1103 246 —-·
1131 211 1404 260 TUSCUM
1428 213 1643 260 MARE.

216 369 337 417 Eius
355 379 534 416 versus
555 381 619 416 ex
629 367 924 431 Demiurgo,
945 368 1012 417 ad
1029 367 1144 418 fam.

215 439 264 496 9,
305 439 390 495 22,
431 436 476 490 1.
506 461 576 472 --
616 435 832 500 Turpilii
871 451 1048 486 versus
1087 437 1148 485 dc

214 505 466 555 Leucadia
510 521 572 554 ex
617 505 851 554 Alexidis
895 505 1149 554 Leucadia

215 589 472 632 conversa,
494 572 700 626 Tuscul.
723 574 774 630 4,
801 572 887 632 34,
907 575 993 623 72.

147 639 378 707 Turpio,
409 642 646 701 sutorius,
680 641 834 692 iudex
855 643 1060 702 Romae,
1083 643 1150 692 ad

217 713 316 759 Au.
337 710 388 771 6,
417 710 464 770 1,
495 710 578 760 15.

149 779 212 832 1..
237 775 452 841 Turpio
479 775 794 840 Ambivius,
833 780 894 827 dv
923 793 1030 828 seu.
1066 780 1146 840 14,

213 848 297 898 48.
336 849 398 898 V.
419 844 712 896 Ambivius
733 844 971 912 Turpio.

142 915 212 968 1).
252 913 563 965 Turranius
601 912 792 981 Niger.
844 919 1050 966 Amicus
1088 915 1146 974 Q.

213 985 484 1046 Ciceronis,
517 985 584 1034 ad
603 989 702 1036 Att.
739 984 786 1044 1,
819 984 868 1044 6,
902 985 951 1034 2.
992 985 1064 1038 Ib.
1095 985 1146 1044 6,

213 1055 264 1110 9,
295 1057 345 1102 2.
380 1055 450 1102 lb.
474 1053 523 1112 7,
551 1053 598 1111 1-‚
625 1054 672 1103 1.

139 1123 240 1172 Μ’.
281 1119 592 1172 Turranius
639 1130 839 1184 praetor
889 1136 934 1170 a.
992 1135 1044 1173 u.
1099 1137 1144 1170 c.

213 1191 351 1251 710..
374 1191 524 1240 homo
546 1204 745 1240 summa
764 1191 1050 1254 integritate
1075 1197 1147 1238 at-

209 1276 308 1324 que
345 1259 658 1319 innocentia,
698 1259 1010 1323 provinciam
1049 1259 1147 1308 sibi

213 1331 274 1378 ab
310 1331 525 1378 Antonio
563 1329 732 1376 datam
761 1335 989 1388 recusat,
1027 1326 1145 1376 Phi-

209 1396 402 1460 lipp.3,
437 1395 518 1457 10,
550 1397 634 1447 25.

139 1466 203 1516 1..
226 1462 522 1514 Turselius
549 1463 669 1512 fecit
693 1463 931 1514 heredem
961 1461 1024 1510 Μ.
1045 1431 1148 1512 An-

211 1534 437 1594 tonium,
487 1547 634 1582 suum
681 1533 884 1581 fratrem
935 1531 1147 1581 exhere-

211 1603 354 1652 dans.
377 1601 598 1666 Philipp.
621 1603 672 1662 2,
700 1601 780 1659 16,
801 1599 888 1650 41.

141 1667 417 1720 Tarutius
443 1676 678 1733 quaestor
709 1674 936 1733 praeerat
952 1684 1000 1718 a.
1025 1684 1080 1722 u.
1101 1684 1144 1721 c.

211 1739 330 1788 711.
363 1738 518 1790 classi
548 1753 579 1788 a
611 1737 762 1786 Tillio
785 1736 986 1786 Cimbro
1015 1751 1146 1786 anno

207 1809 374 1870 priore
393 1809 446 1856 in
468 1805 698 1871 Bithynia
718 1813 1056 1871 comparatae,
1083 1806 1148 1854 ad

207 1875 740 1937 fam.12,13,3et4.

138 1942 474 2008 Tuscenius‚
500 1913 847 2003 familiarisQ.
869 1943 1144 2003 CiceroniS,

210 1982 1142 2077 adQMfr’1‚1,...‚,.6§191b226

140 2080 340 2133 Tusci.
392 2085 456 2133 V.
486 2080 727 2133 Etrusci.
779 2081 1028 2132 Barbaros
1057 2096 1146 2130 eos

209 2151 488 2199 nominavit
514 2152 591 2203 Ti.
618 2150 872 2201 Gracchus
899 2159 1056 2214 pater,
1083 2152 1146 2199 de

206 2234 256 2267 n.
279 2219 332 2271 d.
353 2221 404 2277 2,
427 2220 478 2278 4,
513 2219 596 2268 11.
617 2246 684 2255 -
709 2219 863 2268 Tusci
885 2220 1037 2268 iidem
1059 2219 1148 2281 qui

208 2288 409 2335 Etrusci
422 2289 628 2350 saepius
640 2288 773 2351 apud
791 2286 895 2335 Cic.
910 2287 974 2336 (16
989 2288 1038 2337 di
1047 2290 1144 2339 vin.

213 2358 264 2415 2,
287 2356 372 2415 51,
398 2354 513 2408 106.
536 2355 604 2404 ad
623 2356 724 2405 Att.
748 2355 798 2416 8,
823 2356 903 2405 12.
929 2353 1004 2414 C..
1033 2358 1076 2403 l.

132 2424 214 2476 M.
239 2420 548 2483 Tuscilius,
579 2424 936 2488 Pompeianus,
955 2423 1019 2473 ad
1041 2426 1143 2473 Ati.

207 2492 261 2543 8.
286 2492 368 2543 12.
391 2492 446 2541 C.
467 2492 518 2553 §-
540 2494 612 2556 2.,
635 2493 723 2543 ubi
744 2491 867 2541 olim
885 2492 1147 2558 legebatur

208 2560 538 2611 Metuscieius.

132 2628 465 2679 Tusculana
495 2644 628 2691 aqua
660 2626 936 2689 CiceroniS,
967 2630 1020 2679 id
1051 2638 1144 2692 est,

209 2698 414 2754 Crabra,
442 2712 535 2763 pro
565 2697 723 2747 Balbo
757 2696 840 2761 20,
863 2698 946 2747 45.
986 2698 1050 2751 cl.
1083 2698 1144 2747 (16

209 2766 326 2833 lege
344 2782 453 2832 agr.
478 2767 526 2831 3,
547 2768 598 2825 2,
622 2764 673 2815 9.

132 2834 466 2887 Tusculana
487 2835 611 2885 villa
631 2834 890 2885 Ciceronis
910 2850 940 2883 a
958 2834 1012 2884 P.
1032 2833 1144 2883 Clo-

209 2906 292 2955 dio
323 2905 490 2954 diruta
520 2919 566 2953 a.
593 2920 645 2957 u.
668 2920 712 2953 c.
735 2902 854 2955 697.
879 2919 910 2953 a
928 2904 1145 2955 consuli-

207 2973 306 3022 bus
335 2972 486 3023 valde
515 2971 831 3023 illiberaliter
859 2974 1143 3038 aestimata,

207 3042 276 3091 ad
292 3042 395 3095 Att.
413 3045 464 3100 4,
485 3042 534 3101 2,
557 3042 606 3094 5.

129 3108 447 3161 Tusculani
467 3112 518 3159 in
538 3111 792 3161 civitatem
811 3112 1022 3177 recepti,
1048 3126 1141 3177 pro

205 3179 366 3229 Balba
387 3180 470 3242 13,
491 3178 576 3230 31
600 3180 662 3229 de
681 3179 764 3228 off.
790 3180 836 3239 1,
861 3180 940 3245 11,
963 3178 1050 3233 35.
1073 3208 1144 3217 --

207 3248 390 3295 Eorum
420 3248 515 3297 fuit
537 3249 686 3311 Aqua
709 3246 910 3306 Crabia,
944 3250 1006 3299 de
1029 3249 1142 3315 lege

207 3330 319 3379 agr.
341 3314 392 3370 3,
412 3318 462 3374 2,
483 3316 534 3368 9.

130 3382 528 3435 Tusculanum
558 3383 834 3448 Ciceronis,
875 3385 937 3433 ad
965 3384 1062 3437 Att.
1092 3386 1143 3447 7,

207 3452 243 3494 2
283 3453 314 3498 5
371 3451 526 3506 tonic.
552 3451 600 3512 1,
621 3452 703 3502 11.
737 3452 921 3519 fragm.
947 3468 994 3517 p.
1017 3454 1141 3508 294.

2097 200 2220 264 429

1288 395 1357 404 --
1376 368 1498 417 Eius
1518 369 1836 432 gymnasium
1854 368 2004 418 valde
2024 368 2224 419 Cicero-

1290 452 1405 485 nem
1432 436 1664 498 delectat,
1704 439 1769 486 ad
1793 439 1897 486 Att.
1924 439 1969 500 1,
2004 437 2051 498 1,
2084 439 2134 487 4.
2155 463 2227 474 -·

1288 505 1628 554 Tusculanum
1644 513 1693 553 et
1703 505 2063 569 Pompeianum
2081 507 2225 556 valde

1290 572 1580 623 Ciceronem
1602 572 1837 638 delectat,
1874 573 1949 625 lb.
1974 575 2025 632 2,
2060 575 2104 638 1,
2137 573 2221 628 11.

1288 667 1359 676 —-
1375 642 1715 693 Tusculanum
1734 642 2033 706 proscripsit
2050 641 2224 692 Cicero
2256 653 2262 656 ·

1290 727 1337 757 a.
1355 726 1407 759 u.
1430 726 1475 760 e.
1490 710 1635 772 696„
1655 711 1722 760 ad
1737 713 1834 763 Au.
1851 712 1902 774 4,
1920 712 1972 770 2,
1986 712 2036 760 7.
2059 710 2227 760 Exhe-

1290 780 1397 828 dria
1418 779 1663 842 quaedam
1688 779 1917 828 Ciceroni
1948 794 2079 830 nova
2108 787 2227 828 sunt

1290 848 1515 898 instituta
1527 849 1577 895 in
1592 846 1840 913 porticula
1850 847 2137 906 Tusculani,
2159 849 2225 898 ad

1290 915 1411 1033 farp.
1435 919 1485 976 7,
1522 915 1607 978 23,
1648 915 1696 967 3.
1724 942 1793 951 -
1815 917 1877 964 V.
1904 914 2227 968 Tusculana

1287 980 1351 1032 vi
1381 984 1453 1034 la.

1219 1051 1603 1102 Tusculanum
1625 1053 1807 1116 Anicii,
1844 1054 1906 1103 ad
1930 1054 1988 1112 Q.
2012 1053 2073 1102 fr.
2100 1055 2150 1118 3,
2166 1044 2222 1112 ⁸1,

1290 1123 1350 1184 7,
1388 1121 1473 1173 23.
1528 1120 1696 1186 Balbi,
1736 1122 1802 1171 ad
1838 1125 1941 1174 Att.
1985 1125 2043 1186 7,
2084 1125 2133 1180 7,
2173 1122 2223 1174 6.

1286 1190 1448 1250 Bruti,
1468 1199 1587 1240 orat.
1602 1191 1687 1246 31,
1712 1190 1829 1242 110.
1852 1193 1990 1244 Brut.
2004 1191 2089 1248 87,
2102 1190 2221 1242 300.

1290 1260 1345 1308 C.
1386 1259 1500 1307 Iulii
1530 1259 1779 1318 Caesaris,
1811 1268 1937 1308 orat.
1974 1261 2025 1320 2,
2056 1259 2107 1320 3,
2140 1261 2221 1312 13.

1290 1326 1450 1375 Catuli
1472 1335 1520 1375 et
1539 1327 1747 1385 Metelli,
1764 1329 1909 1381 Verr.
1930 1336 2149 1379 accusat.
2170 1331 2222 1390 4,

1289 1396 1374 1453 57,
1407 1393 1523 1445 126.
1563 1397 1620 1454 Q.
1652 1395 1927 1454 CiceroniS,
1960 1396 2027 1445 ad
2046 1397 2148 1445 Ati.
2174 1397 2225 1460 1,

1292 1464 1372 1517 14,
1394 1465 1445 1512 7.
1468 1462 1527 1512 L.
1550 1462 1735 1524 Crassi,
1762 1463 1824 1512 de
1844 1471 1969 1514 orat.
1996 1465 2043 1528 1,
2065 1466 2115 1524 7,
2136 1466 2223 1516 24.

1288 1533 1363 1580 lb.
1394 1533 1444 1592 1,
1475 1531 1561 1593 21,
1593 1531 1679 1584 98.
1720 1531 1785 1584 Μ.
1810 1532 1997 1591 Crassi,
2032 1534 2097 1582 ad
2117 1532 2221 1582 Att.

1285 1603 1337 1657 4,
1378 1599 1461 1653 16.
1500 1597 1551 1650 3.
1602 1602 1668 1654 A.
1712 1600 1933 1657 Gabinii.
1972 1601 2037 1650 de
2076 1602 2225 1650 domo

1287 1683 1409 1722 sua.
1445 1670 1531 1728 47,
1569 1669 1683 1720 124.
1730 1678 1847 1734 post
1882 1669 1989 1719 red.
2028 1672 2079 1719 in
2115 1685 2224 1722 sen.

1288 1739 1336 1796 7,
1361 1736 1441 1786 18.
1479 1734 1657 1796 Laelii,
1680 1739 1742 1788 (16
1762 1747 1889 1792 orat.
1916 1739 1962 1796 1,
1990 1737 2075 1802 62,
2102 1739 2224 1791 265.

1286 1806 1501 1865 Lentuli,
1533 1806 1599 1855 ad
1616 1806 1719 1855 Att.
1746 1807 1797 1867 6,
1828 1807 1875 1871 1,
1908 1806 1994 1858 23.
2033 1807 2222 1869 Luceii,

1290 1875 1363 1922 Ib.
1397 1881 1446 1925 et
1475 1874 1540 1923 ad
1570 1873 1692 1926 fam.
1725 1877 1775 1932 5,
1804 1874 1887 1932 15.
1918 1877 1971 1928 2.
2007 1875 2222 1938 Luculli,

1287 1944 1447 1997 Acad.
1472 1959 1553 2011 pr.
1574 1946 1625 2005 2,
1652 1944 1738 2005 48,
1767 1943 1879 1994 148.
1914 1944 1975 1993 (16
1994 1944 2078 1993 fin.
2102 1946 2153 2005 3,
2174 1947 2225 2003 2,

1290 2016 1337 2063 7
1388 2012 1445 2071 Q.
1485 1980 1671 2063 Metelli
1708 2020 1759 2062 et
1794 2011 1853 2065 L.
1892 2012 2094 2072 Crassi,
2130 2028 2225 2079 pro

1286 2080 1443 2130 Balbo
1471 2082 1560 2144 25,
1590 2080 1675 2133 56.
1713 2082 1959 2147 Pompeii,
1998 2081 2221 2147 Philipp.

1290 2146 1374 2209 13,
1394 2149 1447 2208 5,
1469 2150 1553 2201 11.
1592 2150 1660 2204 Μ
1683 2148 1875 2208 Scauri,
1900 2165 1989 2213 pro
2012 2149 2226 2201 Caecina

1290 2215 1373 2275 19,
1392 2218 1477 2271 54.
1516 2220 1776 2278 VarroniS,
1798 2220 1863 2267 ad
1883 2219 2003 2271 l'am.
2028 2220 2078 2279 9,
2103 2221 2148 2279 1,
2170 2222 2221 2269 2.

1288 2286 1356 2335 ad
1372 2286 1485 2337 Her.
1509 2290 1561 2347 4,
1582 2286 1665 2347 50,
1686 2286 1771 2338 63.

1218 2354 1575 2405 Tusculanus
1596 2371 1772 2414 mons,
1798 2356 1860 2405 de
1878 2355 1997 2404 villa
2018 2364 2225 2421 propter

1287 2426 1684 2487 magnitudinem
1706 2424 2151 2485 substructionum,
2173 2426 2225 2472 in

1288 2491 1385 2542 Pis,
1408 2492 1493 2551 21,
1512 2491 1597 2544 48.
1638 2492 1702 2542 cl.
1726 2507 1819 2555 pro
1838 2490 2002 2541 Sestio
2027 2492 2113 2551 43,
2136 2490 2221 2545 93.

1218 2559 1531 2611 Tusculum
1544 2560 1879 2609 clarissimum
1895 2562 2226 2626 municipium

1289 2630 1337 2676 in
1377 2628 1541 2689 Latin,
1574 2630 1707 2679 unde
1736 2628 1965 2693 profecta
1998 2638 2073 2679 est
2099 2646 2225 2697 gens

1285 2698 1515 2761 Fonteio,
1551 2712 1643 2763 pro
1672 2698 1878 2747 Fonteio
1919 2699 2001 2759 14,
2039 2696 2123 2750 31.
2155 2726 2225 2737 --

1286 2766 1619 2831 Municipium
1654 2768 2091 2830 antiquissimum,
2128 2783 2221 2834 pro

1284 2835 1488 2885 Plancio
1520 2834 1570 2896 8,
1605 2834 1685 2886 19.
1708 2862 1775 2873 —-
1806 2834 2080 2886 Tusculani
2109 2846 2226 2885 sunt

1284 2905 1451 2969 pauci,
1480 2906 1525 2955 si
1557 2905 1761 2967 quidem
1794 2920 1911 2955 cum
1935 2906 2224 2954 Atinatibus

1286 2972 1625 3033 conferantur,
1652 2976 1724 3025 lb.
1757 2976 1804 3035 §.
1828 2974 1914 3025 21.
1938 2998 2003 3007 -
2034 2974 2111 3022 Ibi
2132 2972 2224 3022 Ca-

1286 3043 1437 3092 storis
1486 3052 1533 3092 et
1580 3041 1805 3092 Pollucis
1850 3040 2003 3089 aedes
2052 3042 2151 3089 icta
2197 3056 2226 3089 e

1283 3110 1442 3171 caelo,
1463 3112 1527 3160 de
1545 3109 1704 3162 divin.
1727 3110 1775 3168 1,
1802 3107 1886 3168 43,
1913 3107 1999 3161 98.
2020 3136 2091 3145 -
2108 3108 2227 3159 Alia

1281 3178 1509 3230 Tusculi.
1543 3178 1644 3225 alia
1664 3178 1854 3226 Romae
1880 3180 2043 3227 evenit
2068 3192 2223 3242 saepe

1282 3254 1575 3310 tempestas,
1599 3248 1650 3305 2,
1670 3244 1756 3309 45,
1778 3246 1863 3296 94.
1894 3246 1957 3295 (16
1978 3246 2091 3311 lege
2110 3262 2221 3311 agr.

1217 3383 1467 3433 Tuscum
1477 3398 1632 3433 mare
1647 3383 1880 3447 inferum,
1898 3382 2223 3447 scopulosum

1284 3460 1433 3515 atque
1454 3452 1713 3517 infestum,
1738 3453 1799 3501 de
1816 3461 1938 3501 orat.
1956 3451 2006 3514 3,
2030 3452 2115 3513 19,
2133 3452 2219 3503 69.
