2500 3850
880 175 1066 224 AETN
1071 175 1116 222 A
1145 196 1231 206 —·
1260 173 1443 224 AGIS.

186 338 268 397 13,
285 335 374 387 29.
409 336 559 387 Verr.
585 337 805 382 accusat.
828 335 880 393 4,
899 331 986 390 48,
1009 331 1126 382 106.

185 407 405 456 officina
435 402 746 468 Cyclopum,
782 401 846 451 de
878 401 1034 451 divin.
1076 401 1128 460 2,

188 477 272 536 19,
297 473 386 527 43.
431 473 496 523 cl.
533 474 680 522 Verr.
709 477 929 520 accusat.
963 471 1014 530 5,
1041 469 1128 531 56,

186 544 304 595 146.
335 569 402 580 -
441 543 782 592 Aetnaeorum
799 540 996 605 ignium
1019 554 1130 588 eru-

183 615 321 677 ptio,
367 613 434 662 de
463 627 516 662 n.
551 611 601 660 d.
621 609 682 670 2,
703 608 800 669 38,
828 608 915 661 96.
961 607 1130 658 ‘Onus

180 685 349 732 Aetna
379 681 622 747 gravius'
665 679 1020 744 proverbium,
1067 677 1130 727 de

181 767 292 802 sen.
319 753 371 808 2,
393 753 446 799 4.

110 822 312 879 Aetna,
340 819 548 870 Siciliae
569 818 816 884 oppidum
835 854 851 882 ,
871 818 1019 866 Verr.
1047 833 1130 867 ac-

181 896 346 941 cusat.
384 889 436 948 3,
474 888 560 948 23,
599 891 683 938 57.
723 887 799 939 15.
825 885 876 947 3,
899 889 985 949 44,
1011 887 1128 938 105.

19 1001 26 1005 .
88 960 442 1018 ⁵Aetnensem,
474 956 674 1008 incolae
703 955 898 1006 Aetnae
928 957 1127 1021 oppidi,

179 1031 333 1078 Verr.
369 1034 592 1076 accusat.
626 1025 678 1088 3,
712 1025 799 1085 44,
825 1025 940 1076 104.
975 1026 1051 1075 lb.
1073 1027 1124 1086 4,

179 1098 268 1159 51,
294 1096 417 1146 114.

114 1163 336 1228 Aetoli,
379 1179 506 1230 gens
537 1163 756 1227 Graeca,
799 1178 890 1230 pro
938 1163 1128 1214 Archia

181 1237 277 1298 11,
311 1235 400 1287 27.
438 1247 532 1299 pro
558 1233 768 1284 Murena
809 1233 904 1295 14,
942 1233 1030 1286 31.
1059 1259 1128 1270 -—-

178 1309 244 1356 de
267 1321 312 1358 r.
341 1319 396 1368 p.
424 1303 474 1362 3,
494 1301 545 1366 9,
570 1304 652 1353 15.
685 1328 754 1340 ·—
784 1303 849 1352 de
877 1303 1004 1368 imp.
1033 1301 1123 1353 Cn.

178 1377 365 1438 Pomp.
396 1373 448 1433 6,
479 1372 562 1423 14.

112 1441 366 1506 Aetolia,
406 1442 552 1506 regio
573 1437 841 1501 Graeciae,
865 1440 934 1488 Br
965 1447 1002 1489 t.
1039 1440 1124 1500 20,

179 1513 266 1563 79.
298 1509 507 1563 Tuscul.
538 1510 583 1570 l,
607 1511 660 1574 2,
682 1507 734 1561 3.
772 1510 824 1559 in
851 1509 1019 1558 Pison·
1044 1510 1127 1570 37,

179 1583 267 1632 91.
310 1581 383 1630 lb.
405 1579 494 1640 40,
517 1577 602 1631 96.

111 1651 173 1702 L.
206 1645 515 1711 Afranius,
555 1649 732 1711 poeta,
771 1645 924 1698 homo
955 1659 1128 1711 perar-

179 1727 370 1784 gutns,
414 1718 466 1765 iu
513 1715 700 1765 fabulis
738 1717 943 1778 quidem
974 1717 1126 1766 etiam

179 1791 426 1848 disertuS,
450 1787 586 1834 circa
609 1800 656 1833 a.
675 1799 728 1832 u.
753 1801 799 1837 c.
819 1785 961 1846 660.,
983 1783 1121 1834 Brut.

179 1860 266 1919 45,
310 1855 432 1906 167.
473 1881 542 1890 -—-
585 1853 744 1902 Multa
781 1868 813 1902 a
852 1854 1127 1904 Menandro

178 1926 462 1985 transtulit,
483 1923 548 1973 de
565 1923 648 1973 fin.
675 1923 724 1983 1,
754 1921 803 1981 3,
833 1923 880 1975 7.
906 1951 972 1960 -
997 1926 1130 1974 Ver-

179 2012 268 2047 sus
307 2010 373 2045 ex
403 1994 516 2043 eius
550 1992 726 2042 fabula
759 2000 956 2057 togata,
1000 2008 1130 2056 quae

178 2064 441 2113 Simulans
468 2062 869 2122 inscribebatur,
905 2076 1000 2127 pro
1039 2060 1130 2111 Se-

179 2135 278 2181 stio
299 2134 388 2191 55,
413 2132 530 2183 118.

109 2199 172 2250 Ia.
196 2199 492 2264 Afranius,
513 2214 618 2251 cos·
642 2213 688 2248 a.
717 2214 768 2251 u.
793 2214 838 2249 c.
863 2200 986 2251 694.
1015 2214 1127 2249 cum

179 2271 240 2330 Q.
269 2268 474 2319 Metello
499 2268 704 2325 Celere,
741 2267 860 2315 Auli
883 2268 1036 2331 filius,
1060 2269 1126 2317 ad

178 2344 282 2388 Att.
331 2338 380 2397 1,
426 2337 474 2397 1,
507 2337 556 2389 1.
611 2337 743 2385 Ibid.
789 2336 874 2397 16,
921 2336 1002 2387 12.
1047 2338 1124 2386 15.

181 2410 244 2467 1,
272 2408 442 2466 18,5.
473 2433 539 2442 -
573 2406 648 2458 lb.
673 2404 848 2469 1,20,
875 2405 922 2455 5.
962 2434 1034 2445 --
1067 2406 1123 2455 In

181 2479 292 2526 eius
329 2476 635 2525 sententiam
671 2475 725 2523 fit
765 2483 970 2525 senatus
1007 2488 1124 2524 con-

179 2546 370 2595 sultum
410 2545 474 2593 de
511 2543 722 2600 ambitu,
761 2544 828 2593 ad
857 2542 916 2601 Q.
954 2544 1036 2592 Fr.
1073 2546 1123 2603 2,

179 2616 230 2671 9,
247 2614 296 2667 3.
317 2639 391 2651 -—
410 2613 536 2662 Eius
556 2612 861 2676 triumphus„
883 2614 934 2661 in
946 2612 1120 2663 Pison.

179 2684 263 2742 24,
301 2680 387 2735 58.
437 2681 732 2731 Consularis
766 2696 813 2731 a.
835 2696 886 2731 u.
912 2697 956 2734 c.
983 2682 1128 2746 697„

180 2752 245 2799 ad
267 2754 374 2800 Att.
401 2753 455 2810 4,
485 2750 534 2809 1,
553 2749 604 2801 6.
647 2750 771 2799 Eius
803 2753 1054 2800 sententia
1073 2754 1125 2799 iu

181 2835 333 2869 causa
353 2819 654 2877 Ptolemaei,
685 2820 752 2868 ad
782 2819 898 2869 fam.
927 2821 973 2879 1,
995 2821 1044 2881 1,
1073 2820 1124 2870 3.

180 2914 248 2925 --
271 2894 330 2937 Α.
362 2904 412 2938 u.
439 2904 486 2937 c.
505 2886 624 2939 705.
653 2889 705 2935 in
724 2888 968 2953 Hispania
985 2889 1128 2954 lega-

183 2966 258 3006 tus
279 2958 515 3021 Pompeii
535 2972 648 3006 cum
673 2958 870 3007 Petreio
889 2993 904 3019 ,
937 2958 1003 3007 ad
1021 2962 1126 3006 Att.

185 3026 232 3083 8,
253 3028 304 3085 2,
331 3024 384 3075 3.
407 3026 590 3087 8‚3‚7.
638 3027 703 3075 ad
727 3026 847 3076 sam.
873 3027 1121 3091 16,12,4.

185 3096 246 3143 ad
263 3098 368 3147 Att.
400 3093 483 3155 10,
504 3095 556 3152 9,
582 3096 629 3144 1.
667 3095 888 3162 Philipp.
932 3096 1014 3159 13,
1039 3097 1121 3158 14,

185 3163 264 3213 29.
311 3164 380 3213 ad
411 3166 513 3213 Att.
537 3165 586 3227 7,
607 3165 692 3225 26,
720 3166 766 3215 1.
808 3165 876 3215 ad
913 3165 1034 3217 fam.
1067 3165 1120 3230 9,

191 3231 337 3295 13,1.
375 3234 453 3283 Ι5.
485 3232 569 3291 18,
593 3234 642 3281 2.

93 3296 264 3362 Afri,
305 3302 427 3351 vide
461 3298 645 3351 Sardi.

93 3364 267 3429 Afri,
293 3370 495 3419 incolae
527 3369 752 3433 Africae,
787 3372 852 3421 ad
880 3371 938 3429 Q.
977 3372 1041 3421 fr.
1070 3372 1119 3435 1,

193 3435 240 3495 1,
270 3436 318 3491 9.
368 3440 402 3501 S
437 3440 526 3489 27.
567 3464 638 3475 -—
679 3440 744 3489 de
777 3455 820 3493 r.
851 3456 906 3505 p.
934 3440 1119 3507 fragm.

2133 163 2205 223 11

1272 347 1325 397 p.
1349 331 1469 384 339.
1497 359 1566 370 ·-
1597 347 1689 396 pro
1718 329 1877 382 Balbo
1897 329 1981 397 18,
2009 333 2096 385 41.
2148 331 2211 382 de

1272 417 1321 456 n,
1346 404 1397 451 d.
1432 403 1477 464 1,
1502 400 1585 462 29,
1611 402 1699 452 82.

1201 467 1415 534 Africa,
1440 471 1553 534 ipsa
1582 485 1770 535 parens
1790 469 2085 532 Sardiniae,
2120 486 2213 538 pro

1274 541 1463 590 Scauro
1489 539 1569 604 19,
1598 542 1684 591 45.
1710 555 1757 590 a.
1784 569 1851 580 —
1876 541 2075 591 ‘Africa
2096 540 2213 592 hor-

1271 609 1404 660 rida’
1429 609 1491 658 de
1517 610 1699 659 incolis
1720 609 1944 672 Africae,
1978 611 2041 660 de
2064 624 2137 660 or.
2158 609 2211 672 3,

1271 679 1357 742 42,
1381 677 1499 731 167.
1524 688 1647 730 orat.
1670 679 1755 739 27,
1778 678 1861 732 93.
1900 679 2075 730 Africa
2095 694 2213 744 pro-

1270 747 1441 797 vincia
1478 749 1729 806 Romana,
1778 763 1871 814 pro
1916 749 2123 815 Ligario
2161 749 2212 806 7,

1271 819 1357 870 22.
1398 842 1464 852 --
1504 816 1576 866 lb.
1602 818 1652 878 8,
1676 819 1761 868 24.
1800 842 1869 854 -—
1908 819 1973 868 ad
2000 819 2104 870 Att.
2130 818 2210 882 11,

1199 952 1503 1008 Africanae
1518 956 1703 1076 ἕρπω,
1739 957 1803 1008 ad
1828 958 1949 1010 fam.
1974 956 2025 1020 8,
2046 957 2098 1017 8,
2126 956 2209 1011 10.

1273 1025 1348 1076 Ib.
1370 1025 1423 1086 8,
1444 1025 1495 1088 9,
1556 1064 1567 1074 .

1187 1092 1503 1148 'Africanus
1544 1095 1708 1145 maior
1743 1103 1792 1145 et
1824 1096 2008 1146 minor.
2080 1097 2213 1145 Vide

1272 1161 1561 1214 Cornelios
1596 1161 1907 1230 Scipiones.

1198 1229 1425 1285 Africus
1445 1243 1625 1282 ventus
1643 1270 1657 1291 ‚
1681 1233 1745 1283 de
1764 1249 1811 1285 n.
1836 1235 1887 1284 d.
1911 1233 1959 1298 1,
1982 1233 2067 1293 36,
2091 1233 2210 1285 101.

1197 1301 1513 1371 Agamedes
1557 1311 1605 1352 et
1641 1302 1995 1366 TrophoniuS,
2036 1304 2215 1353 aedili-

1270 1380 1465 1422 catorcs
1487 1371 1661 1436 templi
1686 1370 1921 1434 Delphici
1940 1371 2211 1436 Aponium,

1270 1439 1475 1490 Tuscul.
1504 1440 1551 1503 l,
1573 1441 1659 1500 47,
1682 1439 1800 1490 114.

1197 1511 1615 1578 Agamemnon,
1654 1509 1961 1573 Argivorum
1986 1525 2092 1570 rex,
2126 1512 2213 1572 qui

1270 1580 1523 1629 maximas
1544 1579 1717 1643 copias
1734 1579 1883 1630 duxit
1902 1580 1966 1627 ad
1986 1579 2209 1640 Troiam,

1270 1650 1421 1700 Tusc.
1450 1648 1499 1708 l,
1520 1647 1606 1707 41,
1630 1646 1717 1700 98.
1760 1647 1823 1702 cl.
1849 1648 1917 1698 ib.
1942 1647 1989 1708 1,
2012 1649 2096 1708 37,
2122 1649 2210 1702 90.

1268 1722 1321 1783 4,
1358 1717 1409 1781 8,
1454 1717 1535 1768 17.
1580 1719 1642 1766 dc
1685 1717 1768 1766 off.
1811 1717 1861 1775 3,
1900 1719 1985 1775 25,
2024 1718 2110 1768 95.
2145 1745 2211 1754 -

1271 1793 1397 1839 orat.
1424 1787 1511 1846 22,
1531 1788 1619 1837 74.
1658 1813 1727 1822 -
1761 1786 1825 1836 de
1856 1786 2014 1835 divin.
2053 1787 2099 1850 1,
2128 1787 2210 1846 16,

1271 1855 1357 1908 29.
1392 1881 1463 1892 -·
1496 1870 1591 1920 pro
1608 1855 1788 1905 Flacco
1815 1854 1903 1917 29,
1924 1857 2007 1908 72.
2037 1880 2109 1893 --
2146 1858 2213 1906 ad

1271 1926 1393 1979 fam.
1416 1923 1467 1985 9,
1494 1927 1575 1985 14,
1596 1928 1647 1979 2.
1682 1926 1750 1975 ad
1771 1925 1922 1978 Attic.
1950 1926 2033 1987 14,
2056 1926 2137 1982 17,
2158 1927 2208 1975 2.

1271 2023 1337 2032 -
1372 1995 1723 2059 Agamemnon
1760 1994 2077 2053 Homericus,
2112 1996 2213 2043 Tu-

1270 2062 1401 2116 scul.
1438 2065 1491 2123 4,
1534 2062 1619 2123 23,
1654 2065 1740 2115 52.
1779 2064 1843 2113 de
1872 2078 1981 2113 sen.
2013 2062 2098 2123 10,
2123 2064 2210 2115 31.

1269 2135 1333 2186 A.
1361 2132 1655 2183 Homericus
1676 2140 1725 2182 et
1748 2133 2020 2196 Accianus,
2052 2134 2206 2183 Tusc.

1270 2202 1323 2263 3,
1345 2201 1430 2264 26,
1454 2201 1540 2251 62.
1572 2226 1643 2237 ·-—
1678 2202 1795 2251 Her.
1836 2202 1885 2261 1,
1910 2202 1990 2265 10,
2016 2202 2097 2255 17.
2134 2202 2209 2251 Ib.

1269 2271 1320 2330 3,
1344 2271 1429 2331 21,
1452 2271 1539 2321 34.
1584 2271 1658 2321 Ib.
1694 2272 1746 2333 4,
1770 2269 1857 2331 34,
1876 2270 1963 2321 46.
2007 2271 2071 2320 de
2102 2272 2205 2324 imr.

1271 2340 1319 2401 1,
1345 2339 1427 2397 13,
1444 2338 1527 2391 18.
1552 2338 1831 2402 lb.22,31.
1856 2338 2209 2401 Agamemnon

1266 2407 1327 2460 L.
1343 2407 1583 2457 Lucullus
1603 2407 1805 2468 dicitur,
1828 2407 1895 2456 ad
1913 2407 2035 2458 fam.
2054 2407 2103 2471 9,
2125 2407 2207 2471 14,

1267 2480 1319 2528 2.
1340 2477 1405 2526 ad
1428 2480 1530 2527 Att.
1560 2475 1643 2535 14,
1665 2476 1749 2534 17,
1770 2476 1819 2523 2.

1194 2542 1515 2612 Agathinus
1539 2545 1911 2603 Thermitanum
1944 2548 2090 2599 Verr.
2124 2562 2206 2597 ac-

1268 2621 1427 2663 cusat.
1453 2616 1505 2673 2,
1524 2613 1611 2675 36,
1633 2611 1719 2663 89.

1197 2682 1565 2750 Agathoclea,
1588 2698 1681 2733 rex
1700 2681 1928 2744 Siciliae,
1952 2686 2099 2735 Verr.
2124 2700 2206 2735 ac—

1270 2761 1430 2805 cusat.
1450 2754 1502 2812 4,
1524 2754 1607 2816 55,
1634 2753 1752 2802 122.

1197 2820 1565 2887 Agathoclea,
1588 2821 1863 2872 historicus
1885 2820 2123 2886 Graecu8‚
2144 2824 2206 2873 de

1270 2891 1428 2939 divin.
1454 2892 1501 2953 1,
1522 2892 1609 2953 24,
1628 2891 1713 2943 50.

1197 2956 1501 3026 Agercnais
1542 2976 1666 3025 ager
1702 2962 1755 3009 in
1792 2959 1944 3018 Asia,
1992 2960 2055 3009 de
2093 2961 2205 3025 lege

1267 3044 1375 3093 agr.
1399 3029 1449 3089 2,
1472 3029 1555 3091 19,
1576 3029 1663 3081 50.

1193 3095 1527 3165 Agesilaus,
1565 3114 1657 3147 rex
1690 3097 1932 3162 Spartae,
1979 3096 2043 3145 dc
2064 3098 2202 3159 0123,

1264 3166 1351 3232 34,
1376 3165 1494 3217 139.
1527 3167 1589 3216 dc
1612 3167 1697 3215 fin.
1718 3169 1769 3227 2,
1790 3166 1876 3224 35,
1901 3164 2016 3215 116.
2038 3191 2107 3203 -
2139 3166 2205 3215 ad

1266 3236 1325 3294 Q.
1350 3237 1413 3289 fr.
1439 3235 1487 3289 1,
1509 3237 1559 3295 2,
1580 3238 1633 3289 2.
1668 3236 1785 3296 §.7.
1807 3260 1878 3269 --
1908 3235 1975 3283 ad
2008 3234 2128 3283 sam.
2152 3237 2200 3296 5,

1269 3306 1350 3365 12,
1373 3306 1424 3355 7.
1454 3303 1516 3352 de
1536 3304 1623 3352 off.
1642 3306 1694 3360 2,
1718 3304 1800 3361 15,
1827 3302 1911 3353 16.

1193 3370 1357 3439 Agis,
1378 3388 1469 3421 rex
1482 3372 2013 3432 Lacedaemoniorum,
2036 3371 2098 3440 de
2119 3370 2203 3419 off.

1265 3444 1314 3504 2,
1334 3440 1422 3501 23,
1434 3440 1523 3491 80.
