2500 3850
645 235 1099 284 ARCHONIDAS
1133 260 1204 270 —
1227 239 1695 288 ARIARATHES.

184 395 232 440 in
255 391 470 454 pulvere
502 393 768 455 quaedam
799 391 1043 443 describit
1070 401 1141 442 at-

183 461 378 520 tentius,
395 475 465 510 ne
477 463 707 526 patriam
725 463 934 522 quidem
947 468 1140 526 captam

183 530 362 593 sensit,
385 530 455 579 de
483 531 584 583 fin.
607 532 640 582 5
657 567 672 591 ,
704 529 802 589 19,
826 531 912 584 50.
934 556 999 567 -
1019 531 1140 579 Eius

180 597 473 662 sepulcrum
506 601 810 665 ignoratum
842 600 906 649 ab
927 598 1141 664 Syracu-

181 668 311 714 sanis
348 682 380 716 a
410 665 674 718 Cicerone
708 668 1138 730 quaestoreinda·

177 743 344 800 gaium
364 737 438 786 ad
457 745 650 800 portas
674 737 1013 797 Achradinas,
1039 737 1140 784 Tu-

177 804 298 857 scul.
321 806 387 866 5,
420 804 496 856 23
514 842 530 869 ,
567 805 656 856 64.
685 831 756 841 ·—
785 806 1136 856 Proverbium:

179 871 306 921 ‘Non
346 874 709 924 Archimedes
755 875 938 926 melius
975 874 1138 939 potuit

183 941 525 1004 describere’,
551 957 649 1008 pro
679 942 911 993 Cluentio
931 943 1026 1002 32,
1050 941 1135 992 8¹7.

179 1035 244 1046 —
273 1011 376 1064 Cfr.
403 1013 589 1064 Acad.
616 1026 697 1076 pr.
718 1012 781 1076 2,
805 1010 900 1073 36,
932 1011 1048 1062 116.
1073 1012 1138 1061 de

179 1089 299 1132 orat.
325 1081 376 1138 3,
399 1079 473 1131 33
491 1118 508 1140 ‚
538 1081 666 1132 132.

125 1145 462 1200 Archonidas
484 1149 764 1199 Helorinus
779 1184 794 1211 ,
820 1150 962 1198 Verr.
989 1163 1136 1200 accu-

181 1225 269 1269 sat.
291 1217 352 1279 3,
375 1219 450 1270 56
467 1253 486 1281 ,
513 1216 640 1268 129.
679 1219 754 1267 Ib.
776 1222 834 1278 4,
853 1217 948 1278 26,
978 1217 1064 1268 59.

123 1284 382 1351 Archytas
427 1288 748 1336 Tarentinus
763 1321 778 1346 ‚
814 1287 1073 1337 institutus
1106 1303 1138 1336 a

181 1353 408 1408 Philotan
427 1393 452 1416 ,
489 1356 556 1405 de
575 1362 702 1406 orat.
723 1354 780 1413 3,
805 1353 897 1414 34,
930 1354 1048 1406 139.
1070 1382 1135 1392 -

183 1423 298 1472 Cum
321 1441 383 1473 eo
417 1423 652 1473 multum
679 1423 776 1473 fuit
800 1423 968 1484 Plato,
1003 1424 1066 1473 de
1094 1441 1134 1474 r.

186 1509 232 1556 p.
257 1493 281 1542 l
298 1530 312 1553 ‚
343 1495 455 1554 10,
491 1492 577 1543 16.
604 1521 668 1530 —
694 1493 776 1542 Ad
797 1507 912 1540 enm
931 1492 1137 1557 scripsit

183 1561 347 1624 Plato,
383 1563 466 1612 de
498 1561 586 1610 fin.
619 1563 682 1620 2,
721 1562 814 1618 14,
846 1563 932 1610 44.
953 1588 1018 1596 —
1041 1562 1136 1609 Ar·

191 1630 354 1696 rhytas
381 1630 578 1681 doctus
613 1629 767 1678 homo
797 1628 1026 1694 et·plane
1053 1644 1134 1678 sa-

189 1701 340 1762 piae,
353 1697 582 1749 Tuscul.
599 1700 652 1757 5,
665 1697 750 1760 23,
765 1696 850 1747 64.
865 1696 940 1750 Cf.
956 1699 1020 1748 de
1032 1713 1132 1752 am.

186 1765 273 1827 23,
289 1768 386 1820 88.
411 1780 486 1806 ——1
506 1768 634 1818 Eius
657 1767 818 1816 oratio
839 1775 1010 1816 contra
1027 1781 1136 1816 cor-

185 1840 320 1901 poris
339 1836 667 1901 voluptatem
681 1873 696 1898 ,
718 1836 782 1884 de
801 1850 910 1886 sen.
936 1837 1020 1896 12,
1044 1834 1132 1886 39.

185 1933 248 1941 -
267 1908 398 1957 Eius
421 1906 616 1956 dictum
641 1904 900 1965 laudatur,
926 1904 1134 1958 Tuscul.

189 1979 249 2038 4,
279 1974 368 2033 36,
391 1976 480 2025 78.
506 1976 662 2024 -de
681 1988 723 2025 r.
747 1988 800 2038 p.
841 1974 899 2036 1,
933 1974 1025 2038 38,
1047 1973 1132 2025 59.

189 2045 252 2093 cf.
279 2045 346 2094 de
370 2044 464 2097 fin.
487 2044 520 2094 5
537 2080 552 2103 ,
574 2042 670 2103 29,
691 2043 778 2094 87.

133 2111 248 2163 Arci
279 2114 490 2179 species
519 2128 564 2161 s·
600 2114 694 2161 Iris
712 2106 1034 2162 'Thaumante
1059 2111 1138 2159 di-

191 2184 312 2233 citur
327 2188 479 2240 nata,
499 2181 564 2231 de
583 2194 632 2233 n.
659 2182 711 2231 d.
737 2180 799 2242 3,
821 2178 913 2240 20,
935 2180 1019 2231 51.

134 2250 454 2301 Arcitenens
468 2286 484 2314 ,
517 2250 556 2299 i.
579 2266 622 2299 e.
643 2249 938 2314 sagittarius
952 2285 967 2309 ,
988 2248 1132 2302 Arat.

191 2336 239 2368 v.
257 2320 378 2371 426.

131 2386 341 2451 Arctoe,
362 2388 556 2439 sidera.
577 2387 720 2437 Aret.
741 2401 792 2439 ν.
813 2384 929 2438 689.
949 2386 1130 2451 fragm.

135 2472 518 2591 Agztophylax
535 2524 692 2589 vulgo
715 2525 803 2587 qui
822 2523 1004 2574 dicitur
1023 2539 1135 2573 esse

197 2594 408 2655 Bootes,
435 2594 580 2648 Arat.
613 2608 662 2643 v.
695 2592 780 2643 96.
821 2593 884 2643 de
914 2608 965 2643 n.
999 2592 1048 2642 d.
1083 2592 1134 2658 2,

198 2664 286 2723 42,
309 2663 434 2714 109.

136 2727 342 2794 Arctos,
356 2731 486 2781 den.
506 2728 558 2778 d.
571 2732 624 2788 2,
639 2727 727 2789 43,
743 2729 1133 2790 110.1b.§.111.

133 2796 414 2863 Arcturus,
433 2800 578 2847 Arat.
601 2812 652 2846 v.
675 2796 762 2850 99.
786 2797 906 2849 431.
929 2799 994 2848 de
1013 2814 1063 2847 n.
1083 2798 1134 2847 d.

195 2870 256 2927 2,
278 2870 379 2929 42,
407 2867 527 2919 110.

137 2933 326 2986 Arctus
341 2973 358 3000 ,
392 2938 535 2986 Arat.
556 2951 606 2985 v.
629 2932 714 2985 97.
749 2935 933 2985 Arctus
954 2935 1133 2999 minor,

195 3006 336 3055 Arat.
358 3022 411 3055 v.
429 3002 553 3056 320.

135 3072 342 3125 ardeas
364 3089 519 3140 ager,
541 3074 607 3122 de
627 3086 678 3121 n.
700 3072 752 3122 d.
776 3072 838 3133 3,
862 3071 955 3136 18,
976 3074 1062 3125 47.

134 3140 411 3193 Arethusa
442 3142 561 3193 fons
589 3156 753 3203 aquae
783 3140 948 3190 dulcis
978 3141 1031 3189 in
1057 3142 1136 3189 In-

195 3212 308 3261 sula
325 3210 718 3278 Syracusarum,
740 3211 888 3260 Verr.
912 3216 1131 3259 accusat.

198 3283 258 3344 4,
275 3280 373 3339 53,
399 3280 521 3331 118.

137 3344 458 3417 Areopagum
481 3354 584 3399 etc.
613 3358 674 3396 v.
695 3344 1034 3414 Ariopagus.

135 3413 330 3481 Areus,
351 3418 598 3477 libertuS,
624 3425 681 3467 ut
705 3416 931 3479 videtur,
963 3416 1136 3481 Attici,

198 3486 260 3535 ad
281 3489 384 3536 Att.
407 3487 470 3547 5,
493 3486 557 3545 9,
581 3485 630 3535 1.

2132 235 2207 296 31

1212 392 1660 459 Arganthonius,
1699 397 2067 450 Tartessiorum
2104 417 2219 466 rex,

1283 466 1345 512 de
1364 477 1471 518 sen.
1499 463 1562 514 19
1576 502 1589 528 ,
1608 463 1695 514 69.

1209 534 1555 597 Argenteum
1601 532 1791 584 flumen
1824 535 2019 588 Galliae
2054 554 2217 608 prope

1278 601 1458 649 Forum
1478 603 1721 666 Voconii,
1754 604 1820 652 ad
1848 604 1969 658 fam.
1996 606 2085 672 10,
2126 611 2212 672 34,

1281 670 1329 720 1.
1350 668 1751 735 —Argenteus
1783 685 1943 736 pons,
1980 677 2055 725 Ib.
2090 679 2135 738 S.
2158 679 2210 732 3.

1280 743 1328 787 et
1347 753 1429 802 ep.
1454 737 1518 789 35
1532 772 1547 799 ‚
1568 741 1621 791 2.

1208 805 1599 872 Argiletanum
1618 808 1903 859 aedificium
1919 847 1934 872 ,
1968 813 2079 860 eius
2098 829 2213 878 par-

1277 883 1379 993 tlem
1414 876 1535 924 emit
1572 875 1633 935 Q.
1678 877 1879 939 cicere,
1917 879 1984 928 ad
2018 881 2123 931 Att.
2164 884 2190 935 1

1313 946 1346 992 4
1359 978 1375 1005 ,
1395 945 1445 992 7.

1208 1009 1545 1078 Argiletum,
1566 1027 1710 1063 mons
1728 1016 1873 1065 urbis
1891 1017 2101 1078 Romae,
2122 1017 2213 1070 ubi

1280 1081 1545 1132 Cicerones
1593 1083 1797 1134 domum
1843 1092 1929 1134 aut
1974 1089 2213 1138 tabernas

1274 1149 1516 1268 {tabuisse
1558 1152 1820 1212 videntur,
1870 1153 1937 1204 ad
1977 1157 2084 1210 Att.
2125 1157 2213 1218 12,

1204 1285 1521 1353 Arginusae
1553 1289 1752 1339 insulae
1786 1298 1888 1340 tres
1910 1304 2070 1358 prope
2088 1293 2217 1342 Les-

1273 1357 1423 1421 bum,
1444 1356 1508 1405 de
1530 1357 1617 1407 off.
1644 1359 1669 1406 l
1688 1393 1701 1415 ,
1733 1359 1828 1419 24,
1852 1359 1939 1410 84.

1203 1426 1416 1490 Argius
1470 1417 1762 1488 (Ἀργεῖος)
1781 1463 1796 1488 ,
1847 1427 2002 1492 Argis
2040 1430 2213 1479 oriun-

1277 1495 1397 1551 dus,
1420 1493 1578 1556 Argia
1599 1494 1835 1542 sacerdos
1852 1495 2058 1546 Iunonis
2072 1533 2085 1557 ‚
2110 1497 2212 1547 Tu-

1276 1561 1400 1610 scul.
1426 1561 1481 1621 l,
1515 1561 1612 1621 47,
1646 1560 1763 1615 113.
1796 1564 1955 1630 Argia
1975 1565 2125 1624 Iunc,
2148 1566 2215 1614 de

2196 920 2213 944 5

1199 1636 1204 1641 '
1277 1644 1329 1678 n.
1352 1629 1403 1681 d.
1431 1628 1713 1689 1,29,82.

1204 1694 1407 1765 Argivi
1429 1706 1652 1748 oratores
1673 1698 1827 1759 nulli,
1850 1701 1990 1751 Brut.
2016 1701 2097 1763 13,
2120 1688 2214 1754 50..

1275 1767 1456 1830 Argivi
1495 1767 1727 1817 colebant
1754 1771 2021 1831 Iunonem,
2061 1771 2123 1820 de
2156 1787 2207 1820 n.

1277 1836 1327 1884 d.
1354 1836 1379 1884 1
1398 1871 1412 1895 ,
1434 1834 1501 1886 29
1511 1873 1528 1898 ,
1553 1837 1640 1886 82.
1677 1838 1995 1902 Responsum
2016 1841 2090 1888 eis
2120 1841 2210 1890 da-

1274 1913 1381 1955 tum
1401 1917 1430 1953 a
1456 1905 1639 1970 Pythio
1658 1907 1923 1971 Apolline,
1959 1907 2021 1957 de
2048 1909 2207 1959 divin.

1277 1975 1304 2024 1
1323 2010 1335 2033 ‚
1361 1972 1452 2035 19,
1474 1974 1557 2025 37.
1584 2000 1648 2011 --
1675 1971 1875 2042 Argivi
1903 1991 1995 2041 pro
2030 1976 2213 2027 Grue-

1273 2040 1353 2091 cis
1376 2043 1513 2106 apud
1533 2042 1747 2092 Ennium
1759 2080 1775 2105 ,
1806 2044 1871 2093 ad
1889 2045 2005 2092 Her.
2030 2048 2090 2104 2,
2120 2048 2209 2107 22,

1203 2178 1358 2245 Argo
1387 2183 1561 2242 naviS,
1591 2184 1643 2231 in
1678 2197 1779 2243 qua
1806 2182 1954 2231 Iason
1984 2196 2097 2232 cum
2128 2198 2209 2231 so-

1275 2250 1401 2309 ciis,
1440 2252 1528 2312 qui
1563 2250 1683 2301 inde
1711 2252 2037 2315 Argonautae
2068 2251 2212 2312 dicti,

1277 2316 1491 2367 Colchos
1533 2320 1863 2383 navigarunt,
1911 2318 2118 2369 Tuscul.
2160 2319 2208 2381 1,

1274 2386 1367 2444 20,
1388 2386 1473 2438 45.
1503 2387 1573 2436 ad
1589 2387 1707 2439 Her.
1726 2388 1777 2445 2,
1798 2388 1883 2445 22,
1904 2386 1988 2437 34.

1204 2452 1359 2521 Argo
1395 2454 1555 2511 sidua,
1583 2455 1725 2502 Arat.
1753 2468 1803 2501 v.
1830 2451 1952 2504 370.
1986 2454 2050 2503 de
2084 2466 2132 2501 n.
2157 2454 2210 2503 d.

1273 2525 1337 2583 2,
1358 2524 1453 2578 44,
1477 2521 1593 2572 114.
1633 2522 1705 2571 Ib.
1728 2521 1788 2581 3,
1812 2519 1903 2583 16,
1924 2520 2009 2571 40.

1206 2586 1477 2657 Argolica
1506 2590 1681 2655 navis,
1712 2590 1746 2639 i.
1777 2606 1819 2639 e.
1854 2588 2020 2655 Argo,
2046 2588 2207 2640 sidus.

1278 2664 1419 2708 Arat.
1446 2676 1494 2708 v.
1517 2658 1637 2711 523.

1207 2725 1509 2845 Arggssicae
1536 2728 1755 2790 classes,
1779 2727 1842 2777 de
1862 2728 2017 2778 divin.
2045 2730 2077 2778 2
2092 2764 2105 2788 ,
2124 2726 2214 2789 30,

1207 2862 1534 2932 Argolicum
1562 2866 1755 2927 decus,
1793 2864 1996 2930 UlixeS,
2034 2866 2097 2915 de
2121 2865 2207 2915 fin.

1278 2936 1337 2995 5,
1363 2934 1455 2998 18,
1474 2935 1559 2987 49.

1206 2998 1601 3069 Argonautae,
1628 3016 1801 3053 eorum
1827 3003 2117 3054 vehiculum
2145 3002 2213 3050 ab

1276 3073 1433 3121 Accio
1456 3073 1765 3136 descriptum
1782 3107 1795 3129 ,
1817 3072 1881 3121 de
1900 3086 1953 3121 n.
1974 3071 2025 3123 d.
2049 3072 2097 3131 2,
2120 3068 2207 3130 35,

1276 3139 1361 3190 89.
1388 3142 1451 3191 de
1470 3148 1593 3189 orat.
1617 3139 1663 3198 1,
1683 3140 1769 3199 38,
1796 3140 1914 3192 174,
1940 3164 2006 3176 --
2024 3138 2211 3187 Eorum

1276 3209 1515 3274 princeps
1535 3210 1684 3258 Iason
1698 3244 1711 3264 ,
1730 3208 1878 3256 Tusc.
1898 3208 1956 3268 4,
1980 3204 2045 3255 32
2059 3242 2073 3265 ,
2094 3204 2179 3255 69.

1206 3275 1393 3344 Argus
1463 3279 1793 3340 interemptus
1864 3288 1895 3323 a
1960 3273 2214 3323 Mercurio-

1278 3347 1479 3407 quinto,
1502 3346 1566 3394 de
1586 3358 1637 3396 n.
1661 3343 1709 3393 d.
1732 3340 1763 3393 3
1778 3377 1793 3403 ,
1814 3344 1911 3403 22,
1935 3341 2019 3393 56.

1207 3412 1480 3464 Ariadnes
1502 3425 1703 3470 corona,
1725 3410 1885 3459 sidus.
1906 3410 2046 3459 Aret.
2060 3424 2108 3457 v.
2124 3411 2207 3458 75.

1207 3479 1536 3532 Ariarathes
1554 3516 1568 3543 ,
1597 3478 1959 3527 Ariobarzanis
1980 3478 2065 3529 111.
2098 3466 2209 3522 Er}—
