2500 3850
386 185 449 230 L.
483 183 699 230 MANL.
730 167 1015 253 (CAPIT.)
1040 184 1279 232 IMPER.
1311 208 1383 216 —
1413 187 1474 233 Τ.
1510 186 1727 232 MANL.
1755 187 2113 246 TORQUAT.
2163 175 2287 238 237

272 357 322 390 c.
343 339 461 392 705.
478 376 492 399 ‚
515 338 583 388 ad
604 339 707 386 Att.
729 335 781 396 9,
802 337 853 400 8,
878 339 926 390 l,
940 365 1011 375 -·
1028 341 1212 388 Fautor

274 408 533 458 Ciceronis
576 406 890 456 difficillimis
938 409 1047 456 eius
1087 415 1212 456 tem-

272 479 511 542 poribus»,
538 477 601 524 de
631 475 713 523 fin.
738 477 799 534 2,
820 475 917 536 22,
940 478 1024 530 72.
1051 502 1121 513 —-
1142 477 1209 528 A.

276 548 593 607 Torquatus,
625 545 845 607 optimus
875 546 979 605 vir,
1018 546 1212 594 amicus

270 615 465 676 Attici,
494 614 562 662 ad
582 613 686 662 Att.
709 612 771 673 5,
803 613 850 670 l,
882 613 933 662 5.
974 613 1038 664 cf.
1062 614 1132 662 ib.
1158 613 1211 676 5,

270 685 329 746 4,
356 686 407 732 2.
440 683 517 735 Ib.
550 681 725 744 5,21‚
757 680 838 732 10.
878 682 953 734 Ib.
977 683 1040 745 6,
1081 683 1133 740 1,
1160 682 1210 732 6.

272 753 349 800 11).
381 752 443 809 7,
482 750 575 809 14,
612 751 661 799 2.
685 775 755 784 --
785 749 848 798 A.
880 751 1207 814 Torquatum,

271 820 665 883 Pompeianum,
750 819 885 868 victo
968 821 1211 883 Pompeio

270 889 491 938 Athenis
551 886 865 936 exsulantem
925 889 1213 938 consolatur

273 957 450 1006 Cicero
482 972 528 1004 a.
560 971 611 1007 u.
650 972 694 1004 c.
726 955 878 1018 709.,
914 957 979 1006 ad
1008 956 1129 1006 fam.
1159 956 1209 1006 6.

274 1041 357 1090 ep.
387 1027 540 1075 1—4.
637 1024 643 1032 '

198 1091 266 1144 Ῐι.
297 1093 573 1155 ManHus,
608 1091 673 1142 A.
709 1091 773 1140 F.
806 1090 1207 1158 (Capitolinus)

273 1160 637 1228 Imperiosus,
658 1162 869 1212 dictator
888 1177 934 1210 a.
952 1179 1001 1213 u.
1025 1178 1068 1212 c.
1090 1161 1209 1212 391.

272 1231 333 1280 Ei
354 1233 489 1282 diem
520 1231 651 1280 dixit
669 1229 736 1277 M.
759 1230 1069 1294 Pomponius
1087 1230 1208 1284 trib.

272 1301 346 1364 pl.
368 1299 757 1364 perterrefactus
776 1314 807 1348 a
826 1299 937 1348 Tito
952 1337 967 1362 ,
989 1300 1047 1349 L.
1069 1298 1211 1347 Man-

272 1369 332 1418 lii
350 1368 485 1428 filio,
506 1369 593 1432 qui
619 1377 799 1432 postea
826 1375 903 1416 est
926 1367 1211 1430 Torquatus

276 1437 587 1502 appellatum,
620 1437 683 1486 de
702 1435 787 1484 off.
812 1436 863 1498 3,
887 1436 971 1499 31,
1006 1437 1119 1485 112.

202 1505 269 1558 Ῐι.
290 1504 538 1556 Manlius
556 1503 618 1555 L.
636 1503 700 1552 F.
724 1504 1069 1570 TorquatuS,
1090 1519 1211 1554 con-

273 1576 352 1625 sul
382 1591 429 1628 a.
460 1591 511 1623 ιι.
534 1589 579 1625 c.
614 1571 735 1625 689.
768 1589 881 1623 cum
911 1574 970 1625 L.
1001 1572 1209 1622 Aurelio

272 1643 433 1708 Cotta,
458 1644 522 1692 de
541 1643 700 1692 divin.
728 1641 877 1705 1,12‚
902 1641 987 1692 19.
1013 1643 1075 1692 de
1096 1643 1211 1708 lege

272 1728 381 1778 agr.
415 1715 476 1771 2,
511 1711 575 1762 17
593 1748 607 1771 ,
634 1713 721 1762 44.
741 1738 811 1748 --
835 1713 959 1760 Eius
983 1711 1209 1760 consiliis

273 1781 446 1833 Cicero
474 1795 574 1830 non
605 1780 856 1842 interfuit,
891 1780 983 1830 sed
1000 1780 1209 1829 Horten-

268 1850 381 1969 3311
402 1888 416 1911 ’
440 1848 783 1981 1113331133.
792 1848 999 1969 2022&
1024 1847 1209 1967 351ἒέ

269 1990 507 2053 pecuniis
525 1988 821 2053 repetundis
850 1988 1095 2037 Catilinae
1116 1987 1209 2036 fuit

272 2058 576 2120 advocatus,
621 2058 693 2107 11).
732 2056 825 2117 29,
862 2056 948 2108 81.
984 2084 1051 2091 -
1084 2056 1209 2105 Eius

268 2127 425 2175 animi
456 2126 699 2177 fortitudo
726 2134 954 2190 tempore
980 2126 1209 2175 coniura-
1232 2174 1239 2186 ⁸

270 2196 424 2245 tionis
452 2190 771 2245 Catilinariae
787 2231 802 2257 ,
827 2195 901 2243 lb.
930 2195 1011 2255 12,
1032 2194 1117 2247 34.
1140 2219 1209 2227 -

272 2264 555 2326 Torquatus
592 2267 655 2313 ‹le
681 2264 1120 2313 animadversione
1158 2264 1209 2309 iu

258 2332 594 2382 ‚Catilinarios
631 2333 759 2383 dixit
794 2339 909 2381 ante
948 2330 1206 2394 Catonem,

269 2404 337 2451 ad
360 2403 465 2451 Att.
490 2402 573 2465 12,
596 2402 679 2462 21,
706 2402 753 2454 1.
783 2427 854 2438 -
872 2400 949 2449 Ex
973 2401 1209 2450 Macedo-

269 2471 355 2518 nia
384 2472 587 2535 magnis
609 2471 761 2520 rebus
790 2471 948 2535 gestis
968 2469 1207 2519 Cicerone

270 2539 520 2589 referente
542 2540 605 2588 ab
627 2544 805 2589 senatu
832 2540 1107 2603 imperator
1132 2546 1210 2587 est

268 2608 559 2727 3393171111
575 2606 957 2727 afflati?
967 2607 1207 2724 14413123·

349 2712 366 2739 2
468 2718 481 2730 ·
1022 2711 1033 2724 ·
1186 2703 1209 2714 “’

220 2758 224 2761 ·
272 2760 385 2793 nem
422 2746 682 2795 consulem
711 2761 759 2795 a.
796 2761 851 2798 u.
886 2759 933 2795 c.
966 2742 1086 2795 696.
1120 2745 1208 2793 de-

182 2820 187 2825 “
271 2824 505 2878 precatus
525 2822 633 2873 est,
652 2816 728 2864 Ib.
750 2813 837 2877 31,
860 2814 926 2863 77
946 2828 1021 2877 sq.
1045 2839 1115 2871 -,
1132 2814 1208 2863 De

269 2884 381 2931 eius
411 2882 650 2933 facultate
686 2883 914 2947 dicendi,
954 2881 1093 2935 Brut.
1125 2881 1207 2939 68,

200 3016 265 3068 L.
287 3018 533 3071 Manlius
562 3018 917 3087 Torquatus,
949 3021 1009 3073 L.
1034 3020 1209 3070 Manlii

198 3136 204 3142 ζ
270 3088 507 3151 Torquati
539 3103 642 3139 οοε.
674 3104 722 3138 a.
754 3106 806 3139 u.
831 3106 875 3143 c.
905 3088 1025 3141 698.
1049 3088 1205 3142 filius.

270 3157 345 3207 De
373 3159 483 3206 eius
508 3157 741 3207 facultate
774 3159 976 3209 dicendi
1008 3164 1057 3207 et
1076 3157 1207 3207 litte-

273 3227 343 3274 ris
358 3260 372 3285 ,
392 3226 533 3278 Brut.
561 3225 667 3288 76,
682 3226 801 3278 265.
824 3254 891 3263 -
910 3227 968 3275 L.
991 3226 1207 3277 Manlius

273 3296 572 3360 TorquatuS,
600 3294 753 3357 filius,
775 3294 1066 3346 Ciceronem
1086 3303 1135 3345 et
1158 3297 1207 3345 in

272 3363 535 3412 consulatu
563 3370 611 3413 et
636 3365 688 3413 in
725 3372 961 3430 praetura
984 3366 1207 3414 maximo

268 3445 423 3495 opere
471 3432 696 3499 adiuvit,
753 3448 908 3497 quum
946 3434 1205 3497 princepS,

1354 356 1506 402 quum
1529 348 1718 400 auctor,
1744 357 1900 404 quum
1922 343 2136 407 signifer
2153 351 2290 395 esset

1353 410 1656 472 iuventutis,
1695 424 1788 474 pro
1822 409 1964 459 Sulla
1986 412 2077 473 12,
2113 411 2198 462 34.
2219 439 2291 449 —

1355 477 1412 530 L.
1436 477 1652 526 Manlius
1679 477 1964 540 Torquatus
1980 515 1994 540 ‚
2023 480 2156 530 filius
2172 517 2184 539 ‚
2207 497 2288 530 ac-

1355 553 1558 595 cusator
1577 547 1632 594 P.
1655 545 1854 607 Sullae,
1878 548 1952 601 Ib.
1980 549 2026 606 1,
2053 549 2102 596 2.
2141 549 2212 598 Ib.
2236 549 2287 612 8,

1357 615 1442 664 25.
1468 615 1541 667 Ib.
1568 615 1650 678 10,
1672 615 1754 666 30.
1779 641 1846 651 —-
1865 617 2146 678 Torquatus
2167 617 2287 666 ado-

1355 682 1677 732 lescentulus·
1700 699 1792 748 per
1829 684 2047 734 ambitus
2082 699 2289 735 accusa—

1354 755 1542 801 tionem
1573 753 1761 817 eripuit
1778 753 1834 800 P.
1855 751 2023 802 Sullae
2055 753 2288 803 consula-

1353 829 1491 883 tum,
1535 835 1751 883 eumque
1793 820 1860 870 ad
1902 829 2098 885 patrem
2141 837 2288 872 suum

1350 889 1570 951 rettulit,
1597 890 1660 939 de
1687 888 1772 938 fin.
1795 891 1827 939 2
1846 925 1860 950 ,
1895 889 1958 941 19
1977 926 1992 950 ,
2023 889 2106 942 62.
2128 918 2194 927 -
2219 893 2284 940 Α.

1355 958 1624 1008 Gabinium
1664 959 1720 1008 P.
1751 957 1896 1008 Sulla
1933 959 2211 1023 postulavit
2236 975 2283 1009 a.

1352 1043 1402 1076 u.
1436 1043 1478 1075 e.
1504 1027 1624 1078 700.
1648 1035 1822 1077 contra
1852 1029 2048 1077 dicente
2078 1036 2128 1077 et
2159 1027 2288 1078 nihil

1353 1096 1604 1145 obtinente
1623 1095 1896 1159 Torquat0,
1919 1096 1987 1146 ad
2003 1099 2106 1150 Att.
2129 1100 2182 1159 4,
2204 1096 2284 1160 16,

1356 1165 1438 1214 11.
1476 1191 1549 1201 --
1584 1164 1643 1214 L.
1687 1165 1974 1228 Torquatus
2015 1176 2186 1215 contra
2225 1168 2281 1218 P.

1355 1232 1546 1283 Sullam
1563 1269 1576 1296 ‚
1599 1233 1800 1282 Gabinii
1821 1242 2182 1298 accusatorem,
2210 1235 2287 1284 di-

1351 1301 1428 1350 xit
1448 1318 1496 1354 a.
1533 1318 1584 1353 u.
1616 1317 1658 1350 c.
1695 1301 1814 1352 700.
1853 1303 2186 1365 omnibusque
2223 1303 2286 1352 li-

1355 1371 1588 1419 bentibus
1606 1383 1706 1418 non
1727 1371 1958 1432 obtinuit,
1982 1371 2044 1419 ad
2067 1370 2124 1428 Q.
2150 1371 2213 1420 fr.
2233 1371 2283 1431 3,

1353 1439 1412 1500 3,
1436 1439 1486 1490 2.
1518 1465 1584 1473 -—
1611 1437 1726 1485 Fuit
1743 1437 2040 1502 Epicurius,
2077 1440 2144 1488 ad
2178 1440 2283 1490 Att.

1353 1509 1404 1567 7,
1424 1508 1477 1568 2,
1496 1506 1547 1556 4.
1569 1533 1635 1541 -—
1656 1505 1878 1555 Primum
1904 1508 2120 1571 negabat
2139 1508 2288 1557 Pom-

1351 1576 1522 1639 peium
1546 1581 1689 1623 extra
1706 1575 1904 1624 Italiam
1932 1589 2042 1624 esse
2070 1591 2286 1638 sequen-

1351 1645 1490 1703 dum,
1505 1658 1807 1705 quamquam
1825 1651 2002 1708 postea
2016 1645 2285 1694 consilium

1350 1713 1586 1774 mutavit,
1617 1711 1690 1764 Ib.
1715 1713 1764 1772 7,
1788 1712 1869 1775 12,
1890 1715 1941 1762 4.
1969 1739 2037 1750 --
2056 1712 2178 1763 Cum
2203 1715 2284 1763 Ci-

1306 1802 1320 1815 ·
1349 1796 1532 1832 cetone
1560 1789 1668 1830 erat
1706 1783 1768 1834 V.
1805 1783 1876 1830 Id.
1910 1781 2052 1832 Febr.
2083 1797 2130 1832 a.
2159 1799 2209 1836 u.
2236 1799 2281 1833 c.

1350 1851 1468 1903 705.
1486 1886 1500 1909 ,
1533 1851 1606 1903 Ib.
1630 1853 1679 1914 7,
1702 1849 1786 1910 23,
1810 1851 1856 1899 1.
1886 1877 1955 1886 -
1975 1850 2034 1899 L.
2057 1850 2283 1914 Torqua-

1348 1928 1451 1979 tus,
1470 1919 1594 1969 Auli
1611 1917 1784 1982 frater,
1803 1919 2144 1985 Pompeianus
2166 1936 2282 1985 pro-

1349 1989 1588 2038 ficiscitur
1617 1988 1682 2037 ad
1698 1988 1886 2038 bellum
1917 1988 2068 2038 civile
2092 2004 2139 2042 a.
2161 2007 2214 2043 ιι.
2239 2006 2283 2044 c.

1351 2058 1490 2120 705„
1513 2058 1587 2106 Ib.
1609 2055 1658 2117 9,
1679 2056 1731 2117 8,
1755 2057 1800 2106 1.
1816 2083 1884 2093 —
1903 2056 1963 2105 L.
1981 2050 2280 2121 Torquatu8‚

1346 2127 1614 2191 Epicurius
1630 2162 1644 2185 ,
1687 2126 1898 2189 loquens
1937 2127 2194 2178 inducitur
2230 2130 2280 2177 in

1349 2196 1496 2243 libris
1520 2196 1584 2245 de
1605 2194 1790 2246 finibus
1808 2232 1823 2256 ,
1845 2196 1907 2246 de
1925 2195 2011 2247 fin.
2035 2197 2061 2246 1
2081 2234 2094 2258 ,
2115 2200 2175 2255 5,
2199 2196 2279 2247 13.

1348 2292 1416 2301 —
1439 2264 1664 2314 Confecit
1683 2263 1857 2315 Cicero
1878 2266 2098 2328 quinque
2127 2267 2281 2316 libros

1349 2328 1480 2396 περὶ
1506 2328 1698 2397 τελῶν,
1724 2340 1780 2383 ut
1801 2334 2036 2397 Epicur-ia
2069 2334 2122 2386 L.
2161 2336 2280 2383 Tor-

1348 2408 1516 2465 quato,
1539 2400 1708 2451 Stoica
1727 2400 1795 2449 M.
1821 2402 1995 2450 Catoni
2011 2438 2024 2460 ,
2047 2414 2280 2464 περιπα-

1347 2461 1548 2533 τητικὰ
1584 2469 1654 2517 Μ.
1693 2469 1865 2518 Pisoni
1903 2470 2042 2519 daret
2080 2484 2126 2517 a.
2156 2487 2208 2523 u.
2233 2487 2276 2521 c.

1348 2537 1464 2590 709.
1481 2576 1494 2599 ,
1535 2538 1602 2587 ad
1635 2537 1741 2589 Att.
1785 2534 1874 2601 13,
1918 2538 2009 2598 19,
2043 2540 2096 2587 4.
2153 2540 2280 2591 Hine

1351 2606 1660 2668 ‘Torquatus
1675 2610 1692 2635 ’
1742 2606 1868 2655 liber
1909 2610 1948 2657 1.
1994 2606 2056 2657 de
2094 2606 2278 2659 finibus

1348 2674 1660 2741 appellatur,
1692 2676 1744 2725 in
1779 2689 1876 2739 quo
1908 2677 2190 2740 Torquatus
2216 2680 2280 2729 de

1346 2744 1582 2809 Epicur-ia
1600 2744 1926 2811 philosophia
1943 2747 2182 2811 explicat,
2201 2750 2276 2803 Ib.

1351 2814 1434 2873 13,
1457 2815 1506 2872 5,
1528 2814 1577 2867 1.
1619 2814 1683 2863 cl.
1707 2814 1778 2865 ib.
1809 2814 1892 2875 13,
1914 2815 1997 2875 32,
2021 2815 2071 2868 3.

1280 2879 1351 2931 Τ.
1369 2880 1615 2934 Manlius
1641 2883 1704 2935 L.
1725 2881 1790 2933 F.
1813 2882 2136 2951 Torquatus
2159 2888 2282 2937 ado-

1348 2953 1543 3003 lescens
1575 2953 1918 3018 perterrefecit
1939 2957 2098 3018 patris
2127 2970 2279 3005 aecu-

1347 3030 1563 3071 satorem
1576 3022 1640 3073 M.
1655 3023 2016 3088 Pomponium,
2039 3024 2105 3072 ad
2123 3023 2279 3073 Anie-

1347 3105 1460 3142 nem
1496 3090 1654 3154 Galli,
1681 3106 1828 3153 quem
1861 3092 1923 3141 ab
1949 3105 2006 3139 eo
2036 3104 2253 3153 provoca
2279 3088 2300 3127 f

1347 3168 1430 3210 tus
1454 3160 1733 3218 occiderat,
1749 3166 1927 3222 torque
1955 3158 2175 3209 detracto
2195 3175 2280 3209 co-

1349 3242 1562 3293 gnomen
1587 3228 1780 3276 invenit
1799 3243 1845 3278 a.
1867 3245 1919 3282 u.
1951 3244 1995 3279 o.
2019 3228 2137 3281 393.
2157 3263 2174 3290 ,
2211 3230 2278 3279 cf.

1350 3296 1412 3347 de
1433 3296 1516 3345 fin.
1539 3298 1602 3358 2,
1631 3296 1717 3361 22,
1740 3282 1825 3349 73.
1865 3297 2067 3347 rusam.
2090 3301 2155 3360 4,
2189 3298 2279 3359 22,

1347 3366 1514 3417 49.-
1533 3364 1686 3415 Cuius
1705 3366 1850 3416 tertio
1869 3366 2132 3417 consulatu
2153 3382 2202 3417 a.
2223 3384 2276 3418 ιι.

1349 3450 1391 3489 c.
1413 3434 1531 3485 414.
1563 3434 1732 3484 Latini
1749 3435 1817 3485 ad
1837 3436 2068 3487 Veserim
2097 3435 2198 3486 fusi
2231 3442 2282 3486 et
