2500 3850
220 175 337 237 144

286 345 441 394 divin.
464 343 522 401 1,
556 343 647 401 12,
679 340 765 392 20.
798 341 1214 392 —Etruscorum

284 415 399 463 libri
420 411 539 474 quid
565 411 627 458 de
650 410 785 474 Tage
806 411 1123 470 tradiderint,
1142 411 1215 460 Ib.

280 484 336 548 2,
348 481 434 541 23,
456 478 540 530 50.
556 477 766 528 —Cum
786 478 1010 528 Etruscis
1032 447 1218 528 bellum

284 552 443 618 gessit
480 548 661 598 Decius
698 546 864 609 filius,
914 547 1133 597 Tuscul.
1168 548 1216 608 1,

282 619 379 680 37,
418 616 503 669 89.
538 642 609 656 ——
643 615 838 666 Etruria
873 626 1059 666 vexata
1094 631 1125 665 a
1159 616 1214 666 Ρ.

286 688 493 744 Clodio,
512 701 607 750 pro
627 684 730 732 Mil.
764 683 824 742 9,
856 685 943 738 26.
962 685 1218 735 -Clodii

286 764 448 808 castra
466 755 690 813 Etrusca,
711 753 785 802 Ib.
802 720 887 813 21,
902 756 987 808 55.
1010 755 1075 805 ad
1093 753 1215 806 fam.

283 827 368 889 11,
394 823 471 886 10,
494 825 545 873 4.
584 825 648 872 V.
672 820 866 871 Tusci.

214 893 496 946 Euander.
532 893 596 944 V.
620 887 911 947 Avianius.

215 961 476 1014 Euander
514 979 555 1014 s.
594 957 921 1022 Euandrus,
974 959 1219 1024 Hegesini
1275 963 1282 971 ·

288 1033 529 1096 magister
550 1066 563 1088 ,
632 1029 966 1078 Academicus
1022 1029 1219 1077 mediae

288 1099 617 1156 Academiae,
643 1098 799 1146 Acud.
821 1112 901 1162 pr.
924 1099 973 1157 2,
994 1097 1045 1160 6,
1070 1097 1152 1146 16.

216 1169 534 1229 Eubuleus,
582 1181 713 1214 uuus
754 1167 1032 1230 primorum
1070 1167 1221 1215 trium

196 1249 203 1254 '
286 1238 673 1294 Dioscurorum‚
704 1234 841 1284 filius
870 1237 1005 1286 Iovis
1032 1244 1081 1284 et
1100 1235 1221 1283 Pro-

288 1308 549 1371 serpinae,
580 1305 642 1352 de
677 1319 728 1352 n.
753 1303 805 1356 d.
826 1302 889 1365 3,
922 1305 984 1355 21
1006 1343 1019 1365 ,
1046 1303 1128 1355 53.
1151 1329 1220 1338 --

287 1377 353 1426 V.
377 1374 610 1425 Ausees.

217 1441 529 1496 Eubulidas
572 1439 899 1508 Grosphus,
938 1440 1220 1506 Centuripi-

286 1529 412 1573 nuS,
448 1529 477 1562 a
510 1513 564 1563 C.
600 1514 761 1560 Verre
794 1517 1036 1576 vexatus,
1072 1510 1217 1558 Verr.

288 1589 507 1632 accusat.
532 1579 583 1637 3,
602 1579 686 1641 23,
710 1579 797 1628 56.

218 1647 532 1702 Eubulidas
552 1645 865 1695 Herbitensis
880 1682 893 1705 ,
912 1661 943 1694 a
963 1647 1121 1695 Verre
1136 1661 1223 1694 ve-

290 1727 442 1768 xatus
457 1754 469 1775 ‚
490 1717 637 1764 Verr.
660 1721 881 1768 accusat.
905 1714 963 1775 5,
982 1717 1049 1764 42
1064 1752 1077 1778 ,
1106 1714 1221 1765 110.

289 1789 365 1837 Ib.
390 1789 439 1845 5,
460 1783 545 1846 49,
570 1783 686 1834 128.

220 1849 509 1906 Euchadia
524 1889 537 1914 ,
561 1867 690 1900 uxor
712 1852 943 1914 Exegisti
958 1887 972 1909 ,
1000 1850 1223 1900 hominis

292 1921 617 1980 MasedoniS,
644 1922 692 1969 in
716 1921 885 1971 Pison.
908 1918 991 1981 36,
1014 1920 1099 1972 89.

221 1991 511 2055 Euclides,
530 1990 754 2040 Socratis
776 1958 1087 2054 discipulae,
1119 1989 1224 2039 Me-

293 2076 495 2129 gareus.
534 2060 616 2108 Ab
648 2076 706 2109 eo
729 2058 965 2123 Megarici
996 2066 1045 2108 et
1067 2058 1225 2107 diale-

292 2133 407 2181 ctici
439 2128 729 2193 philosophi
760 2128 898 2179 dieti
940 2125 1113 2177 Solum
1133 2128 1225 2176 bo-

291 2213 410 2247 num
434 2198 582 2259 dicit,
608 2197 740 2257 quod
761 2204 894 2245 esset
913 2211 1067 2244 unum
1092 2203 1139 2245 et
1158 2197 1227 2243 si-

229 2288 235 2293 ·
291 2267 410 2322 mile
442 2274 490 2315 et
520 2266 651 2314 idem
685 2279 910 2329 semper,
953 2264 1113 2314 Aead.
1147 2279 1222 2327 pr.

293 2340 347 2397 2,
367 2337 451 2393 42,
486 2334 602 2384 129.

223 2402 505 2468 Euclides,
526 2403 712 2454 nobilis
730 2409 986 2468 geometra
1006 2401 1227 2451 Alexan-

295 2476 469 2524 drinus
503 2472 780 2523 Ptolemaei
818 2471 949 2537 Lagi
986 2472 1227 2535 tempori-

294 2545 389 2593 bus
404 2580 417 2602 ,
440 2544 501 2592 de
525 2550 651 2592 orat.
674 2542 725 2605 3,
748 2539 831 2601 33,
856 2539 973 2590 132.

224 2610 505 2662 Eudemus
544 2609 788 2675 Cyprius,
825 2608 1113 2658 Aristotelis
1152 2608 1227 2657 fa-

297 2679 529 2728 mittaris.
577 2679 699 2727 Eius
734 2679 983 2727 somnium
1025 2679 1088 2727 ab
1118 2678 1228 2725 Ari-

295 2748 474 2797 stotele
496 2754 751 2797 narratum
766 2781 781 2807 ,
803 2745 867 2796 de
890 2746 1047 2795 divin.
1074 2747 1119 2806 l,
1140 2747 1224 2806 25,

226 2882 487 2934 Eudoxus
528 2882 757 2932 Cnidius.
814 2882 1077 2948 Sphaerae
1102 2882 1228 2932 soli-

296 2954 390 3002 dae
436 2961 586 3013 atque
633 2952 813 3017 plenae
850 2959 997 3002 vetus
1032 2958 1112 3004 est
1153 2952 1224 3001 iu·

296 3031 501 3070 ventum
537 3028 587 3071 et
621 3036 681 3071 ea
714 3035 746 3069 a
784 3020 993 3070 Thitlete
1031 3020 1229 3070 Milesio

296 3093 518 3156 primum
550 3098 627 3140 est
652 3096 875 3151 tornata,
917 3095 1034 3155 post
1064 3097 1230 3139 autem

298 3160 361 3208 ab
385 3160 589 3211 Eudoxo
612 3157 789 3209 Cnidio
804 3196 817 3219 ,
838 3159 1091 3225 discipulo
1114 3158 1229 3207 Pla-

296 3230 457 3288 tonis,
492 3244 552 3277 ea
573 3230 722 3278 astris
752 3229 892 3279 eaelo
922 3228 1231 3278 inhaerenti-

300 3298 391 3345 bus
424 3304 499 3346 est
534 3298 812 3363 descripta,
854 3300 995 3348 cuius
1032 3312 1229 3347 omnem

302 3373 529 3414 ornatum
574 3373 621 3415 et
668 3368 1060 3431 descriptionem
1097 3380 1233 3415 sum-

298 3438 434 3494 ptam
456 3434 518 3481 ab
538 3434 746 3483 Eudoxo
766 3436 938 3484 multis
958 3434 1103 3485 annis
1118 3442 1234 3499 post

799 185 1130 233 EUANDER
1158 209 1232 218 —·
1267 185 1702 234 EUPOLEMUS.

1361 375 1376 388 .
1400 376 1415 389 .
1438 343 1666 390 versibus
1697 341 1882 392 Aratus
1916 341 2120 402 extulit,
2156 341 2221 393 de
2251 359 2296 399 r.

1358 425 1408 474 p.
1433 410 1460 461 1
1477 445 1491 472 ,
1517 410 1608 472 14,
1640 412 1726 461 22.
1751 437 1816 448 —-
1835 411 2108 471 Eudoxus,
2132 410 2300 463 Plato-

1361 479 1439 527 nis
1460 479 1674 541 auditor,
1689 481 1752 529 de
1764 479 2032 530 Chaldaeis
2052 481 2298 544 seriptum

1357 547 1592 609 reliquit,
1626 549 1774 599 eisin
1793 549 2140 614 praedictione
2167 556 2218 598 et
2244 550 2300 597 in

1356 617 1614 665 notatione
1633 617 1877 680 cuiusque
1901 619 2034 667 vitae
2054 631 2118 666 ex
2141 615 2300 666 natali

1359 684 1442 732 die
1473 685 1679 734 minime
1707 701 1821 735 esse
1851 686 2187 747 eredendum,
2233 687 2298 735 de

1359 753 1516 802 divin.
1537 755 1590 813 2,
1612 756 1696 811 42,
1716 754 1802 804 87.

1290 819 1657 872 Euhemerus.
1697 823 1794 882 Qui
1819 823 1972 873 fortes
1989 829 2038 871 et
2061 823 2228 873 claros
2248 832 2298 871 et

1359 899 1590 956 potentes
1624 893 1758 944 viros
1792 893 1994 942 tradunt
2015 900 2134 956 post
2159 906 2295 941 mor-

1359 969 1461 1009 tem
1495 961 1562 1010 ad
1601 961 1723 1010 deos
1768 963 2064 1026 pervenisse
2107 976 2295 1023 eosque

1359 1044 1472 1078 esse
1503 1030 1672 1093 ipsoS,
1717 1044 1844 1093 quos
1879 1031 2072 1089 colere,
2097 1030 2297 1095 precari

1361 1100 1693 1160 venerarique
1736 1099 2019 1160 selemim,
2061 1105 2296 1164 expertes

1361 1173 1478 1217 sunt
1521 1166 1825 1232 religionum
1863 1171 2112 1216 omnium:
2165 1183 2296 1229 quae

1359 1236 1488 1284 ratio
1527 1237 1746 1286 maxime
1782 1245 1996 1286 tractata
2025 1238 2086 1286 ab
2131 1235 2297 1284 Euhe-

1361 1319 1498 1354 mero
1531 1313 1635 1367 est,
1669 1321 1818 1368 quem
1855 1313 1906 1355 et
1941 1308 2296 1370 interpretatus

1361 1379 1410 1422 et
1458 1381 1661 1423 secutus
1706 1381 1781 1423 est
1829 1383 2028 1438 praeter
2069 1381 2298 1423 caeteros

1361 1441 1570 1492 Ennius·
1618 1443 1696 1492 Ab
1726 1443 2009 1493 Euhemero
2048 1450 2214 1492 autem
2251 1449 2299 1489 et

1362 1517 1551 1562 mortes
1573 1520 1620 1560 et
1639 1512 1931 1576 sepulturae
1953 1513 2300 1561 demonstran·

1359 1587 1441 1629 tur
1463 1579 1698 1639 deorum,
1723 1581 1784 1629 de
1805 1595 1858 1632 n.
1883 1580 1933 1629 d.
1963 1581 2005 1645 l,
2032 1579 2118 1641 41,
2144 1577 2260 1631 119.

1292 1645 1487 1697 Euius.
1526 1648 1719 1698 Nomen
1753 1649 1952 1709 Liberi,
1994 1662 2086 1713 pro
2117 1647 2299 1696 Flacco

1291 1753 1632 1835 Eumenidas
1660 1784 2000 1851 Halicyensis,
2032 1791 2251 1834 vexatus
2271 1799 2298 1837 a

1362 1854 1551 1911 Verre,
1572 1854 1718 1901 Verr
1743 1860 1960 1904 accusat.
1983 1855 2110 1918 5,7,
2059 1852 2217 1904 175

1291 1891 1646 1971 Eumenides.
1686 1921 1871 1973 Earum
1899 1932 1949 1973 et
1979 1923 2194 1973 Athenis
2223 1921 2301 1971 fa-

1361 2005 1480 2039 num
1507 1999 1612 2038 emt
1631 1999 1680 2039 et
1709 1991 1842 2055 apud
1872 1992 2125 2041 Romanos
2155 1992 2300 2041 lucus

1363 2060 1578 2107 Furinae
1594 2096 1607 2117 ‚
1631 2060 1693 2107 de
1713 2074 1765 2110 n.
1788 2060 1840 2110 d.
1863 2058 1912 2119 3,
1936 2058 2020 2123 18,
2046 2060 2134 2111 46.

1293 2124 1693 2190 Eumolpidae,
1727 2128 2079 2193 mysteriorum
2101 2127 2301 2177 Eleusi-

1363 2197 1560 2245 niornm
1581 2196 1886 2246 sacerdotes.
1907 2196 2096 2246 Eorum
2115 2203 2301 2263 myste-

1366 2266 1468 2324 ria,
1491 2264 1670 2329 deleg.
1694 2268 1743 2322 2,
1766 2265 1856 2331 14,
1876 2264 1959 2314 34.
1980 2292 2052 2307 —·-
2070 2264 2301 2316 chinus

1367 2342 1414 2382 te
1433 2341 1606 2398 rogat,
1637 2342 1686 2383 et
1707 2349 1802 2415 ego
1823 2336 1932 2385 eius
1953 2342 2163 2399 rogatu,
2187 2323 2303 2382 Εὖ-

1365 2396 1658 2465 μολπιὸων
1703 2396 1956 2468 xdtqtoe’,
1996 2404 2061 2452 ad
2108 2403 2212 2454 Att.
2253 2402 2302 2461 1,

1297 2539 1599 2591 Eunuchus
1623 2540 1841 2590 Terentii
1864 2538 2072 2591 sabula.
2097 2540 2160 2589 V.
2183 2537 2302 2588 Te-

1367 2606 1599 2659 rentius.

1296 2675 1584 2742 Euphor-io
1625 2677 1999 2741 Chalcidensis,
2037 2678 2190 2742 poeta
2223 2676 2304 2725 ni·

1364 2748 1462 2795 mis
1501 2748 1773 2808 obscurus,
1817 2748 1882 2797 de
1917 2747 2073 2796 divin.
2111 2748 2172 2804 2,
2214 2744 2300 2803 64,

1369 2815 1487 2865 132.
1501 2840 1568 2851 --
1588 2814 1668 2864 Ab
1687 2814 1768 2865 his
1793 2817 2078 2865 cantoribus
2098 2812 2304 2878 Eupho-

1367 2884 1524 2933 rionis
1563 2886 1897 2935 eontemnitur
1938 2884 2155 2946 EnniuS‚
2199 2883 2304 2931 Tu·

1370 2952 1494 3001 seul.
1520 2951 1570 3013 3,
1595 2952 1677 3013 19,
1704 2954 1791 3005 45.

1299 3018 1616 3086 Euphrates
1648 3023 1829 3073 fluvius
1856 3022 2026 3071 Asiae.
2065 3020 2304 3085 Mesopo-

1367 3092 1572 3140 tamiam
1595 3090 1806 3141 fertilem
1829 3091 1998 3151 efficit,
2017 3090 2082 3140 de
2097 3104 2152 3140 u.
2174 3089 2224 3138 d.
2248 3090 2301 3148 2,

1371 3161 1464 3224 52,
1517 3156 1631 3212 130.
1671 3186 1736 3197 --
1775 3159 2114 3226 Oppidulum‚
2163 3158 2302 3219 qnod

1369 3236 1474 3277 erat
1509 3230 1728 3293 positum
1777 3230 1828 3277 in
1861 3228 2105 3292 Euphrati
2139 3227 2301 3291 Zeug-

1371 3306 1533 3357 mate,
1569 3298 1633 3346 ad
1656 3298 1711 3356 Q.
1738 3298 1800 3351 fr.
1829 3299 1881 3357 2,
1906 3298 1970 3348 10
1991 3296 2128 3361 (12),
2146 3297 2198 3345 2.
2239 3294 2306 3344 ad

1371 3365 1492 3420 fam.
1517 3365 1566 3425 8,
1591 3366 1671 3423 10,
1694 3367 1740 3416 1.

1304 3432 1642 3499 Eupolemus
1660 3432 1962 3494 Calactinus,
1976 3431 2302 3487 Lucullorum
