2500 3850
656 149 672 154 -
755 133 1192 182 maneamus
1219 155 1299 168 —
1322 137 1387 182 L.
1421 133 1735 184 CARTEIA.
2189 125 2269 187 69

255 288 340 340 49.
386 315 454 324 -
509 285 804 336 Carneades
871 285 1198 351 Calliphontis

259 357 554 406 sententiam
601 357 668 405 de
721 355 902 404 finibus
956 355 1197 403 bonorum

257 425 482 474 studiose
519 423 886 485 defensitabat,
921 423 1083 471 Acad.
1115 436 1190 484 pr.

258 494 308 551 2,
326 493 394 542 45
408 529 424 550 ,
458 489 580 542 139.
602 519 669 528 -
689 493 940 540 Virtutem
965 491 1088 540 satis
1108 489 1173 538 ha

255 561 373 608 bere
415 560 481 608 ad
518 560 678 608 vitam
717 560 914 608 beatam
955 557 1196 621 praesidii

258 627 570 677 Carneadem
592 628 854 691 disputare
881 626 1086 674 solitum
1107 640 1194 672 ac-

257 697 520 760 cepimus,
558 695 768 744 Tuscul.
803 696 862 757 5,
887 693 1088 752 29,83.
1129 693 1193 741 cl.

255 764 327 812 ib.
365 765 428 824 5,
466 761 566 826 30,
601 761 700 822 84,
742 762 826 812 87.
857 787 926 797 -
956 760 1052 818 Qui
1080 767 1196 824 post

261 830 602 894 Chrysippum
665 836 712 880 et
757 830 1036 894 Diogenem
1085 828 1194 876 fue-

259 908 372 947 runt
388 935 403 961 ‚
437 913 593 960 quum
617 897 934 956 Carneadem,
947 897 1194 946 sustinere

259 981 357 1015 non
373 973 601 1030 possent,
622 965 1010 1015 bonamfamam
1031 964 1192 1028 ipsam

256 1042 465 1099 propter
484 1049 541 1082 se
560 1036 901 1100 praepositam
925 1039 973 1080 et
991 1045 1194 1080 sumen-

259 1103 372 1151 dam
394 1117 510 1151 esse
530 1102 794 1167 dixerunt,
823 1101 884 1150 de
903 1100 990 1148 fin.
1018 1099 1050 1149 3
1066 1137 1080 1159 ,
1108 1099 1190 1163 17,

259 1172 339 1222 57.
375 1195 446 1206 ·-
481 1169 768 1219 Carneades
802 1170 1073 1218 insectatus
1117 1175 1192 1216 est

258 1237 469 1299 StoicoS,
501 1238 651 1287 Tusc.
673 1239 737 1298 4,
761 1238 846 1295 24,
864 1234 947 1286 53.
984 1237 1046 1284 de
1063 1249 1113 1284 n.
1135 1235 1187 1284 d.

257 1309 314 1364 2,
345 1305 443 1366 65,
488 1305 607 1357 162.
649 1305 713 1354 de
751 1305 906 1354 divin.
941 1305 1000 1362 l,
1043 1303 1102 1361 3,
1138 1304 1186 1352 7.

259 1373 324 1424 cf.
344 1373 414 1422 ib.
439 1371 465 1422 l
483 1409 500 1432 ,
527 1375 575 1432 7,
597 1372 679 1422 12.
717 1373 790 1422 lb.
813 1373 863 1432 2,
881 1371 934 1430 3,
961 1371 1012 1422 9.
1055 1371 1117 1419 de
1137 1387 1186 1419 n.

257 1442 304 1491 d.
323 1442 372 1499 1,
392 1443 442 1498 2,
459 1443 515 1490 4.
533 1470 603 1496 ,-
617 1441 860 1505 Fingebat
879 1441 932 1487 in
953 1437 1194 1488 Chiorum.

258 1509 550 1572 lapicidinis
571 1523 694 1558 saxo
715 1508 913 1558 diffisso
935 1513 1085 1570 caput
1107 1521 1192 1555 ex-

259 1578 444 1626 stitisse
471 1577 702 1637 Panisci,
733 1577 796 1627 de
815 1577 974 1624 divin.
1009 1574 1034 1623 1
1053 1609 1066 1633 ,
1107 1573 1188 1637 13,

255 1644 335 1695 23.
357 1671 429 1681 —
448 1643 646 1694 Stoicos
672 1645 798 1693 nihil
830 1644 890 1693 de
912 1643 991 1692 dis
1007 1680 1011 1683 .
1029 1641 1192 1705 expli-

257 1729 367 1762 care
394 1713 756 1778 convincebat,
790 1713 852 1761 de
871 1726 923 1767 Π..
949 1711 999 1760 d.
1024 1709 1074 1769 3,
1104 1710 1188 1770 17,

255 1783 337 1830 44.
363 1808 429 1817 -
453 1779 566 1838 Quo
588 1781 738 1830 modo
761 1781 1026 1843 Antipatro
1047 1779 1189 1827 resti-

255 1851 398 1911 terit,
437 1849 600 1898 Acad.
633 1863 712 1912 pr.
738 1850 803 1908 2,
831 1847 892 1905 9,
918 1845 1002 1896 28.
1036 1847 1108 1894 lb.
1135 1845 1187 1904 2,

261 1917 352 1981 10,
385 1917 472 1970 34.
515 1916 640 1967 Cum
675 1932 736 1966 eo
771 1915 1078 1981 digladiatus
1113 1922 1189 1962 est

257 1986 518 2050 Antipater
551 1985 792 2049 pluribus.
827 1983 1188 2044 voluminibus,

257 2054 412 2104 Acad.
435 2060 555 2118 post
581 2053 628 2101 1.
653 2052 836 2117 fragm.
859 2054 908 2102 2.
933 2066 1001 2116 p:
1018 2051 1098 2099 17.
1119 2073 1191 2088 --

257 2121 542 2171 Carneades
577 2119 797 2169 armatus
823 2136 855 2169 a
880 2119 1186 2185 Chrysippo,

256 2190 409 2241 Acad.
433 2204 514 2253 pr.
542 2190 595 2253 2,
615 2188 701 2248 27,
725 2186 1186 2237 87.—Carneades

255 2267 505 2319 tamquam
535 2256 838 2306 honorarius
865 2256 1050 2305 arbiter
1069 2267 1187 2303 con-

255 2326 548 2375 troversiam
621 2325 1064 2389 Peripateticorum
1139 2328 1188 2369 et

257 2392 540 2442 Stoicorum
574 2393 775 2441 solebat
797 2392 1049 2448 iudicare,
1087 2389 1188 2437 Tu-

257 2460 379 2512 scul.
401 2460 454 2519 5,
478 2459 568 2519 41,
593 2458 708 2509 119.
734 2487 801 2496 —
826 2460 1056 2524 Pugnare
1085 2472 1186 2509 non

258 2530 442 2577 destitit
460 2530 508 2576 in
537 2529 675 2577 omni
699 2529 990 2591 quaestione
1011 2530 1074 2577 de
1097 2529 1186 2577 bo-

257 2598 330 2645 nis
353 2606 404 2645 et
426 2596 577 2645 malis
601 2611 700 2645 non
729 2611 842 2645 esse
858 2610 1027 2647 rerum
1054 2595 1188 2645 Stoi-

259 2666 324 2713 cis
364 2680 475 2714 cum
515 2665 861 2728 Peripateticis
899 2673 1186 2713 controver-

259 2734 380 2783 siam
394 2770 410 2793 ‚
429 2732 519 2781 sed
540 2734 816 2793 nominum,
839 2733 904 2783 de
921 2732 1006 2786 fin.
1030 2731 1080 2793 3,
1104 2731 1184 2794 12,

255 2801 338 2850 41.
361 2826 428 2837 -
446 2801 574 2851 Eius
595 2801 864 2864 disputatio
888 2802 950 2851 de
972 2801 1076 2850 fato
1100 2798 1186 2847 ad-

257 2882 430 2917 versus
451 2868 720 2933 Epicur-ios
736 2906 748 2925 ‚
771 2870 834 2918 de
854 2868 959 2918 fato
992 2869 1077 2927 11,
1103 2866 1187 2917 23.

257 2935 373 2985 Eius
409 2936 638 2987 doctrina
677 2938 740 2986 de
779 2940 1076 2987 necessitate
1113 2934 1188 2982 fa-

259 3002 370 3067 tali,
387 3004 463 3056 Ib.
489 3006 584 3069 14,
607 3002 693 3055 31.
717 3032 787 3043 --
808 3006 930 3055 Eius
960 3003 1187 3055 doctrina

260 3072 318 3120 de
335 3073 640 3122 divinatione
657 3074 767 3136 ,1b.
797 3073 878 3133 14,
905 3072 988 3123 32.
1029 3070 1094 3120 de
1112 3070 1190 3121 di-

261 3141 360 3192 vin.
383 3143 450 3200 2,
485 3141 542 3201 3,
573 3140 625 3193 9.
659 3143 735 3194 lb.
757 3142 791 3190 2
811 3177 828 3204 ,
855 3143 950 3202 72,
982 3138 1096 3190 150.
1121 3164 1191 3175 —-

1340 286 1389 349 3,
1408 289 1493 349 27,
1514 287 1597 338 39.
1638 289 1701 336 cl.
1726 289 1787 338 de
1803 290 1888 340 fin.
1913 292 1963 351 2,
1990 291 2071 350 18,
2094 291 2178 341 59.
2202 318 2271 329 -

1336 381 1408 390 -—
1430 355 1707 404 Carneades
1724 358 2088 422 reprehendere
2111 360 2269 424 Chry-

1340 424 1544 486 sippum
1561 422 1753 472 solebat
1770 424 2052 476 laudantem
2069 428 2271 492 Euripi-

1334 491 1471 554 pidis
1510 493 1779 552 quamdam
1818 496 2141 554 sententiam,
2168 497 2269 544 Tu-

1336 558 1461 609 scul.
1503 557 1564 618 3,
1608 558 1703 618 25,
1746 559 1832 610 59.
1876 588 1941 598 --
1983 562 2267 612 Carneades

1337 626 1503 675 dicere
1544 626 1737 676 solebat
1772 627 2133 679 Clitomachum
2184 645 2268 679 ea·

1338 694 1452 743 dem
1489 695 1686 756 dicere,
1733 695 2067 746 Charmadam
2102 706 2268 748 autem

1336 763 1515 811 eodem
1542 763 1693 812 etiam
1726 765 1877 813 modo
1912 765 2101 823 dicere,
2142 773 2264 815 orat.

1336 829 1428 890 16,
1458 829 1544 880 51.
1568 855 1639 867 ·—
1664 830 1947 882 Carneades
1982 834 2045 882 de
2078 847 2266 882 τεκνο-

1334 892 1499 965 ποιΐᾳ
1521 899 1646 960 quid
1676 899 1891 963 dixerit,
1913 901 1980 950 ad
1998 903 2103 953 Att.
2131 902 2162 949 7
2174 938 2192 960 ,
2214 901 2265 964 2,

1332 969 1384 1016 4.
1438 991 1507 1002 -
1561 966 1871 1016 Carneadem
1926 968 2265 1018 Clitomachus

1334 1032 1503 1082 scribit
1524 1033 1690 1084 dicere
1710 1036 1915 1086 solitum
1940 1052 2187 1101 nusquam
2209 1051 2264 1085 se

1331 1101 1712 1152 fortunatiorem
1733 1119 1883 1167 quam
1900 1107 2167 1156 Praeneste
2186 1106 2263 1154 vi-

1332 1169 1467 1218 disse
1478 1167 1747 1225 fortunam,
1764 1171 1827 1222 de
1839 1174 1995 1223 divin.
2009 1175 2061 1234 2,
2074 1174 2159 1236 41,
2175 1173 2261 1222 87.

1274 1289 1281 1294 ,
1330 1263 1397 1274 --
1421 1237 1497 1288 Ib.
1520 1239 1572 1298 2,
1586 1239 1671 1296 47,
1690 1239 1777 1288 97.
1800 1267 1871 1278 -—-
1894 1242 2131 1290 Facetum
2152 1243 2261 1290 eins

1334 1305 1519 1382 dictum
1556 1306 1609 1356 in
1644 1305 1982 1372 Chrysippum
2007 1310 2060 1357 in
2094 1310 2263 1358 soritis

1333 1368 1707 1434 ησυχαζοντα,
1746 1376 1907 1424 Acad.
1952 1390 2031 1438 pr.
2072 1377 2135 1433 2,
2178 1374 2261 1433 29,

1330 1438 1414 1490 93.
1432 1465 1501 1476 --
1511 1439 1557 1485 Α
1572 1439 1796 1503 Diogene
1811 1441 1979 1490 Stoico
2002 1441 2265 1490 dialectica

1330 1507 1601 1567 didicerat,
1641 1507 1797 1556 Acad.
1838 1509 1905 1570 2,
1942 1507 2043 1572 30,
2083 1507 2166 1558 98.
2198 1535 2263 1544 --

1331 1574 1442 1622 Duo
1479 1573 1641 1637 placet
1671 1590 1792 1640 >esse
1827 1579 1872 1626 ei
1906 1591 2090 1642 genera
2126 1577 2263 1626 viso-

1332 1657 1463 1702 rum,
1482 1643 1555 1690 Ib.
1580 1643 1633 1704 2,
1650 1641 1733 1704 31,
1757 1643 1841 1696 99.
1862 1672 1933 1683 -
1952 1645 2256 1707 Carneades,

1333 1727 1396 1760 ex
1414 1711 1597 1760 animis
1616 1713 1799 1762 nostris
1818 1715 2189 1778 adsensionem,
2208 1714 2260 1762 id

1332 1787 1433 1838 est,
1474 1780 1813 1842 opinationem
1850 1791 1899 1831 et
1931 1785 2261 1832 temeritatem

1332 1849 1576 1909 extraxit,
1612 1850 1771 1898 Acad.
1809 1865 1885 1912 pr.
1914 1853 1976 1910 2,
2008 1849 2104 1911 34,
2142 1849 2259 1904 108.

1330 1915 1396 1975 cf.
1425 1917 1497 1965 ib.
1526 1917 1577 1978 S.
1606 1915 1719 1967 109.
1756 1918 1829 1971 Ib.
1852 1919 1913 1983 2,
1937 1917 2031 1982 35,
2056 1918 2173 1970 112.
2194 1946 2263 1956 —-

1330 1984 1603 2035 Carneadis
1630 1985 1905 2049 disputatio
1936 1988 1989 2037 in
2010 1987 2136 2037 libro
2163 1987 2263 2035 Cli-

1326 2052 1549 2105 tomachi
1582 2054 1880 2104 consolandi
1913 2070 2061 2104 causa
2090 2056 2155 2104 ad
2191 2056 2261 2103 ci·
2294 2100 2297 2103 .

1329 2134 1414 2168 ves
1454 2133 1574 2169 suos
1608 2120 2053 2188 Karthaginienses
2087 2130 2261 2187 captos

1327 2190 1519 2252 miSSO,
1542 2190 1747 2239 Tuscul.
1777 2190 1827 2249 3,
1858 2192 1942 2252 22,
1974 2193 2059 2241 54.
2095 2192 2157 2239 ei'.
2191 2191 2258 2240 ib.

1326 2257 1375 2313 5,
1400 2255 1483 2315 37,
1508 2257 1623 2308 107.
1667 2260 1729 2307 de
1752 2274 1801 2307 n.
1828 2260 1879 2308 d.
1902 2257 1951 2322 3,
1979 2259 2061 2319 12,
2085 2258 2169 2307 29.

1261 2322 1607 2374 Carneadius
1625 2360 1639 2385 ‚
1676 2327 1741 2373 ad
1773 2324 2080 2373 Carneadem
2104 2326 2261 2387 perti-

1328 2406 1470 2440 nenS.
1506 2390 1781 2439 Carneadia
1808 2392 2080 2454 sententia,
2099 2393 2257 2441 Acad.

1328 2476 1407 2525 pr.
1441 2460 1501 2515 2,
1529 2456 1627 2519 48,
1659 2456 1773 2508 148.
1809 2457 2114 2507 Carneadius
2146 2458 2259 2506 finis

1331 2528 1394 2577 de
1424 2525 1511 2576 fin.
1544 2527 1603 2585 4,
1648 2524 1737 2588 18,
1761 2523 1845 2573 49.
1886 2524 2015 2574 illud
2046 2524 2260 2575 Carnea-

1330 2596 1469 2644 dium
1493 2592 1595 2657 (sic
1617 2595 1749 2642 enim
1769 2592 2039 2658 legendum
2062 2602 2138 2645 est
2168 2610 2260 2659 pro

1327 2664 1457 2714 illum
1486 2662 1849 2725 Carneadem),
1870 2662 2068 2713 Tuscu-l.
2092 2666 2143 2726 5,
2172 2663 2257 2723 31,

1328 2732 1411 2783 87.
1466 2726 1743 2781 Carneadia
1790 2732 1865 2780 vis
1917 2734 2149 2794 dicendi,
2196 2732 2259 2781 de

1330 2807 1454 2849 orat.
1476 2800 1526 2863 3,
1554 2800 1633 2861 19,
1658 2801 1740 2852 71.

1259 2865 1323 2917 Ia.
1365 2865 1721 2931 Carpinatius
1756 2870 1807 2917 in
1845 2872 2101 2933 scriptura.
2128 2864 2265 2917 Sici-

1326 2936 1425 2984 liae
1466 2950 1557 2999 pro
1598 2938 1837 3003 magistro
1882 2938 2149 2986 familiaris
2200 2935 2254 2986 C.

1329 3006 1519 3069 Verris,
1541 3007 1688 3055 Verr.
1712 3011 1933 3055 accusat.
1954 3008 2004 3064 2,
2030 3004 2112 3068 70,
2137 3002 2253 3054 169.

1330 3072 1461 3121 -In
1473 3074 1551 3122 ius
1566 3075 1697 3124 adL.
1711 3071 1965 3122 Metellum
1980 3086 2009 3121 a
2022 3071 2259 3123 Cicerone

1328 3148 1553 3200 vocatuS,
1574 3142 1717 3190 Verr.
1732 3137 1949 3189 accusat.
1970 3141 2021 3203 2,
2036 3139 2118 3199 76,
2135 3140 2255 3191 187.

259 3206 374 3257 Eius
392 3209 673 3273 disputatio
707 3209 769 3259 de
795 3210 1013 3270 iustitia,
1049 3206 1110 3254 de
1141 3221 1186 3259 r.
1261 3205 1333 3257 T.
1360 3205 1651 3270 Carrinas,
1674 3207 1927 3257 Ciceronis
1950 3208 2159 3271 hospes,
2192 3207 2259 3255 ad

260 3290 306 3338 p.
328 3274 376 3335 3,
397 3278 445 3335 5,
467 3277 521 3327 s:
565 3273 1185 3339 lb.3‚6‚9.1b.3‚15,

1331 3276 1434 3323 Att.
1458 3274 1539 3333 13,
1561 3274 1645 3338 33,
1666 3276 1717 3323 4.
1755 3276 1821 3327 V.
1843 3272 2055 3324 Albius.

263 3343 342 3393 24.
359 3344 432 3397 lb.
457 3344 509 3404 3,
534 3343 620 3407 19,
645 3345 728 3396 29.
755 3345 828 3395 lb.
843 3343 894 3405 3,
912 3344 998 3407 26,
1012 3339 1096 3392 38.
1113 3343 1186 3392 Ib.
1264 3338 1490 3393 Carteia
1525 3342 1795 3405 Hispaniae
1834 3341 2065 3391 Baeticae
2110 3342 2248 3408 oppi-
