2500 3850
928 225 933 232 ·
990 195 993 200 ’
1022 217 1086 275 Q.
1118 189 1575 265 Honrsnsms,
2224 195 2342 270 179

324 398 391 410 -
410 371 486 420 De
517 370 576 420 Ι..
604 370 783 419 Manlii
812 371 1083 436 Torquati,
1117 371 1267 421 fami-

326 440 465 490 liaris
484 441 581 497 sui,
603 439 848 504 periculis
874 439 1119 489 sollicitus
1149 439 1262 502 fuit,

324 523 417 574 pro
439 507 581 557 Sulla
597 511 653 570 4,
676 509 759 561 12.
801 509 875 557 Ib.
900 510 949 569 7,
970 509 1055 558 21.
1078 536 1147 544 -——
1168 510 1266 560 Co-

324 578 618 642 piosissime
652 576 880 627 defendit
916 577 972 630 C.
1002 577 1264 627 Rabirium

310 647 570 696 adversus
618 645 678 693 Τ.
725 647 921 694 Attium
959 645 1260 706 Labienum,

324 730 415 780 pro
438 715 495 768 C.
518 715 690 764 Rabir.
709 716 857 779 perd.
876 714 939 775 6,
968 715 1050 766 18.
1072 743 1141 753 --
1162 716 1263 764 De-

324 784 487 834 fendit
506 785 563 836 P.
599 782 793 832 Sullam
809 818 824 847 ,
852 799 944 848 pro
968 781 1107 834 Sulla
1127 784 1181 848 1,
1209 783 1261 833 3.

325 879 395 889 —
431 851 592 904 Nemo
626 851 791 902 adfuit
831 853 893 905 L.
935 855 1265 918 vargunteio,

310 927 389 970 ‘ne
437 921 524 971 hic
579 921 785 984 quidem
836 921 897 980 Q.
947 922 1263 984 HortensiuS,

322 991 621 1057 praesertim
653 991 739 1052 qui
770 989 917 1038 illum
946 990 1087 1040 solus
1115 999 1266 1040 antea

326 1061 391 1109 de
420 1060 615 1110 ambitu
641 1059 981 1120 defendisset,
1010 1061 1081 1112 lb.
1118 1062 1179 1120 2,
1207 1059 1260 1110 6.

325 1155 392 1164 --
412 1127 539 1178 Cum
558 1127 798 1179 Cicerone
816 1136 865 1176 et
883 1128 953 1178 M.
974 1127 1154 1177 Crasso
1176 1129 1264 1177 de-

324 1197 489 1247 fendit
519 1197 578 1246 L.
600 1197 885 1261 Murenam,
920 1211 1013 1264 pro
1048 1199 1176 1249 Mur.
1212 1198 1263 1255 4,

326 1265 410 1317 10.
442 1293 509 1302 -
536 1265 593 1314 P.
618 1265 784 1316 Clodii
814 1267 911 1316 fuit
938 1267 1262 1317 adversarius

321 1350 369 1389 a.
395 1351 447 1383 u.
469 1350 513 1383 c.
533 1333 676 1395 693„
701 1336 768 1384 ad
789 1335 893 1387 Att.
922 1334 967 1393 1,
995 1336 1077 1395 14,
1098 1335 1147 1384 5.
1180 1335 1259 1388 lb.

324 1404 353 1454 1
374 1440 389 1467 ,
415 1403 478 1453 15
497 1440 509 1462 ,
541 1405 593 1453 2.
617 1433 683 1442 --
708 1405 841 1452 Ante
863 1400 1153 1454 Ciceronem
1174 1403 1262 1452 de-

320 1473 483 1522 fendit
514 1471 601 1521 Cu.
635 1471 929 1533 Plancium,
962 1486 1057 1536 pro
1086 1473 1256 1526 Plane.

326 1541 407 1602 15,
432 1539 515 1592 37.
536 1571 607 1580 -—
624 1542 859 1592 Valerius
892 1541 1153 1590 absolutus
1182 1548 1261 1590 est

319 1611 589 1660 Hortensio
610 1610 913 1660 defendente
928 1625 973 1662 a.
988 1626 1039 1659 u.
1060 1609 1261 1674 c.694.‚

321 1680 391 1728 ad
413 1680 521 1732 Att.
545 1681 606 1740 2,
630 1678 662 1729 3
678 1716 692 1739 ,
725 1679 775 1729 1.
794 1703 867 1715 --
885 1679 1147 1743 HortaluS,
1178 1679 1263 1729 Ci-

323 1762 555 1798 ceronem
592 1763 791 1797 summo
828 1762 982 1811 opere
1015 1747 1260 1812 laudavit,

322 1825 491 1880 quum-
501 1817 563 1865 de
580 1817 1001 1882 Flacci‘praetura
1020 1825 1069 1866 et
1088 1817 1150 1866 de
1169 1817 1260 1868 illo

322 1893 550 1951 tempore
575 1886 911 1951 Allobrogum
931 1886 1121 1936 diceret
1138 1901 1183 1935 a.
1206 1902 1258 1935 u.

322 1971 367 2005 c.
390 1955 541 2015 695„
574 1956 735 2016 Ib.'2,
763 1956 863 2020 25,
893 1956 941 2006 1.
963 1982 1029 1991 -
1050 1956 1115 2003 Μ.
1138 1955 1261 2004 Tul-

321 2025 445 2074 lium
470 2022 770 2075 Hortensius
792 2031 841 2073 et
862 2026 970 2073 eius
993 2024 1131 2073 modi
1160 2026 1262 2075 viri

319 2109 421 2144 non
452 2094 674 2154 inimici,
711 2094 803 2143 sed
830 2094 993 2143 invidi
1020 2094 1260 2157 perdide-

321 2170 507 2213 runta.
525 2178 575 2212 u.
606 2178 650 2212 c.
670 2161 919 2223 696.,1b.
942 2163 1001 2224 3,
1022 2162 1083 2223 9,
1115 2162 1168 2213 2.
1189 2190 1262 2201 --

318 2232 621 2281 Hortensius
681 2246 882 2281 summa
937 2231 1260 2283 simulatione

320 2302 515 2351 amoris
579 2316 877 2363 summaque
954 2302 1261 2352 adsiduitate

322 2370 581 2422 cotidiana
630 2370 921 2419 Ciceronem
969 2371 1260 2421 sceleratis-

318 2441 447 2490 sime
476 2441 969 2503 insidiosissimeque
1004 2441 1257 2503 tractavit,

322 2511 557 2560 adiuncto
597 2511 746 2560 Arrio
784 2524 988 2572 quoque⁴
1023 2524 1070 2564 a.
1109 2526 1162 2562 u.
1206 2524 1251 2561 c.

319 2577 472 2637 696„
495 2580 559 2627 ad
578 2579 637 2637 Q.
660 2578 723 2630 fr.
749 2579 797 2638 1,
819 2578 869 2639 3,
892 2577 941 2627 8.
966 2606 1033 2614 —-
1052 2578 1110 2637 Q.
1131 2578 1257 2628 Hor-

317 2648 513 2697 tensius
544 2664 749 2698 causam
774 2648 831 2697 Ρ.
864 2647 1018 2697 Sestii
1051 2662 1256 2711 perora-

316 2718 391 2765 vit
422 2731 469 2769 a.
499 2733 547 2767 u.
570 2732 612 2765 c.
633 2716 751 2767 698.
770 2754 785 2778 ,
822 2732 915 2783 pro
939 2714 1070 2765 Sest.
1104 2718 1163 2767 2.
1200 2714 1253 2763 3.

316 2784 392 2834 lb.
414 2784 467 2849 6,
489 2786 573 2837 14.
595 2814 661 2823 —-
682 2786 789 2845 Quo
810 2786 961 2835 modo
990 2800 1046 2835 se
1076 2782 1253 2851 gesse-

317 2854 383 2903 rit
408 2854 461 2902 in
490 2870 645 2904 causa
673 2856 951 2905 Ptolemaei
985 2857 1123 2921 regis
1156 2854 1258 2903 Ae-

318 2922 478 2989 gypti,
499 2924 567 2972 ad
582 2922 702 2977 fam.
728 2926 779 2987 1,
805 2925 853 2988 1,
876 2923 925 2975 3.
960 2926 1035 2974 lb.
1060 2926 1105 2987 1,
1128 2925 1179 2985 2,
1204 2924 1252 2973 1.

314 2991 389 3039 lb.
424 2993 481 3053 1,
515 2992 547 3042 5
574 2994 623 3044 b.
664 2995 715 3043 2.
750 3020 816 3030 —-
844 2994 1159 3058 Percupidus
1194 2994 1253 3044 P.

316 3059 517 3110 Lentuli
543 3061 850 3127 Spintheris,
872 3064 945 3113 Ib.
972 3063 1019 3124 1,
1042 3064 1091 3123 7,
1112 3063 1163 3113 2.
1185 3088 1256 3098 —

315 3127 553 3180 Hortalus
584 3134 637 3179 in
667 3146 818 3181 causa
839 3132 1095 3183 Sufenatis
1124 3140 1172 3180 et
1195 3130 1267 3183 G.·

318 3196 521 3249 Catonis
552 3214 598 3249 a.
631 3217 685 3251 u.
721 3216 763 3250 c.
799 3201 916 3252 700.
952 3200 1075 3263 fuit,
1108 3201 1254 3250 cuius

316 3268 457 3317 modi
478 3268 689 3333 solebat,
710 3270 777 3319 ad
793 3270 899 3319 Att.
921 3271 973 3333 4,
1001 3270 1081 3335 15,
1104 3272 1155 3319 4.
1183 3271 1249 3323 V.

317 3334 613 3389 Hortalus.
670 3366 737 3375 --
803 3340 1059 3388 Hortensii
1116 3341 1256 3389 calor

318 3406 533 3455 multum
553 3407 829 3457 valebat.in
859 3408 1144 3458 consulatus
1166 3425 1256 3474 pe-

316 3474 498 3527 titione
515 3474 767 3527 Messalae
788 3492 831 3527 a.
858 3492 911 3532 u.
933 3492 976 3526 c.
1009 3476 1127 3529 700.
1141 3514 1157 3541 ,
1188 3477 1253 3528 ad

1409 373 1467 432 Q.
1489 373 1550 420 fr.
1573 373 1622 436 3,
1645 373 1693 438 9,
1715 373 1766 423 3.
1793 403 1862 413 -
1893 377 1950 435 Q.
1973 377 2270 426 Hortensius
2295 386 2344 426 et

1408 441 1500 492 Cn.
1531 442 1807 506 Pompeius
1843 443 1910 497 M.
1933 444 2150 494 Tullium
2181 461 2344 511 augu-

1404 526 1511 560 rem
1531 525 1562 559 a
1580 518 1686 560 toto
1713 512 1930 576 collegio
1957 517 2230 578 expetitum
2252 529 2341 563 no-

1405 581 1754 645 minaverunt,
1773 580 1996 646 Philipp.
2020 584 2052 632 2
2067 619 2082 642 ,
2102 584 2164 645 2,
2200 586 2251 633 4.
2275 611 2341 620 --

1402 647 1670 698 Hortensio
1721 649 1912 712 placuit
1947 651 2201 701 Ciceronis
2221 667 2342 702 con-

1403 717 1618 778 sulatus,
1639 718 1714 768 Ib.
1739 719 1790 780 2,
1813 720 1862 783 5,
1885 719 1968 769 12.
1988 747 2058 757 -
2073 721 2341 772 Hortensio

1402 787 1613 851 proprie
1645 788 1903 837 mandavit
1925 788 2102 838 Cicero
2119 824 2133 852 ,
2167 805 2230 838 ne
2251 804 2342 854 pa-

1401 863 1591 904 teretur
1616 857 1883 922 prorogari
1917 857 2020 906 sibi
2055 862 2342 921 provincias

1404 938 1451 972 a.
1475 939 1527 977 u.
1551 940 1594 976 c.
1619 921 1764 983 703.,
1793 926 1858 975 ad
1883 926 1988 978 Att.
2013 927 2072 987 5,
2095 929 2152 988 2,
2178 929 2225 981 1.
2265 929 2337 979 lb.

1404 993 1454 1052 5,
1475 993 1526 1052 9,
1547 993 1597 1044 2.
1639 994 1711 1042 lb.
1735 994 1785 1056 5,
1811 995 1906 1056 12,
1932 996 1982 1045 2.
2007 997 2084 1046 Ib.
2111 997 2162 1057 5,
2184 999 2265 1056 17,
2289 998 2340 1047 5.

1399 1062 1476 1113 lb.
1506 1062 1571 1126 6,
1607 1062 1634 1111 1
1652 1098 1667 1123 ,
1704 1061 1784 1112 13.
1807 1089 1878 1101 ·-
1895 1065 2194 1117 Hortensius
2219 1067 2343 1128 quid

1404 1131 1566 1195 egerit
1601 1130 1664 1179 de
1701 1132 2075 1197 supplicatione
2109 1134 2342 1184 Ciceroni

1403 1199 1721 1249 decernenda
1751 1209 1865 1250 avet
1886 1203 2063 1253 Cicero
2088 1205 2244 1261 scire,
2275 1205 2342 1253 ad

1401 1269 1507 1318 Att.
1529 1270 1582 1334 7,
1604 1270 1654 1332 2,
1676 1269 1708 1316 7
1712 1296 1805 1319 .-
1821 1271 1913 1319 Pro
1933 1273 2106 1336 Appio
2127 1273 2339 1322 Claudio

1403 1337 1536 1386 dixit
1561 1337 1732 1400 paullo
1764 1346 1878 1386 ante
1919 1349 2160 1403 mortem,
2199 1341 2338 1389 Brut.

1399 1405 1488 1465 64,
1510 1405 1630 1456 230.
1643 1431 1706 1440 -
1725 1406 1782 1462 Q.
1805 1407 2103 1458 Hortensius
2121 1410 2340 1456 animam

1403 1475 1586 1538 agebat
1607 1489 1652 1522 a.
1675 1487 1726 1524 u.
1740 1489 1783 1521 c.
1801 1473 1942 1534 704.,
1963 1491 2117 1537 quum
2141 1476 2344 1526 Caelius

1403 1543 1468 1592 ad
1507 1541 1796 1591 Ciceronem
1832 1545 2066 1609 scripsit,
2102 1543 2238 1594 Cael.
2277 1547 2342 1594 ad

1400 1612 1524 1662 fam.
1554 1610 1621 1670 8,
1653 1609 1745 1671 13,
1777 1613 1826 1661 2.
1859 1639 1927 1649 —
1957 1613 2024 1666 M.
2049 1613 2248 1662 Tullius
2279 1615 2341 1663 de

1329 1681 1656 1730 mrHortensii
1676 1688 1834 1729 morte
1856 1682 1990 1732 dolet
2001 1697 2048 1730 a.
2062 1698 2114 1732 u.
2131 1699 2177 1736 c.
2193 1682 2339 1743 704.,
2438 1709 2444 1716 ·

1403 1750 1470 1798 ad
1487 1751 1589 1798 Att.
1613 1747 1664 1810 6,
1685 1749 1736 1812 6,
1767 1751 1816 1801 2.
1842 1751 1905 1803 cl.
1927 1753 2066 1805 Brut.
2096 1753 2144 1813 1,
2174 1753 2199 1802 l
2221 1767 2336 1814 sqq.

1401 1847 1468 1855 —
1494 1819 1554 1878 Q.
1575 1817 1829 1869 Hortensii
1847 1834 1949 1869 vox
1967 1822 2216 1871 exstincta
2234 1821 2340 1870 fato

1400 1903 1494 1938 suo
1514 1894 1590 1938 est
1603 1923 1619 1952 ,
1638 1887 1708 1939 M.
1730 1886 1988 1940 Ciceronis
2007 1891 2210 1955 publico
2226 1929 2242 1957 ,
2263 1892 2336 1940 Ib.

1400 1956 1619 2017 96,·328.
1631 1960 1948 2009 -Postridie
1971 1960 2338 2009 absolutionem

1400 2026 1470 2079 M.
1494 2026 1688 2075 Valerii
1709 2027 1958 2079 Messalae
1991 2044 2038 2079 a.
2064 2045 2113 2077 u.
2137 2045 2182 2081 c.
2216 2028 2335 2079 703.

1401 2098 1455 2144 in
1483 2094 1677 2144 theatro
1697 2095 1929 2146 Curionis
1948 2098 2247 2147 Hortensius
2269 2100 2338 2146 si-

1400 2164 1520 2213 bilis
1547 2164 1790 2229 explosus
1820 2173 1924 2228 est,
1953 2166 2086 2217 Cael.
2118 2168 2185 2216 ad
2213 2167 2335 2216 fam.

1398 2233 1457 2294 8,
1479 2234 1539 2295 2,
1562 2234 1608 2283 1.
1631 2262 1698 2270 -
1719 2233 1778 2292 Q.
1807 2236 2108 2285 Hortensius
2131 2234 2340 2301 gloriari

1397 2302 1580 2351 solitus
1600 2310 1734 2364 erat,
1757 2306 1891 2366 quod
1914 2320 2187 2367 numquam
2209 2303 2336 2352 bello

1401 2370 1544 2419 civiti
1563 2370 1896 2430 interfuisset,
1918 2374 1990 2421 lb.
2017 2374 2067 2433 2,
2093 2373 2174 2432 16,
2197 2371 2245 2420 3.
2271 2402 2338 2408 --

1399 2465 1466 2475 --
1486 2438 1658 2497 Qualis
1681 2446 1846 2489 orator
1879 2440 2059 2500 fuerit,
2088 2440 2224 2488 Brut.
2249 2440 2336 2504 88,

1397 2506 1516 2560 301.
1536 2534 1608 2545 —-
1627 2508 1924 2557 Hortensius
1936 2546 1952 2570 ,
1973 2522 2202 2557 summus
2226 2523 2337 2557 ora-

1395 2584 1502 2641 tor,
1553 2574 1784 2627 Ciceroni
1826 2592 1917 2641 pro
1966 2577 2200 2627 familiari
2249 2591 2335 2625 reo

1395 2642 1611 2711 (Verre)
1644 2659 1745 2695 non
1773 2648 2063 2711 respondit,
2097 2652 2224 2699 orat.
2248 2645 2334 2707 37,

1395 2714 1515 2769 129.
1527 2714 1819 2765 -Dicebat
1838 2718 2018 2767 melius
2037 2731 2188 2779 quam
2209 2718 2336 2765 scri-

1397 2783 1526 2849 psit,
1561 2786 1638 2837 lb.
1667 2784 1762 2846 38,
1799 2785 1916 2837 132.
1937 2814 2010 2824 —
2031 2786 2154 2836 Eius
2174 2800 2336 2852 genus

1401 2861 1506 2903 erat
1549 2851 1792 2904 orationi-s
1833 2857 2117 2907 Asiaticum
2163 2854 2336 2905 adole-

1400 2924 1623 2972 scentiae
1660 2924 1824 2989 magis
1865 2938 2159 2975 concessum
2183 2938 2335 2985 quam

1399 2993 1673 3058 senectuti,
1701 2993 1838 3043 Brut.
1867 2994 1934 3046 95
1952 3032 1966 3057 ,
2001 2994 2122 3047 325.
2161 3020 2229 3030 ·-
2261 2992 2334 3041 ΒΘ

1397 3062 1654 3112 Hortensii
1686 3064 1881 3113 ratione
1908 3078 2175 3113 causarum
2203 3062 2334 3109 divi-

1393 3130 1696 3189 dendarum,
1717 3146 1810 3195 pro
1833 3130 2028 3189 Quinct.
2052 3130 2134 3191 10,
2158 3130 2243 3181 35.
2267 3155 2332 3163 -

1392 3201 1691 3251 Hortensius
1742 3214 1841 3249 non
1899 3202 2059 3249 multa
2113 3200 2334 3263 graviter

1396 3270 1545 3331 dixit,
1561 3276 1696 3332 orat.
1719 3268 1803 3327 30,
1827 3268 1942 3321 106.
1973 3297 2038 3305 --
2060 3266 2333 3317 Perorandi

1397 3338 1566 3387 locum
1593 3346 1794 3401 se'mper
1823 3338 2051 3387 Ciceroni
2083 3338 2332 3398 relinque-

1395 3408 1498 3467 bat,
1519 3407 1656 3456 Brut.
1677 3406 1762 3465 51,
1786 3406 1900 3459 190.
1922 3407 2201 3457 —Eximia
2221 3407 2331 3455 eius

1398 3478 1674 3539 memoria,
1708 3476 1913 3530 Tuscul.
1947 3477 2004 3545 1,
2028 3479 2122 3540 24,
2153 3476 2235 3531 59.
2260 3498 2326 3513 -·

1818 3547 1920 3600 12*
