2500 3850
793 162 856 207 P.
891 159 1283 207 TREBONHJS
1313 180 1397 191 —-
1424 159 1706 208 TRITON.

303 325 478 371 ocatus
497 332 609 368 esse
628 353 641 377 ,
675 316 897 381 Philipp.
922 318 954 369 2
970 352 984 376 ,
1011 316 1101 381 14,
1123 315 1206 367 34.

267 390 330 437 cl.
359 389 424 438 ad
444 388 566 437 fam.
593 384 683 448 10,
706 386 801 444 28,
826 387 872 437 1.
893 386 1035 433 —ln
1056 384 1212 435 caede

265 457 497 507 Caesaris
529 457 810 506 libertatem
845 454 1026 521 populi
1062 454 1208 504 Rom.

269 526 506 591 depulsor
545 525 832 579 dominatus
871 538 1021 586 quam
1059 524 1212 589 parti·

267 610 388 659 ceps
413 610 525 643 esse
555 593 758 653 maluit,
793 592 1098 658 Philipp-2,
1128 592 1211 655 11,

260 665 350 713 27.
370 680 439 701 -’
458 663 740 713 Trebonius
765 663 1030 713 itineribus
1050 661 1212 711 deviis

266 732 604 797 proficiscitur
623 732 675 781 in
698 733 1009 795 provinciam
1029 746 1144 783 a.u.
1167 746 1210 781 c.

264 801 416 866 710„
452 801 518 851 ad
553 801 656 849 Ant.
695 802 786 866 14,
821 799 914 861 10,
955 801 1007 850 1.
1037 825 1104 834 -
1131 800 1210 848 Ad

261 886 379 919 eum
414 878 532 918 sunt
562 870 816 935 scriptae,
860 870 926 919 ad.
964 868 1084 922 fam.
1121 868 1210 920 lib.

268 938 351 989 10.
373 952 454 1003 ep.
476 938 560 989 28.
595 939 668 987 lb.
694 939 774 987 12.
801 952 880 1003 ep.
905 937 989 988 16.
1025 939 1097 989 Ib.
1133 937 1209 989 15.

261 1023 349 1073 ep.
365 1006 434 1057 20
448 1015 497 1057 et
515 1008 598 1057 24.
617 1008 820 1057 —Eius
840 1008 964 1056 liber
983 1007 1046 1057 de
1065 1007 1212 1057 dictis

267 1076 552 1138 Ciceronis,
585 1078 650 1127 ad
669 1072 792 1139 fam.
819 1076 910 1137 15,
945 1076 1008 1127 21
1033 1113 1046 1139 ,
1075 1077 1212 1125 1..—

266 1146 340 1195 De
401 1146 512 1195 eius
565 1146 858 1209 versieulis,
916 1146 982 1195 ad
1033 1144 1210 1195 Lucilii

269 1216 554 1281 exemplum
578 1217 874 1279 compositis
891 1252 904 1276 ,
927 1215 998 1263 Ib.
1017 1214 1099 1275 12,
1125 1214 1208 1276 16,

260 1284 314 1335 3.
356 1285 420 1335 ad
442 1286 547 1334 Att.
577 1285 656 1343 11,
683 1284 768 1347 20,
795 1285 838 1335 1.
863 1284 1075 1333 —Eius
1096 1298 1212 1332 cru·

267 1352 396 1401 delis
411 1361 462 1403 et
481 1352 789 1403 miserabilis
807 1367 964 1416 mors,
983 1352 1210 1417 Philipp.

267 1420 326 1469 11
346 1458 360 1481 ,
402 1420 460 1481 1,
505 1422 552 1471 1.
583 1448 653 1457 —
681 1420 966 1487 Oppressus
1000 1437 1030 1470 a
1057 1420 1210 1469 Dola-

265 1490 398 1539 bella
421 1489 703 1541 Trebonius
720 1528 734 1554 ‚
767 1492 983 1539 traditus
1013 1489 1211 1540 Samia-

263 1559 340 1608 rio
359 1558 552 1624 exsuli,
575 1559 796 1609 carnifici
817 1560 1111 1625 tutiorique,
1134 1560 1209 1613 Ib.

268 1626 294 1677 1
310 1628 350 1692 l,
376 1629 426 1693 2,
448 1628 500 1678 5.
523 1655 589 1663 —
605 1628 698 1679 Per
713 1628 920 1679 biduum
942 1630 1209 1687 eruciatus,

265 1696 341 1745 Ib.
381 1695 476 1759 11,
519 1698 582 1762 4,
619 1698 670 1748 8.
707 1722 774 1735 -·-
805 1698 878 1747 De
915 1705 1074 1747 morte
1100 1699 1208 1747 eius

263 1766 490 1815 maximo
509 1782 663 1831 opere
685 1782 800 1817 esse
819 1766 1110 1829 dolendum,
1133 1768 1206 1816 Ib.

263 1834 349 1894 12,
375 1835 456 1897 lo,
478 1836 564 1885 25.
585 1862 649 1872 --
674 1835 989 1887 Contrarium
1011 1838 1072 1885 Μ.
1100 1836 1207 1885 An-

257 1904 388 1954 tonii
418 1905 662 1958 iudicium
691 1906 754 1957 de
774 1912 933 1957 morte
951 1905 1207 1967 Trebonii,

259 1973 332 2024 Ib.
357 1972 448 2038 13,
475 1975 564 2038 10,
587 1977 670 2025 22.
693 2004 758 2012 —
786 1977 848 2026 Et
866 1976 1098 2026 Trebonii
1117 1990 1206 2041 pa-

258 2050 337 2092 ter
378 2044 678 2108 splendidus
721 2045 819 2096 fuit
853 2061 1006 2109 eques
1035 2047 1202 2106 Rom„

258 2113 332 2163 ΙΙ).
357 2112 452 2176 13,
489 2113 580 2178 10,
615 2113 701 2164 23.
733 2142 799 2150 -
818 2115 1096 2166 Trebonius
1118 2130 1204 2164 ne·

260 2179 390 2230 fatie
419 2196 448 2228 a
471 2183 733 2233 Dolabella
760 2199 805 2232 a.
829 2201 877 2235 u.
903 2200 945 2234 c.
977 2183 1096 2235 711.
1121 2199 1205 2234 oc-

259 2250 425 2309 cisuS,
461 2251 524 2298 ad
552 2251 672 2304 fam.
702 2254 787 2312 12,
823 2254 985 2313 12,1.
1023 2254 1098 2306 lb.
1123 2253 1204 2313 12,

269 2319 364 2377 14,
384 2318 432 2368 5.
475 2319 548 2368 lb.
579 2321 668 2385 12,
696 2320 776 2381 15,
801 2323 851 2371 4.
874 2321 1206 2371 —Trebonii

261 2385 576 2450 interfectis,
603 2403 682 2453 ep.
715 2390 782 2438 ad
799 2389 935 2438 Brut.
962 2391 1013 2449 2,
1039 2389 1092 2440 3.
1131 2392 1203 2439 lb.

261 2458 313 2575 ξ,
335 2458 387 2575 ἓ.
413 2485 477 2492 —-
497 2457 618 2508 Eius
638 2458 834 2524 legatus
850 2453 870 2521 ,'
887 2457 1102 2521 Satrius,
1129 2460 1204 2508 lb.

301 2561 314 2585 φ
375 2567 386 2577 ·
616 2581 626 2590 ,
785 2559 790 2564 ·

187 2589 255 2644 P.
299 2591 636 2646 Trebonius.
693 2598 816 2647 Eius
853 2605 1204 2647 testamentum

257 2664 452 2712 irritum
493 2664 680 2716 sactum
715 2682 745 2716 a
779 2670 939 2718 Verre
971 2675 1205 2732 praetore

256 2734 452 2782 urbano
482 2747 526 2782 a.
554 2749 602 2784 u.
629 2751 674 2786 c.
703 2733 852 2800 680.,
887 2736 1034 2786 Verr.
1057 2751 1206 2786 accu-

257 2809 352 2851 sat.
384 2803 432 2862 1,
459 2803 546 2862 47,
569 2802 687 2855 123.

186 2867 608 2934 Trebulanum,
634 2874 897 2937 praedium
923 2875 1120 2937 Pontii,
1151 2875 1202 2924 in

255 2954 382 3005 agro
409 2939 723 3005 Trebulano,
753 2944 820 2994 ad
848 2944 954 2994 Au.
981 2944 1041 3006 5,
1067 2946 1124 3006 2,
1151 2945 1198 2998 1.

255 3011 328 3058 Ib.
359 3009 410 3070 5,
432 3007 482 3072 3,
507 3009 554 3062 1.
591 3011 662 3060 Ib.
695 3013 744 3073 7,
769 3014 819 3072 2,
839 3015 889 3063 2.

2168 146 2287 212 401

1286 354 1290 357 .
1353 333 1398 365 e.
1436 316 1555 367 684.
1571 352 1587 377 ,
1634 316 1790 365 iudex
1834 317 1883 365 in
1920 331 2073 365 causa
2103 316 2297 381 VerriS‚

1351 388 1501 435 Verr.
1524 392 1620 434 act.
1642 384 1667 433 1
1686 422 1700 445 ,
1725 383 1789 433 10
1804 422 1819 450 ,
1845 384 1931 436 30.
1954 409 2025 423 -
2046 385 2202 435 Attici
2222 386 2297 435 fa·-

1353 455 1595 516 rniiiaris,
1618 454 1683 503 ad
1704 454 1808 502 Att.
1830 456 1879 514 5,
1900 456 1951 514 4,
1975 456 2023 504 2.
2066 454 2137 503 lb.
2164 454 2215 520 6,
2246 456 2294 520 1,

1358 522 1435 573 13.
1478 526 1553 574 lb.
1575 525 1625 581 7,
1650 524 1697 583 l,
1720 522 1772 576 8.
2134 537 2136 540 '

1286 590 1628 644 Tremellius
1652 589 1882 655 Scrofa,
1908 590 2061 649 filius,
2082 598 2136 639 ut
2155 592 2296 642 vide-

1354 673 1459 726 tur,
1482 662 1847 727 praecedentis.
1876 688 1948 697 —-
1968 654 2296 724 Εὐγενέστε-

1356 746 1454 796 ρος
1476 739 1553 781 est
1573 732 1723 784 etiam
1744 732 1894 793 quam
1916 738 2077 794 pater,-
2100 732 2165 781 ad
2188 729 2291 783 Att.

1287 871 1355 937 Q.
1416 864 1739 923 Tremulus.
1808 871 1872 923 V.
1932 868 2001 934 Q.
2047 866 2293 919 Marcius

1352 938 1675 990 Tremulus.

1284 1008 1429 1059 Tres
1463 1008 1759 1070 tabernae,
1796 1007 1850 1055 in
1884 1008 1970 1057 via
2004 1007 2201 1073 Appia,
2230 1006 2297 1055 ad

1352 1081 1453 1128 Att.
1481 1078 1529 1139 1,
1556 1076 1635 1137 13,
1666 1078 1707 1126 Ι.

1283 1145 1538 1210 Treviri,
1562 1146 1755 1195 Galliae
1772 1144 2009 1211 populus,
2031 1170 2101 1180 —
2118 1144 2294 1194 Trevi-

1350 1233 1433 1267 ros
1462 1216 1697 1265 vitandos
1734 1215 1969 1264 Trebatio
2004 1221 2175 1263 censet
2212 1213 2294 1264 Ci-

1352 1302 1494 1346 cero,
1520 1286 1586 1334 ad
1607 1284 1728 1333 fam.
1757 1286 1806 1345 7,
1833 1283 1913 1347 13,
1934 1284 1985 1332 2.

1282 1352 1565 1407 Triarius.
1604 1354 1667 1402 V.
1691 1354 1741 1401 in
1765 1348 2005 1401 Valeriis
2026 1346 2291 1400 Triariis.

1283 1419 1685 1489 Tricipitinus,
1719 1422 1980 1471 Lucretiae
2022 1426 2192 1485 pater,
2231 1420 2295 1469 de

1349 1510 1391 1543 r.
1416 1509 1465 1558 p.
1488 1494 1549 1552 2,
1576 1493 1642 1543 25
1664 1528 1677 1547 ,
1712 1490 1801 1541 45.
1838 1490 1901 1539 de
1919 1488 2021 1555 leg.
2043 1490 2101 1549 2,
2124 1490 2186 1554 4,
2208 1488 2291 1539 10.

1350 1564 1413 1611 V.
1446 1564 1494 1609 in
1516 1556 1813 1610 Lucretiis.

1282 1626 1633 1683 Trieterides
1664 1644 1692 1677 a
1721 1628 1944 1693 Dionyso
1971 1628 2145 1691 quinto
2175 1642 2294 1677 con-

1350 1702 1551 1750 stitutae
1575 1705 1841 1763 putamur,
1866 1697 1928 1747 de
1949 1712 1999 1748 n.
2025 1698 2077 1751 d..
2110 1692 2173 1759 3,
2204 1695 2291 1757 23,

1281 1837 1385 1890 Tri
1430 1837 1548 1887 inta
1582 1834 1698 1886 viri
1729 1834 1969 1898 AtheniS,
2013 1835 2077 1884 de
2113 1834 2212 1899 leg.
2247 1834 2293 1893 1,

1352 1910 1376 1960 l
1421 1949 1432 1967 ,
1450 1908 1537 1960 42.
1578 1906 1641 1956 cl.
1663 1905 1867 1956 Tuscul.
1890 1904 1938 1964 l,
1959 1903 2045 1970 40,
2065 1902 2151 1958 96.
2172 1950 2185 1958 ,

1278 1973 1793 2041 Triocalinusager
1820 1977 1869 2024 in
1905 1973 2077 2024 Sicilia
2095 2010 2111 2038 ,
2142 1972 2291 2023 Verr.

1348 2052 1569 2098 accusat.
1612 2046 1671 2107 5,
1722 2048 1785 2108 4,
1825 2044 1906 2096 10.

1281 2103 1754 2184 Τριπολιτικός
1770 2149 1789 2175 ,
1823 2114 1953 2162 liber
1983 2109 2293 2177 Dicaearchi,

1348 2187 1413 2236 ad
1438 2187 1540 2236 Aa.
1563 2183 1645 2250 13,
1668 2183 1752 2248 32,
1775 2184 1829 2232 2.

1279 2252 1665 2322 Triptolemus
1684 2253 1977 2302 hominibus
1997 2264 2167 2300 semen
2192 2249 2291 2298 lar-

1348 2327 1485 2392 gitus
1508 2331 1609 2384 est,
1632 2323 1699 2372 ad
1718 2322 1833 2374 Her.
1854 2324 1917 2385 4,
1937 2318 1988 2380 6,
2008 2318 2059 2369 9.
2082 2347 2149 2357 --
2167 2317 2291 2367 Eius

1348 2395 1550 2458 signum
1572 2393 1777 2440 Hennae
1791 2427 1805 2448 ,
1824 2391 1971 2438 Verr.
1994 2395 2213 2437 accusat.
2236 2386 2288 2448 4,

1345 2461 1431 2526 49,
1456 2461 1571 2511 110.
1604 2458 1670 2509 el.
1692 2458 1897 2512 Tuscul.
1921 2457 1969 2518 1,
1990 2456 2076 2518 41,
2096 2455 2181 2506 98.

1281 2523 1921 2600 Τρισαρειοπαγίτης
1939 2561 1961 2586 ,
2070 2525 2292 2575 eximius

1348 2599 1673 2664 Ariopagita,
1696 2599 1761 2646 ad
1781 2597 1886 2645 Au.
1909 2601 1959 2655 4,
1985 2595 2068 2655 15,
2097 2595 2149 2646 4.

1275 2665 1605 2730 Tritannus,
1619 2667 1699 2717 vir
1718 2665 1919 2715 eximiis
1932 2665 2125 2716 viribus
2139 2677 2289 2728 prae-

1345 2739 1509 2798 ditus,
1559 2743 1867 2787 memoratus
1913 2733 2107 2783 Lucilio
2148 2731 2289 2798 apud

1342 2806 1446 2856 Cic.
1470 2807 1534 2857 de
1557 2805 1645 2860 fin.
1670 2807 1717 2871 1,
1739 2803 1789 2868 3,
1810 2805 1861 2856 9.

1274 2874 1465 2926 Tritia
1486 2873 1796 2942 (Achaiae),
1818 2875 2013 2934 Tenea,
2044 2871 2290 2950 filiphera

1341 2946 1677 3011 Peloponnesi
1734 2943 1925 3009 oppida
1970 2951 2285 3002 νεοκτιστα,

1341 3016 1406 3064 ad
1431 3017 1531 3065 Au.
1554 3015 1607 3076 6,
1630 3016 1683 3076 2,
1700 3013 1750 3065 3.

185 3073 552 3130 Trebulanus
588 3097 712 3147 ager
756 3083 890 3132 circa
928 3083 1197 3134 Trebulam
1271 3079 1497 3147 Triton,
1519 3084 1607 3132 ille
1627 3082 1929 3143 maritimus,
1950 3079 2179 3144 pingit-ur
2196 3091 2287 3126 na-

254 3145 588 3211 Sabinorum,
628 3152 691 3202 de
721 3152 835 3218 lege
861 3167 972 3218 agr.
1010 3156 1072 3213 2,
1113 3153 1198 3214 25,

253 3213 340 3265 66.
380 3219 444 3267 ad
468 3219 588 3273 fam.
621 3219 702 3282 11,
725 3222 807 3282 27,
831 3220 879 3271 3.
979 3276 984 3280 ,

186 3281 292 3332 Cn.
348 3283 691 3338 Tremellius
751 3287 980 3355 Scrofa,
1043 3290 1196 3340 homo

251 3367 451 3402 summa
473 3357 715 3421 religione
737 3367 783 3408 et
803 3360 1083 3426 diligentia,
1111 3360 1198 3409 tri·

253 3423 420 3472 hunus
460 3425 694 3476 militaris
725 3427 1022 3494 designatus
1058 3443 1104 3480 a.
1143 3443 1192 3478 u.

323 3505 542 3546 menno,

1338 3154 1565 3202 tantibus
1581 3151 1829 3201 invehens
1848 3148 2016 3198 beluis
2034 3146 2287 3196 adiunctis

1337 3220 1561 3288 humano
1586 3219 1813 3285 corpori,
1850 3217 1914 3268 de
1940 3232 1995 3267 n.
2029 3217 2081 3266 d..
2113 3217 2139 3267 1
2158 3251 2171 3275 ,
2199 3215 2285 3275 28,

1340 3290 1427 3345 78.
1450 3292 1523 3344 lb.
1544 3291 1597 3352 2,
1616 3289 1702 3350 35,
1722 3286 1809 3340 89.
1825 3313 1893 3326 -—
1908 3287 2160 3346 Tritones,
2185 3286 2220 3337 i.
2238 3300 2283 3332 e.

1341 3369 1593 3412 amatores
1626 3359 1965 3426 piscinarum,
2000 3358 2065 3408 ad
2096 3357 2201 3410 Att.
2232 3355 2286 3411 2.

1337 3429 1391 3491 9,
1419 3430 1466 3479 1.
