2500 3850
151 153 269 215 182

212 321 487 386 Protogeni
562 317 734 367 tabula
810 317 1153 382 pulcherrima

215 389 412 451 Rhodi,
434 389 583 438 Verr.
612 395 831 437 accusat.
850 387 900 451 4,
921 386 1007 450 60,
1027 386 1148 438 135.

213 458 501 524 -Ialysus
530 455 830 521 Protogeni,
873 456 940 505 ad
972 458 1075 506 Att.
1098 456 1150 516 2,

143 593 523 656 lamblichus,
568 593 960 658 Sampsicerami
996 593 1153 654 filine,

210 663 527 730 phylarchus
559 663 782 712 Arabum
801 699 813 720 ‚
853 664 1049 714 amicus
1079 665 1153 712 rei

212 734 354 800 publ.
401 733 663 782 Romanae
689 770 704 796 ‚
768 732 835 781 ad
886 732 1009 784 fam.
1067 733 1152 797 15,

145 868 421 936 Iamidae,
452 871 651 920 familia
668 872 718 918 in
738 870 888 920 Elide
913 869 1155 936 haruspi-

213 944 359 991 cinae
376 941 639 990 nobilitate
666 947 959 1005 praestans,
992 940 1056 989 de
1078 939 1155 989 di-

213 1013 317 1060 vin.
343 1012 391 1070 1,
410 1011 497 1072 41,
520 1009 606 1060 91.

143 1077 489 1142 Ianiculum,
526 1091 701 1137 mons,
742 1079 794 1125 in
830 1092 930 1140 quo
964 1079 1156 1128 Romae

214 1163 335 1212 pars
354 1148 547 1212 posita,
572 1147 635 1196 de
654 1145 768 1210 lege
790 1161 899 1212 agr.
924 1147 975 1206 1,
994 1147 1045 1207 5,
1070 1147 1152 1198 16.

214 1218 285 1266 lb.
310 1218 361 1276 2,
381 1215 466 1275 27,
488 1216 571 1269 74.
612 1230 703 1279 pro
726 1215 829 1264 Mil.
852 1217 938 1272 27,
965 1216 1047 1264 74.

146 1282 381 1349 Ianitor,
401 1285 590 1349 hospes
606 1285 660 1334 G.
676 1285 850 1333 Verris
866 1286 1155 1350 Lampsaci,

212 1356 356 1404 Verr.
385 1361 605 1406 accusat.
633 1354 681 1414 1,
702 1354 785 1418 24,
806 1353 893 1407 63.

144 1422 331 1474 Ianus.
346 1423 467 1474 Eius
480 1438 663 1474 nomen
674 1423 737 1471 ab
753 1424 913 1473 eundo
927 1425 1152 1487 ductum,

212 1509 276 1542 ex
305 1507 405 1555 quo
434 1493 760 1543 transitiones
798 1494 1005 1557 perviae
1032 1495 1155 1558 iani,

201 1565 277 1628 ,de
297 1576 347 1613 ιι.
372 1563 420 1611 d.
452 1564 514 1618 2,
542 1562 639 1624 27,
670 1561 755 1612 67.
781 1589 843 1599 -
865 1565 1016 1612 Ianus
1046 1577 1155 1612 mc-

215 1632 358 1690 dius,
380 1629 602 1694 Philipp.
625 1629 685 1693 6,
710 1630 770 1688 5,
796 1631 877 1681 15.
907 1633 979 1681 lb.
1006 1633 1065 1695 7,
1098 1629 1151 1691 6,

215 1698 297 1750 16.
338 1698 401 1747 de
421 1698 507 1748 off.
528 1698 579 1755 2,
600 1697 685 1760 25,
706 1698 793 1751 90.

142 1765 410 1834 Iapydas,
452 1765 652 1815 incolae
688 1769 928 1830 Iapydiae
961 1769 1151 1834 Illyrici

213 1835 461 1898 regionis,
500 1850 591 1900 per
621 1833 782 1900 Alpes
814 1836 969 1885 Iulias
1000 1837 1149 1888 Nori-

204 1910 325 1953 'cum
349 1918 529 1954 versus
559 1904 717 1965 sitae,
747 1919 840 1969 pro
869 1905 1027 1957 Balbo
1062 1907 1146 1969 14,

139 2042 325 2105 Iason,
348 2044 587 2107 princeps
602 2044 1025 2107 Argonautarum,
1046 2046 1148 2095 Tu-

210 2112 333 2161 scul.
355 2114 404 2173 4,
428 2112 513 2175 32,
536 2112 621 2163 69.

138 2179 306 2230 Iason
322 2180 593 2244 Pheraeus,
608 2196 732 2231 casu
752 2190 958 2233 sanatus
974 2190 1150 2248 aperta

208 2249 381 2314 gladio
404 2251 630 2310 vomica,
653 2253 716 2300 de
734 2266 785 2303 n.
810 2251 859 2301 d.
884 2251 933 2313 3,
955 2251 1039 2311 28,
1061 2254 1146 2305 70.

206 2346 277 2356 -
306 2319 427 2368 Eius
449 2319 735 2385 calliditas,
757 2321 819 2370 de
841 2321 927 2375 off.
965 2323 990 2372 1
1010 2358 1024 2381 ,
1061 2320 1146 2382 30,

135 2454 361 2523 Ibycus.
404 2458 621 2509 Maxime
652 2459 877 2507 omnium
900 2459 1147 2525 flagrasse

206 2542 375 2575 amore
395 2527 682 2593 Rheginum
703 2529 908 2593 Ibycum
933 2536 1148 2593 apparet

206 2610 269 2643 ex
290 2596 521 2660 scriptis,
544 2598 749 2648 Tuscul.
772 2599 822 2655 4,
848 2596 934 2657 33,
955 2598 1043 2647 71.

136 2660 391 2726 Icadius,
438 2666 654 2729 praeda,
693 2666 781 2727 qui
812 2680 940 2714 saxo
958 2704 972 2728 ,
1005 2667 1144 2729 qnod

206 2746 269 2778 ex
292 2733 535 2793 spelunca
563 2734 613 2780 in
644 2735 754 2781 eius
783 2748 930 2783 crura
950 2735 1141 2784 incide-

206 2806 310 2856 rat,
336 2801 514 2864 periit,
536 2801 599 2849 de
618 2800 721 2851 fato
740 2800 791 2862 3,
812 2802 862 2851 5.

133 2866 210 2917 Μ.
233 2866 445 2931 Iccius,
478 2877 681 2933 praetor
710 2886 757 2919 a.
782 2885 833 2919 ιι.
856 2885 902 2921 e.
928 2871 1047 2923 710.
1082 2871 1143 2921 Ei

202 2935 379 2986 Sicilia
406 2938 667 3000 provincia
698 2939 881 3005 obtigit
900 2940 1142 2991 sortiente

817 160 1245 209 IAMBLICHUS
1283 182 1362 192 -·
1398 162 1572 208 INDI.

1221 315 1395 369 Idaea
1415 315 1605 367 Sacra.
1651 318 1732 366 Ad
1762 331 1906 368 sacra
1931 319 2085 368 Idaea
2105 319 2238 369 acci--

1294 387 1484 451 pienda
1513 402 1559 438 a.
1594 402 1644 435 ιι.
1674 403 1716 437 c.
1749 386 1868 438 550.
1903 388 2124 451 optimus
2161 389 2239 437 vir

1295 455 1522 505 delectus
1559 462 1634 505 est
1663 456 1718 509 P.
1764 455 2024 506 Cornelius
2061 454 2236 521 Scipio

1294 524 1508 583 Nasica,
1529 525 1594 574 de
1618 525 1700 573 lin.
1725 525 1776 584 5,
1795 526 1863 574 22
1878 561 1891 585 ,
1912 524 2000 574 64.
2033 526 2096 575 de
2127 539 2233 576 sen.

1224 659 1383 712 Idaei
1415 658 1619 730 Digiti.
1658 664 1736 712 Ex
1768 664 1830 712 iis
1859 662 2099 712 Hercules
2135 669 2237 712 ter-

1296 732 1423 796 tius,
1445 732 1510 781 de
1530 747 1579 780 n.
1601 732 1650 780 d.
1675 730 1725 791 3,
1749 731 1830 789 16,
1852 733 1940 782 42.

1225 799 1431 850 Idaeus
1471 808 1674 866 pastor,
1721 801 1888 861 Paria,
1927 801 1995 850 ad
2033 801 2140 850 Att.
2186 801 2234 865 1,

1301 868 1383 931 18,
1406 869 1455 921 3.

1224 936 1418 1006 Idyia,
1443 938 1630 988 Oceani
1653 938 1783 999 filia,
1813 938 2022 988 Medeae
2051 946 2100 987 et
2127 939 2238 1003 Ap-

1297 1011 1424 1072 syrti
1443 1017 1603 1058 mater
1620 1044 1633 1069 ,
1663 1009 1727 1057 de
1746 1023 1794 1056 n.
1825 1009 1874 1058 d.
1896 1009 1946 1071 3,
1972 1007 2052 1067 19,
2076 1006 2165 1060 48.

1226 1073 1396 1129 Ietini
1426 1079 1476 1129 in
1509 1077 1711 1139 Sicilia,
1748 1078 1894 1127 Verr.
1927 1082 2147 1129 accusat.
2183 1075 2234 1136 3,

1297 1147 1383 1208 43,
1406 1145 1524 1198 103.

1225 1210 1519 1284 Iguvium,
1552 1215 1707 1265 hodie
1737 1215 1953 1276 Gubbio,
1987 1214 2239 1281 oppidum

1297 1285 1537 1335 Umbriae
1562 1286 1628 1334 ad
1664 1287 1798 1334 viam
1817 1286 2114 1335 Flaminiam
2132 1320 2146 1347 ‚
2170 1283 2239 1333 ad

1297 1357 1402 1406 Att.
1428 1355 1486 1419 7,
1523 1353 1604 1404 13.
1641 1355 1686 1404 b.
1721 1355 1774 1403 7.
1806 1381 1871 1392 -—
1898 1355 2099 1404 Incolae
2119 1355 2238 1420 Igu-

1297 1425 1522 1486 vinates‚
1545 1437 1636 1487 pro
1656 1423 1815 1473 Balbo
1833 1424 1916 1490 20,
1941 1426 2025 1474 47.

1226 1491 1335 1546 nia
1349 1509 1392 1543 s.
1409 1493 1550 1544 Rhea
1563 1493 1741 1543 Silvia.
1769 1493 1894 1544 Eius
1911 1486 2074 1558 ᾇῆσις
2095 1493 2238 1558 apud

1295 1563 1511 1611 Ennium
1529 1600 1543 1622 ‚
1567 1562 1629 1611 de
1657 1563 1818 1616 divin.
1851 1563 1898 1626 1,
1926 1561 2010 1623 20,
2032 1559 2117 1612 40.

1224 1629 1362 1682 Ilias
1387 1633 1677 1684 membrana
1697 1635 1911 1696 scripta,
1930 1633 1981 1681 in
2003 1645 2132 1680 nuce
2156 1631 2236 1682 in·

1293 1700 1451 1762 clusa,
1475 1701 1658 1766 fragm.
1684 1715 1735 1764 p.
1758 1701 1879 1752 349.
1903 1699 2236 1750 ——Malorum

1293 1767 1755 1835 impendet’lltois,
1778 1771 1844 1820 ad
1865 1775 1970 1824 Att.
1995 1769 2048 1829 8,
2072 1769 2157 1827 11,
2177 1768 2233 1818 3.

1218 1837 1422 1902 Iliona,
1442 1839 1546 1888 filia
1566 1841 1782 1905 Priami,
1802 1839 2012 1888 Pacuvii
2031 1848 2234 1902 tragoe-

1291 1909 1403 1973 dia,
1427 1910 1585 1960 Acad.
1610 1925 1690 1974 pr.
1717 1911 1768 1969 2,
1793 1911 1878 1968 27,
1899 1909 1984 1959 88.

1217 1976 1406 2029 Ilium.
1437 1978 1744 2030 Achivorum
1765 1978 2013 2043 profectio
2036 1978 2100 2027 ab
2121 1976 2231 2037 Ilio,

1289 2049 1353 2097 de
1375 2048 1532 2098 divin.
1559 2049 1606 2113 1,
1632 2049 1714 2108 14,
1736 2050 1820 2098 24.

1217 2114 1541 2183 Illyricum,
1592 2118 1737 2181 regio
1775 2117 1902 2165 mari
1938 2114 2231 2165 Hadriatico

1290 2187 1555 2241 adiacens,
1592 2186 1767 2237 Italiae
1804 2184 2070 2250 opposita,
2107 2183 2232 2233 Phi-

1292 2254 1418 2319 lipp.
1448 2253 1528 2316 10,
1553 2256 1619 2315 4,
1653 2254 1700 2305 9.
1743 2254 1814 2303 lb.
1843 2253 1935 2314 10,
1958 2254 2021 2315 5,
2055 2253 2136 2302 11.
2160 2278 2231 2289 —-

1291 2322 1391 2373 Ora
1432 2324 1622 2386 Illyrici
1657 2325 1840 2386 maris,
1876 2323 1938 2372 de
1969 2324 2092 2386 imp.
2132 2320 2225 2374 Cn.

1288 2393 1464 2457 Pomp.
1489 2392 1569 2455 12,
1591 2392 1676 2443 35.

1216 2459 1514 2513 Imachara
1534 2463 1586 2510 in
1607 2459 1841 2511 orientali
1861 2468 2001 2524 Parte
2022 2458 2228 2509 Siciliae

1287 2531 1418 2580 inter
1460 2530 1816 2593 Centuripinos
1857 2538 1906 2577 et
1947 2529 2225 2590 Herbitam,

1285 2598 1440 2649 hodie
1477 2600 1698 2661 Traina,
1735 2598 1881 2647 Verr.
1917 2605 2136 2646 accusat.
2171 2598 2226 2659 5,

1288 2670 1347 2727 7,
1383 2667 1464 2718 15.
1489 2695 1555 2703 -
1577 2667 1943 2717 Imacharensis
1964 2681 2116 2731 ager,
2151 2666 2225 2715 lb.

1284 2736 1316 2787 3
1336 2772 1350 2796 ,
1375 2736 1440 2787 18
1457 2774 1470 2797 ,
1493 2738 1579 2788 47.
1606 2762 1675 2773 -
1705 2734 2084 2785 Imacharenses
2101 2772 2116 2795 ,
2149 2734 2228 2789 lb.

1285 2805 1346 2864 3,
1368 2806 1436 2853 42
1452 2842 1465 2865 ‚
1495 2806 1608 2854 100.

1211 2871 1600 2939 Impudentiae
1621 2881 1670 2923 et
1685 2872 2030 2924 Contumeliae
2049 2872 2226 2922 fanum

1286 2941 1500 2991 Athenis
1517 2981 1530 3004 ,
1555 2943 1618 2991 de
1639 2942 1737 3008 leg.
1765 2944 1816 3001 2,
1842 2943 1923 3001 11,
1947 2941 2030 2993 28.

201 3004 268 3059 Μ.
301 3006 520 3056 Antonio
557 3008 798 3072 consule,
828 3007 1053 3075 Philipp.
1086 3009 1137 3070 3,
1212 3007 1471 3076 Inalpini.
1503 3011 1699 3061 Bellum
1721 3026 1837 3060 cum
1858 3012 1920 3059 iis
1939 3010 2048 3063 aD.
2071 3009 2223 3061 Bruto

130 3074 410 3208 leigiuzfi,
433 3145 716 3210 Lycaoniae
736 3155 907 3212 caput,
930 3148 996 3197 ad
1015 3148 1135 3198 fam.

1279 3096 1327 3198 Ξ.
1354 3096 1408 3199 ii.
1427 3097 1474 3129 c.
1496 3081 1614 3131 710.
1635 3086 1866 3147 gestum,
1897 3080 1963 3129 ad
1994 3079 2114 3129 fam.
2139 3078 2223 3142 11,

200 3211 257 3270 3,
283 3216 345 3270 5,
366 3217 417 3264 4.
454 3214 525 3267 Ib.
556 3214 619 3265 15
637 3253 652 3280 ,
682 3217 741 3278 4,
778 3218 828 3267 2.
870 3218 937 3267 ad
956 3218 1058 3269 Att.
1085 3218 1137 3279 5,
1209 3215 1383 3280 Index
1399 3216 1692 3268 Hercules.
1731 3218 1852 3266 Eius
1873 3216 2046 3266 fanum
2067 3214 2222 3264 Athe-

127 3280 297 3400 Ῑᾶἓὲἷι
311 3284 504 3402 lhlater
525 3366 711 3419 magna
733 3355 885 3404 deum
900 3390 917 3416 ,
942 3356 1007 3405 de
1032 3356 1135 3421 leg.

195 3419 249 3478 2,
276 3420 328 3481 9,
350 3421 435 3469 22.
470 3422 543 3471 Ib.
568 3422 617 3481 2,
644 3420 726 3484 16,
748 3423 837 3473 40.
890 3418 895 3427 ’

1281 3288 1363 3335 nis
1377 3321 1391 3349 ,
1415 3287 1478 3336 de
1497 3288 1658 3338 divin.
1683 3288 1731 3350 1,
1751 3288 1837 3347 25,
1858 3287 1942 3338 54.

1208 3351 1364 3417 Indi,
1387 3355 1451 3404 de
1474 3356 1634 3405 divin.
1659 3356 1704 3417 1,
1727 3355 1814 3417 23,
1833 3357 1917 3404 47.
1952 3355 2026 3404 Ib.
2055 3356 2103 3416 2,
2131 3352 2220 3415 46,

1278 3422 1363 3475 96.
