2500 3850
216 190 339 251 298

287 360 425 408 Brut.
449 357 543 416 85,
569 354 687 406 292.
713 380 781 390 —
802 354 1025 403 Platonis
1056 360 1232 402 aucto-

288 431 461 485 ritate,
514 426 601 488 qui
652 424 823 474 varius
872 431 921 471 et
968 421 1231 487 multiplex

290 505 338 545 ct
368 496 607 561 copiosus
644 493 767 555 fuit,
803 507 905 541 una
940 501 988 541 et
1020 506 1233 541 consen-.-

288 568 417 614 tiens
460 564 657 615 duobus
701 562 964 612 vocabulis
1000 560 1231 625 philoso-

288 634 441 700 phiae
469 633 633 683 forma
650 632 878 681 instituta
900 639 976 679 est
992 667 1005 689 ‚
1030 630 1231 679 Acade-

289 708 539 754 micorum
564 710 613 751 ct
634 700 1083 765 Peripateticorum
1100 736 1113 760 ,
1145 698 1232 760 qui

290 775 443 823 rebus
509 777 873 836 congruentes,
940 768 1231 818 nominibus

292 841 623 903 differebant,
646 838 803 888 Acad.
833 846 963 902 post.
996 839 1043 898 1,
1068 839 1121 901 4,
1154 836 1230 885 17.

292 912 451 961 Acad.
480 926 557 974 pr.
582 912 643 971 2,
676 908 707 958 5
728 944 740 966 ,
774 906 857 959 15.
884 933 951 941 —
974 906 1233 955 Platonem

290 980 615 1042 reliquosque
659 976 946 1026 Socraticos
996 984 1043 1023 et
1090 976 1233 1024 dein-

293 1064 413 1113 ceps
435 1051 549 1104 eos,
576 1046 663 1108 qui
688 1045 749 1093 ab
772 1045 835 1092 iis
858 1043 1074 1109 profecti
1096 1052 1229 1105 sunt,

290 1119 466 1182 legunt
490 1129 661 1164 omnes
680 1151 693 1175 ,
726 1114 877 1161 etiam
907 1113 995 1173 qui
1014 1112 1102 1160 illa
1132 1126 1233 1161 non

290 1186 601 1250 approbant,
634 1181 840 1230 Tuscul.
874 1184 936 1239 2,
976 1179 1034 1238 3,
1072 1179 1122 1229 8.
1164 1208 1234 1219 -—-

292 1255 441 1313 Platov
452 1260 499 1302 et
520 1251 777 1312 SocrateS‚·
796 1256 849 1297 ut
867 1250 1113 1298 rationem
1132 1264 1231 1299 non

292 1324 590 1381 redderent,
624 1320 920 1369 auctoritate
950 1326 1119 1368 tamen
1139 1321 1230 1367 mi-

293 1399 442 1442 nutos
474 1388 833 1455 philosophOS,
870 1388 1144 1452 Epicurum
1182 1390 1231 1435 in

292 1463 492 1527 primia,
511 1461 785 1519 vincerent,
808 1458 870 1507 de
892 1458 1050 1507 divin.
1077 1457 1121 1522 1,
1146 1458 1231 1520 30,

289 1532 379 1583 62.
422 1531 485 1579 cl.
508 1528 713 1580 Tuscul.
747 1528 773 1578 1
796 1565 808 1586 ,
842 1528 939 1589 21,
966 1526 1051 1581 49.
1076 1526 1233 1577 —De

294 1600 515 1651 Platonis
556 1596 889 1658 verecundia,
923 1600 989 1647 ad.
1020 1599 1142 1649 fam.
1180 1598 1231 1663 9,

293 1671 391 1729 22,
429 1670 477 1718 5.
508 1694 575 1703 ——-
603 1668 785 1715 Visum
828 1676 903 1717 est
940 1682 1039 1717 non
1080 1666 1234 1717 nullis

294 1738 517 1785 Platonis
552 1743 600 1785 et
630 1736 905 1785 Democriti
929 1735 1233 1786 locutionem

296 1808 465 1870 potius
522 1807 706 1869 poema
745 1804 1025 1870 putandum
1082 1820 1237 1867 quam

296 1876 604 1926 comicorum
644 1877 908 1940 poetarum
924 1909 937 1934 ‚
985 1882 1107 1923 orat.
1150 1875 1232 1936 20,

296 1944 378 1994 67.
412 1971 481 1980 —-
512 1943 641 1992 Eum
673 1944 943 1994 Panaetius
965 1943 1237 1994 Homerum

294 2012 715 2078 philosophorum
744 2012 995 2079 appellat,
1024 2011 1234 2064 Tuscul.

298 2085 343 2139 1,
366 2083 451 2147 32,
472 2082 557 2132 79.
578 2109 650 2120 —
667 2081 825 2133 Nemo
854 2084 1056 2132 uberior
1076 2083 1130 2130 in
1157 2083 1237 2131 di-

299 2153 457 2201 cendo
494 2150 723 2200 Platone.
774 2154 945 2200 Iovem
984 2151 1059 2200 sic
1096 2152 1235 2200 aiunt

300 2219 619 2284 philosophi,
667 2220 711 2267 si
748 2219 939 2268 Graece
980 2219 1231 2283 loquatur,

297 2289 463 2351 loqui,
485 2287 623 2336 Brut.
646 2287 739 2345 31,
770 2287 885 2337 121.
906 2315 977 2324 -—
994 2287 1131 2336 Deus
1153 2288 1239 2337 ille

296 2364 466 2407 noster
482 2356 648 2416 Plato,
680 2357 745 2406 ad
764 2356 868 2406 Att.
889 2358 949 2417 4,
983 2357 1077 2417 16,
1099 2355 1149 2406 3.
1168 2385 1238 2392 —

296 2427 437 2477 Plato
465 2427 615 2491 longe
650 2428 900 2490 omnium,
934 2426 1237 2488 quicumque

300 2498 611 2562 scripserunt
630 2505 715 2544 aut
735 2497 889 2545 locuti
908 2503 1051 2557 sunt,
1078 2497 1235 2544 exsti-

296 2569 355 2615 tit
377 2575 427 2616 et
458 2567 708 2616 suavitate
740 2574 788 2614 et
818 2565 1065 2629 gravitate
1092 2565 1235 2628 prin-

296 2649 446 2699 ceps,
474 2641 596 2682 orat.
622 2631 703 2689 19,
722 2633 809 2683 62.
832 2661 902 2668 -
922 2633 1035 2680 Non
1052 2633 1235 2682 melius

298 2701 519 2763 loquitur
536 2699 861 2764 Thucydides
893 2715 1043 2761 quam
1072 2701 1231 2761 Plato,

297 2771 360 2818 de
380 2777 481 2832 opt.
506 2781 625 2832 gen.
651 2781 723 2816 or.
745 2768 795 2825 5,
821 2767 980 2818 16.—
995 2768 1064 2818 De
1082 2783 1231 2833 prae-

295 2838 482 2886 stantia
501 2836 742 2883 orationis
763 2836 1070 2900 Platonicae,
1101 2848 1227 2892 orat.

296 2907 393 2966 44,
418 2905 532 2954 151.
552 2929 623 2940 --
642 2902 781 2953 Plato
802 2905 866 2953 de
883 2905 1035 2954 rebus
1055 2920 1084 2953 a
1104 2907 1231 2956 civi-

297 2974 429 3024 libus
480 2974 835 3022 controversiis
876 2974 1228 3025 remotissimis

296 3044 533 3093 divinitus
554 3047 630 3091 cst
660 3041 886 3107 locutuS,
926 3043 990 3092 de
1018 3050 1141 3096 orat.
1179 3045 1225 3108 1,

297 3112 357 3162 11
376 3148 390 3173 ,
422 3113 506 3164 49.
536 3137 605 3148 -
625 3111 929 3176 Voluptates
951 3112 1015 3160 ab
1035 3127 1094 3161 eo
1116 3129 1232 3162 vere

296 3181 461 3230 dictae
480 3189 597 3230 sunt
615 3181 883 3230 illecebrae
910 3188 1059 3244 atque
1084 3197 1231 3231 escae

294 3249 559 3309 malorum,
580 3249 768 3315 fragm.
792 3265 843 3315 p.
866 3249 986 3300 284.
1010 3277 1076 3286 -
1092 3251 1231 3310 Quae

295 3318 359 3366 de
384 3318 512 3366 bene
540 3319 784 3380 beateque
813 3319 1029 3368 vivendo
1060 3335 1091 3368 a
1118 3320 1232 3368 Pla-

292 3394 410 3433 tone
461 3385 719 3449 disputata
778 3393 894 3436 sunt
916 3423 929 3448 ,
984 3388 1233 3452 explicari

294 3452 515 3514 placebit
531 3453 733 3512 Latine,
753 3455 815 3502 de
838 3454 923 3502 fin.
950 3453 997 3516 1,
1018 3456 1070 3514 2,
1089 3455 1138 3503 5.
1164 3453 1233 3490 -’

1134 196 1386 244 PLATO.

1375 352 1483 411 Quo
1515 350 1667 400 modo
1701 350 1883 399 Latine
1917 351 1984 400 sit
2019 357 2324 401 converten-

1371 422 1497 479 duS,
1537 421 1610 473 Ib.
1647 418 1701 477 1,
1737 418 1796 479 3,
1829 422 1880 472 7.
1912 419 2323 485 ——Pythagoras

1375 492 1620 555 primum,
1643 488 1826 538 deinde
1845 487 1985 538 Plato
2005 490 2242 538 animum
2271 493 2322 539 in

1374 561 1501 610 duas
1529 564 1704 623 partes
1735 558 1948 621 dividit,
1987 558 2203 607 alteram
2239 574 2321 608 ra-

1371 630 1525 677 tionis
1564 628 1868 692 participem
1907 626 2057 687 facit,
2098 628 2321 677 alteram

1373 704 1664 763 expertem,
1707 696 1759 745 in
1803 697 2054 761 participe
2102 698 2320 746 rationis

1363 766 1520 831 ponit
1562 764 2010 827 tranquillitatem,
2063 767 2119 813 in
2161 766 2321 815 altera

1374 844 1540 885 motus
1583 834 1810 883 turbidos
1857 850 2010 897 quum
2064 836 2174 883 irae
2211 842 2317 883 tum

1375 904 1696 969 cupiditatiS,
1727 902 1933 956 Tuscnl.
1960 906 2019 962 4,
2047 903 2109 963 5,
2145 903 2228 953 10.
2254 932 2318 940 -—

1372 973 1514 1023 Plato
1567 973 1822 1038 triplicem
1877 972 2022 1021 finxit
2069 974 2314 1034 animum,

1375 1044 1518 1091 cuius
1537 1043 1877 1107 principatum
1896 1080 1911 1106 ,
1946 1042 1999 1091 id
2025 1050 2129 1103 est,
2165 1046 2315 1091 ratio-

1373 1126 1487 1159 nem
1509 1114 1561 1160 in
1585 1112 1764 1174 capite,
1786 1111 1918 1159 sicut
1937 1109 1988 1158 in
2010 1125 2124 1159 arce
2143 1114 2315 1179 posuit

1375 1190 1424 1229 et
1464 1181 1590 1229 duas
1630 1186 1798 1244 partes
1838 1180 1887 1228 ei
1921 1194 2103 1243 parere
2138 1182 2313 1243 voluit,

1374 1251 1498 1298 iram
1538 1258 1586 1299 et
1624 1249 1980 1313 cupiditatem,
2026 1264 2156 1312 quas
2191 1250 2314 1300 locis

1375 1319 1638 1377 disclusit,
1673 1319 1802 1368 iram
1825 1319 1876 1369 in
1906 1326 2142 1383 pectore,
2175 1321 2313 1383 cupi-

1376 1389 1581 1437 ditatem
1603 1388 1777 1439 subter
1795 1390 2096 1451 praecordia
2113 1388 2313 1447 locavit,

1376 1458 1448 1510 lb.
1474 1458 1523 1521 1,
1547 1458 1626 1519 10,
1648 1458 1732 1508 20.
1755 1483 1823 1493 -—-
1843 1458 2060 1507 Animus
2076 1465 2182 1507 tres
2205 1472 2314 1522 par-

1377 1538 1452 1576 tes
1471 1528 1651 1587 habet,
1682 1535 1736 1575 ut
1757 1526 1954 1577 Platoni
1976 1527 2202 1591 placuit,
2237 1542 2314 1575 ra-

1377 1598 1549 1662 tioniS,
1571 1600 1698 1659 irae,
1721 1596 2030 1660 cupiditatiS‚
2047 1596 2214 1645 Acad.
2239 1612 2311 1660 pr.

1376 1668 1408 1715 2
1426 1702 1440 1725 ‚
1470 1666 1554 1724 39,
1578 1666 1695 1717 124.
1723 1692 1787 1701 --
1807 1666 1922 1714 Fuit
1943 1666 2042 1715 iam
2062 1674 2268 1729 accepta
2289 1679 2318 1713 a

1374 1734 1582 1784 Platone
1627 1734 2025 1798 philosophandi
2061 1735 2195 1783 ratio
2231 1735 2316 1783 tri-

1376 1804 1527 1868 plex:
1558 1818 1661 1852 una
1678 1804 1744 1853 de
1765 1805 1872 1853 vita
1891 1810 1938 1851 et
1955 1803 2214 1863 moribus,
2249 1802 2334 1861 al·-

1373 1881 1484 1923 tera
1519 1874 1582 1923 de
1607 1880 1788 1921 natura
1819 1880 1867 1921 et
1902 1873 2053 1921 rebus
2083 1872 2315 1934 occultis,

1375 1945 1522 1994 tertia
1550 1945 1612 1994 de
1653 1943 1944 1992 disserendo
1983 1951 2032 1992 et
2069 1943 2195 2004 quid
2237 1957 2318 1991 ve-

1376 2028 1487 2062 rum
1502 2051 1515 2072 ,
1538 2013 1661 2076 quid
1686 2011 1872 2062 falsum
1889 2049 1902 2072 ,
1921 2012 2082 2060 Acad.
2107 2018 2243 2076 post.
2270 2012 2316 2073 1,

1375 2080 1436 2142 5,
1468 2081 1552 2132 19.
1585 2109 1654 2118 -
1691 2082 1770 2131 Ab
1797 2097 1856 2134 eo
1879 2087 2181 2144 usurpatum
2205 2095 2316 2129 voc.

1376 2142 1526 2210 ἰδέα,
1546 2151 1616 2200 lb.
1640 2152 1689 2210 1,
1711 2150 1761 2210 8,
1789 2149 1873 2202 30.
1899 2138 2158 2205 -Ἰδέας
2179 2149 2320 2197 miri-

1375 2217 1468 2268 fice
1515 2228 1620 2270 erat
1671 2219 2018 2284 amplexuum,
2071 2219 2201 2268 utin
2256 2219 2319 2265 iis

1379 2289 1620 2349 quiddam
1670 2289 1897 2338 divinum
1944 2303 2055 2337 esse
2106 2289 2319 2348 diceret,

1378 2356 1452 2405 Ib.
1496 2359 1551 2418 1,
1585 2358 1646 2422 9,
1677 2356 1761 2408 33.
1794 2384 1861 2392 -
1891 2357 2116 2407 Platonis
2147 2351 2318 2417 ἰδέαι,

1379 2431 1504 2476 orat.
1535 2425 1629 2486 29,
1668 2425 1786 2478 101.
1813 2457 1870 2467 -
1899 2425 2090 2475 Rerum
2124 2425 2320 2476 formas

1376 2495 1602 2558 appellat
1653 2489 1808 2551 ἰδέας
1845 2495 1932 2544 ille
1983 2509 2082 2546 non
2131 2495 2322 2544 intelli·

1375 2565 1528 2628 gendi
1564 2563 1756 2628 solum,
1801 2565 1892 2612 sed
1925 2564 2077 2613 etiam
2113 2564 2322 2613 dicendi

1374 2634 1711 2696 gravissimus
1759 2640 1935 2683 auctor
1975 2641 2024 2681 et
2071 2634 2322 2698 magister

1373 2700 1518 2750 Plato
1536 2739 1549 2764 ,
1585 2709 1712 2754 orat.
1733 2705 1784 2759 2,
1809 2701 1892 2751 10.
1913 2727 1982 2738 -
2001 2701 2143 2750 Plato
2166 2715 2318 2752 omne

1373 2770 1618 2819 iudicium
1667 2771 1896 2820 veritatis
1947 2772 2319 2832 veritatemque

1370 2839 1536 2900 ipsam
1581 2839 1845 2888 abductam
1883 2840 1945 2888 ab
1982 2840 2317 2904 opinionibus

1369 2914 1417 2954 et
1451 2922 1481 2955 a
1515 2907 1750 2956 sensibus
1788 2908 2113 2971 cogitationis
2150 2908 2320 2972 ipsius

1370 2983 1419 3023 et
1447 2977 1634 3024 mentis
1663 2990 1776 3026 esse
1805 2977 1993 3036 voluit,
2033 2977 2195 3029 Acad.
2234 2991 2318 3040 pr.

1368 3045 1418 3102 2,
1451 3042 1548 3104 46,
1582 3043 1701 3094 142.
1722 3072 1793 3082 --
1820 3045 1960 3095 Plato
1985 3053 2033 3094 et
2059 3045 2320 3110 P5thago-

1371 3128 1473 3173 rae,
1501 3129 1600 3176 quo
1621 3114 1672 3162 in
1693 3115 1886 3164 somnis
1905 3115 2121 3164 certiora
2140 3114 2320 3162 videa-

1371 3196 1510 3243 mus,
1545 3192 1878 3247 *praeparatos
1916 3183 2135 3245 quodam
2175 3181 2320 3230 cultu

1371 3258 1522 3313 atque
1541 3252 1677 3301 victu
1698 3252 1948 3316 proficisci
1967 3252 2035 3302 ad
2059 3251 2322 3301 dormien-

1373 3319 1494 3367 dum
1514 3320 1716 3380 iubent,
1750 3319 1812 3369 de
1835 3321 1989 3369 divin.
2011 3321 2064 3380 2,
2083 3320 2169 3380 58,
2195 3317 2318 3369 119.

1365 3386 1514 3434 Plato
1545 3380 1832 3452 ’μαντικὴν
1873 3403 1905 3436 a
1940 3389 2110 3437 furore
2147 3388 2320 3446 duxit,

1372 3455 1426 3503 Ib
1474 3455 1520 3514 1,
1545 3455 1592 3514 1,
1619 3455 1668 3506 1.
1689 3458 1813 3505 -Α
1832 3455 2042 3507 Platone
2061 3463 2109 3506 et
2129 3457 2324 3506 Demo·
