2500 3850
713 241 786 286 M.
823 237 1118 285 TULLIUS
1152 239 1224 284 M.
1261 237 1326 311 r.
1356 237 1429 285 M.
1460 237 1528 284 N.
1562 235 1834 285 menno.
2201 225 2325 287 405

362 397 428 452 A.
462 413 515 448 ιι.
552 412 597 449 c.
629 395 749 447 665.
783 402 878 468 aet.
913 393 1098 444 XVIII.
1119 394 1245 442 iuris

296 467 462 517 civilis
480 466 649 515 studio
667 465 880 514 multum
894 477 1079 527 operae
1094 463 1246 512 dabat

300 537 360 595 Q.
381 534 658 584 Scaevolae
689 533 766 592 Q.
785 533 842 586 F.
878 533 1080 597 auguri,
1103 533 1242 581 Brut.

297 604 367 654 89
382 641 395 663 ,
418 603 560 663 306,
581 603 646 652 ad
674 617 820 665 quem
847 616 1020 650 senem
1041 616 1071 649 a
1100 607 1244 666 patre

296 676 369 724 ita
387 681 494 722 erat
513 672 778 730 deductus,
803 678 856 720 ut
877 671 1045 732 quoad
1069 677 1245 734 posset

296 750 345 792 et
365 741 538 791 liceret
558 742 621 790 ab
653 742 762 789 eius
794 741 950 789 latere
969 753 1242 801 numquam

295 811 612 871 discederet,
646 811 708 858 de
731 823 829 857 am.
855 808 912 867 1,
946 809 991 856 1.
1020 834 1082 844 —
1101 807 1245 856 Hunc

293 881 418 930 vidit
452 878 586 930 bello
630 879 872 937 Marsico,
920 890 1073 938 quum
1112 885 1245 926 esset

295 964 497 998 summa
527 955 786 998 senectute
808 953 856 994 et
887 945 1086 1010 perdita
1103 945 1244 995 vale-

295 1019 489 1075 tudiue,
509 1017 693 1066 cotidie
718 1016 884 1067 facere
906 1014 1140 1064 omnibus
1159 1017 1239 1064 sui

295 1087 632 1136 conveniendi
656 1091 953 1151 potestatem
969 1120 982 1143 ,
1015 1083 1238 1148 Philipp.

295 1155 346 1217 8,
370 1154 452 1217 10,
474 1155 557 1208 31.
581 1155 782 1220 —Ipse
803 1155 853 1202 in
879 1152 1007 1202 bello
1026 1153 1241 1202 Marsico

293 1225 388 1273 tiro
426 1225 521 1274 suit
551 1225 603 1273 in
637 1223 728 1272 Gn.
763 1221 996 1286 Pompeii
1021 1222 1242 1271 consulis

295 1295 549 1357 exercitu,
583 1295 652 1342 ib.
683 1293 763 1352 12,
789 1291 868 1350 11,
889 1292 974 1340 27.

364 1365 425 1411 A.
461 1378 508 1411 u.
539 1377 583 1410 c.
621 1361 742 1412 666.
785 1358 929 1409 Sulla
961 1357 1168 1408 consule
1195 1366 1242 1406 et

296 1430 536 1495 Pompeio
569 1431 622 1479 P.
655 1428 867 1493 Sulpicii
900 1429 952 1475 in
987 1428 1244 1477 tribunatu

297 1500 484 1549 cotidie
517 1497 855 1548 contionantis
888 1505 1046 1545 totum
1083 1510 1244 1560 genus

299 1569 502 1618 dicendi
521 1567 726 1634 penitus
743 1566 979 1631 cognovit
999 1603 1012 1628 ‚
1039 1567 1243 1617 eodem-

298 1653 397 1700 que
415 1645 660 1701 tempore‚
683 1650 836 1698 quum
853 1635 1093 1700 princeps
1115 1636 1243 1684 Aca-

299 1707 495 1756 demiae
523 1705 666 1754 Philo
709 1719 826 1755 cum
855 1703 1243 1754 Atheniensium

297 1775 624 1840 optimatibus
643 1775 794 1823 domo
814 1772 1125 1838 profugisset
1144 1773 1243 1823 Ro-

269 1891 274 1894 .
297 1859 530 1906 mamque
553 1843 798 1900 venisset,
821 1849 980 1893 totum
999 1842 1046 1890 ei
1067 1857 1120 1890 se
1141 1850 1242 1890 tra-

297 1913 425 1964 didit
443 1913 730 1963 admirabili
749 1912 967 1975 quodam
990 1911 1056 1961 ad
1075 1911 1242 1977 philo-

297 1983 532 2049 sophiam
564 1982 732 2032 studio
757 1984 1035 2031 concitatus
1053 1984 1071 2041 ‚'
1101 1980 1238 2033 Brut,

293 2052 376 2105 89,
397 2050 517 2105 306.
558 2054 620 2103 de
649 2050 770 2103 uad.
794 2050 841 2111 l,
867 2050 915 2115 3,
937 2050 990 2101 6.
1033 2050 1236 2100 Tuscul.

293 2124 342 2180 2,
365 2121 416 2182 3,
438 2120 487 2171 9.
517 2148 584 2157 --
606 2121 710 2171 Hoc
732 2120 836 2169 fere
856 2127 1085 2184 tempore
1105 2136 1135 2169 a
1161 2119 1240 2169 Ci-

299 2205 480 2239 cerone
533 2190 807 2239 admodum
862 2188 1239 2239 adolescentulo

295 2259 518 2308 carmina
566 2259 738 2318 Arati,
793 2258 1143 2321 phaenomena
1192 2266 1240 2307 et

294 2329 622 2392 prognostica
643 2341 772 2389 quae
803 2328 1176 2387 inscribuntur,
1211 2343 1238 2376 e

299 2396 492 2446 Graeco
514 2397 564 2445 in
583 2396 816 2445 Latinum
839 2411 1082 2447 conversa
1101 2404 1236 2457 sunt,

296 2466 359 2516 de
378 2479 428 2512 ιι.
451 2465 500 2513 d.
524 2466 572 2521 2,
593 2465 679 2527 41,
704 2463 818 2514 104.
845 2466 917 2517 Ib.
941 2464 1095 2529 263,
1120 2465 1236 2516 159.
1262 2464 1269 2471 “

295 2533 456 2582 Acad.
482 2548 557 2597 pr.
582 2534 642 2597 2,
663 2534 758 2592 20‘,
783 2532 868 2584 66.
909 2533 972 2583 de
993 2534 1094 2599 leg.
1115 2537 1165 2597 2,
1187 2534 1239 2595 3,

294 2604 345 2651 7.
371 2602 435 2652 de
459 2602 618 2651 divin.
647 2602 692 2659 1,
719 2601 798 2663 18,
826 2601 907 2653 13.
929 2603 1001 2652 Ib.
1018 2604 1069 2664 2,
1085 2602 1135 2666 5,
1154 2603 1234 2652 14.

367 2672 430 2720 Α.
463 2687 514 2719 ιι.
549 2686 592 2723 c.
611 2670 731 2723 667.
769 2678 868 2719 aet.
897 2671 1015 2721 XX.
1049 2672 1239 2721 Moloni

291 2740 494 2791 Rhodio
528 2739 721 2789 Romae
759 2740 902 2790 dedit
943 2755 1152 2805 operam
1191 2749 1240 2789 et

297 2810 456 2859 actori
479 2824 676 2858 summo
705 2824 968 2859 causarum
1000 2819 1048 2859 et
1075 2812 1239 2877 magi-

296 2887 430 2942 stro,
458 2878 592 2928 Brut.
617 2877 704 2939 89,
727 2878 846 2931 307.

364 2948 427 2996 Α.
467 2963 518 2998 ιι.
561 2964 606 3000 c.
645 2946 763 2999 668.
801 2955 903 3001 aet.
939 2948 1078 2998 XXI.
1130 2949 1237 2999 Hoc

291 3026 520 3081 tempore
551 3017 760 3082 scripsit
782 3018 954 3069 Cicero
986 3018 1239 3069 rhetorica

293 3088 573 3151 quaedam,
607 3102 699 3136 nec
721 3094 890 3137 tamen
921 3095 976 3137 ut
1006 3088 1239 3137 absoluta

295 3163 344 3205 et
364 3156 584 3220 perfecta
601 3171 662 3205 ea
681 3157 781 3221 ipsi
801 3172 914 3217 esse
930 3158 1236 3217 viderentur,

297 3240 422 3286 quos
475 3226 632 3275 libros
683 3226 785 3275 sibi
841 3228 910 3275 ait
961 3240 1119 3291 puero
1175 3242 1236 3275 ex

296 3293 722 3343 commentariolis
750 3296 858 3344 suis
884 3295 1147 3344 inchoatos
1179 3310 1238 3344 ac

297 3362 449 3410 rudes
475 3363 751 3424 excidisse,
781 3364 846 3413 de
867 3374 994 3415 orat.
1021 3365 1045 3414 1
1063 3398 1078 3425 ,
1107 3366 1158 3423 2,
1179 3364 1233 3418 5.

297 3429 431 3479 Vide
460 3430 596 3479 infra
622 3432 689 3481 ad
729 3447 776 3485 a.
813 3448 863 3480 u.
896 3448 941 3481 c.
977 3431 1095 3485 674.
1143 3435 1240 3483 Per

297 3496 394 3548 hoc
413 3498 687 3549 triennium
713 3515 758 3550 a.
780 3516 832 3549 u.
853 3517 898 3550 c.
919 3500 1236 3563 668-6700

1385 393 1570 459 quibus
1611 391 1751 442 Sulla
1789 392 1972 441 absens
2015 391 2199 441 bellum
2238 391 2333 440 Mi-

1384 461 1711 512 thridaticum
1729 460 1906 524 gessit,
1928 459 2070 510 Marii
2092 467 2259 510 autem
2282 469 2331 510 et

1384 529 1571 580 Cinnae
1612 530 1832 580 factione
1869 529 2048 579 civitas
2094 537 2199 579 erat
2236 545 2343 595 op-.

1382 615 1561 664 pressa
1578 635 1592 660 ‚
1625 606 1799 648 noctes
1833 604 1881 646 et
1902 597 2010 648 dies
2031 599 2083 646 in
2103 600 2329 648 omnium

1384 670 1722 718 doctrinarum
1744 666 2070 717 meditatione
2089 662 2331 717 versaba-

1380 745 1479 788 tur.
1516 737 1635 786 Erat
1654 753 1769 787 cum
1790 735 1963 786 Stoico
1983 734 2217 798 Diodoto,
2242 737 2329 799 qui

1382 806 1631 858 habitavit
1676 806 1814 870 apud
1861 821 1977 855 eum
2014 820 2131 854 cum
2168 821 2329 868 eoque

1385 877 1537 926 etiam
1568 884 1748 942 postea
1780 873 1921 923 vixit.
1961 875 2007 924 A
2040 889 2139 937 quo
2171 890 2326 937 quum

1382 946 1436 995 in
1478 945 1593 996 aliis
1626 945 1779 994 rebus
1816 951 1918 992 tum
1960 944 2329 994 studiosissime

1384 1017 1437 1064 in
1484 1015 1753 1064 dialectica
1794 1010 2140 1064 exercebatur.
2198 1013 2328 1064 Huic

1383 1084 1580 1134 doctori
1612 1091 1661 1133 et
1690 1082 1800 1132 eius
1836 1083 2031 1132 artibus
2065 1083 2218 1131 variis
2250 1089 2327 1130 at-

1382 1167 1479 1215 que
1498 1151 1669 1202 multis
1690 1153 1760 1202 ita
1778 1159 1945 1200 tamen
1964 1157 2071 1200 erat
2100 1151 2325 1209 dedituS,

1379 1229 1436 1270 ut
1486 1222 1549 1271 ab
1596 1220 2042 1272 exercitationibus
2094 1221 2327 1272 oratoriis

1381 1289 1551 1339 nullus
1590 1291 1699 1340 dies
1740 1303 1933 1338 vacuus
1970 1295 2118 1338 esset.
2178 1287 2327 1339 Com-

1382 1361 1699 1408 mentabatur
1772 1357 2100 1407 declamitans
2171 1372 2325 1422 saepe

1384 1443 1500 1478 cum
1534 1425 1602 1475 M.
1640 1425 1823 1475 Pisone
1862 1433 1911 1474 et
1946 1441 2061 1474 cum
2091 1425 2148 1483 Q.
2178 1427 2325 1476 Pom-

1382 1497 1497 1562 peio
1532 1501 1619 1544 aut
1654 1509 1767 1543 cum
1796 1493 1966 1557 aliquo
1999 1495 2209 1555 cotidie,
2247 1496 2325 1545 id-

1384 1581 1482 1629 que
1504 1563 1721 1614 faciebat
1756 1563 1969 1613 multum
2004 1565 2158 1613 etiam
2188 1565 2326 1614 Lati-

1382 1651 1445 1684 ne
1462 1671 1476 1698 ,
1510 1634 1604 1684 sed
1622 1630 1810 1682 Graece
1829 1633 2061 1698 saepius,
2093 1632 2172 1683 vel
2190 1633 2327 1696 quod

1384 1703 1576 1754 Graeca
1620 1702 1779 1751 oratio
1840 1701 1985 1766 plura
2034 1711 2327 1752 ornamenta

1382 1773 1715 1838 suppeditans
1746 1771 2163 1822 consuetudinem
2182 1773 2325 1822 simi·
2351 1767 2357 1772 ’

1385 1844 1495 1891 liter
1512 1840 1688 1890 Latine
1708 1840 1913 1890 dicendi
1931 1841 2225 1902 adferebat,
2245 1841 2326 1890 vel

1384 1911 1518 1975 quod
1553 1926 1583 1961 a
1616 1907 1825 1960 Graecis
1860 1911 2069 1960 summis
2105 1911 2327 1961 doctori·

1385 1984 1506 2042 bus,
1546 1980 1646 2029 nisi
1683 1977 1873 2029 Graece
1908 1980 2125 2040 diceret,
2162 1994 2329 2043 neque

1384 2049 1563 2115 corrigi
1584 2056 1759 2113 posset
1777 2064 1938 2111 neque
1958 2049 2155 2110 doceri,
2178 2049 2323 2101 Brut.

1381 2118 1466 2183 90,
1488 2117 1609 2171 309.
1622 2144 1691 2157 -—
1710 2116 1811 2167 Cur
1829 2119 1896 2167 ad
1914 2117 2133 2168 Graecos
2153 2121 2328 2183 potius

1380 2190 1609 2239 rhetores
1634 2203 1690 2237 se
1722 2187 2043 2247 contulisset,
2079 2202 2228 2251 quam
2259 2188 2325 2237 ad

1380 2260 1591 2309 Latinos
1646 2258 1759 2324 ipse
1812 2256 2031 2324 explicat
2050 2294 2065 2319 ,
2134 2257 2320 2323 fragm.

1380 2344 1432 2394 p.
1452 2328 1572 2379 255.
1598 2352 1661 2362 -
1690 2326 1878 2375 Eodem
1901 2335 2125 2390 tempore
2151 2325 2324 2375 Cicero

1380 2395 1733 2461 Xenophontis
1749 2393 2135 2445 Oeconomicum
2156 2394 2207 2442 in
2226 2395 2325 2443 La-

1380 2468 1541 2515 tinum
1562 2464 1837 2523 convertit,
1870 2464 1931 2513 de
1951 2462 2036 2513 off.
2058 2465 2107 2522 2,
2127 2464 2212 2524 24,
2232 2463 2319 2516 87.

1382 2562 1448 2571 —-
1470 2534 1742 2596 Aliquanto
1760 2540 1875 2597 post
1895 2534 2181 2595 composuit
2198 2534 2324 2597 poe-

1384 2620 1467 2654 ma
1486 2604 1550 2652 de
1570 2601 1758 2663 Mario,
1782 2602 1845 2651 de
1866 2602 1966 2667 leg.
2000 2601 2049 2662 l,
2078 2601 2102 2650 1
2124 2637 2139 2665 ‚
2173 2602 2224 2650 2.
2254 2600 2323 2653 cl.

1383 2675 1445 2723 de
1467 2672 1625 2722 divin.
1653 2671 1701 2729 1,
1721 2672 1807 2737 47,
1833 2669 1949 2722 106.

1454 2742 1514 2791 Α.
1536 2757 1591 2793 ιι.
1616 2755 1659 2789 c.
1678 2738 1797 2791 673.
1830 2750 1928 2793 aet.
1964 2738 2151 2791 XXVI.
2177 2756 2325 2789 recu-

1378 2818 1555 2878 perata
1590 2823 1683 2874 per
1720 2807 1912 2859 Sullam
1953 2824 2009 2859 re
2046 2808 2186 2875 publ.
2219 2810 2325 2874 pri-

1379 2896 1519 2931 mum
1538 2878 1710 2929 Cicero
1732 2880 1797 2929 ad
1817 2893 1999 2929 causas
2018 2886 2064 2929 ct
2096 2879 2326 2941 privatas

1380 2960 1428 3001 et
1447 2948 1675 3015 publicas
1695 2948 1836 2999 adire
1856 2949 2022 3013 coepit
2036 2986 2049 3007 ,
2073 2947 2209 2995 Brut.
2234 2946 2321 3010 90,

1378 3019 1498 3071 311.
1520 3046 1590 3055 --
1608 3018 1669 3066 Et
1694 3017 1793 3067 hoc
1824 3030 1955 3065 anno
1982 3030 2187 3065 causam
2217 3017 2325 3080 pri-

1376 3096 1546 3138 vatam
1585 3101 1677 3150 pro
1714 3088 1771 3137 P.
1812 3085 2047 3145 Quinctio
2086 3086 2224 3149 apud
2264 3085 2323 3135 C.
2409 3130 2414 3134 .

1378 3156 1641 3219 Aquilium
1676 3154 1873 3205 Gallum
1917 3154 2134 3204 iudicem
2172 3154 2324 3217 dixit,

1378 3240 1469 3290 pro
1496 3224 1697 3283 Quinct.
1722 3225 1771 3283 1,
1801 3224 1827 3273 1
1848 3240 1959 3287 sqq.

1450 3294 1513 3344 Α.
1544 3310 1599 3343 ιι.
1634 3310 1679 3343 c.
1716 3292 1835 3344 674.
1869 3302 1965 3342 aet.
2000 3293 2210 3343 XXVII.
2244 3291 2324 3340 Ci-

1380 3378 1496 3413 cero
1518 3362 1639 3416 Sex.
1669 3362 1913 3412 Roscium
1945 3362 2239 3411 Amerinum
2266 3360 2324 3408 fi-

1379 3433 1504 3482 lium
1526 3430 1789 3497 parricidii
1803 3446 1941 3481 reum
1967 3432 2209 3491 defendit,
2223 3445 2325 3492 qua

1380 3516 1535 3552 causa
1554 3502 1761 3567 publica
1781 3502 1947 3567 prima
1968 3514 2061 3567 pro
2082 3499 2200 3551 Sex.
2222 3500 2325 3549 Ro·
