2500 3850
271 199 396 262 434
484 215 559 262 ιι.
591 212 935 260 VALERms
969 211 1289 260 MESSALA
1310 231 1397 246 —--
1418 213 1480 258 P.
1506 209 1848 258 VALERIUS
1878 210 2288 259 Pnnmcom.

333 385 428 435 pro
453 367 575 421 Sex.
597 367 787 417 Naevio
811 365 1028 416 Messala
1048 369 1276 432 suscepit

337 437 761 495 adolescentuluS,
793 453 840 488 a.
863 452 913 485 u.
941 452 984 489 c.
1011 436 1152 498 674„
1184 451 1274 501 pro

335 505 455 558 Sex.
479 506 663 556 Roscio
693 505 778 569 51,
813 503 930 557 149.
957 531 1027 540 --
1055 506 1120 556 M.
1143 506 1276 554 Mes-

335 575 444 626 sala
463 573 621 640 Niger
651 574 946 637 deprecatus
973 583 1050 623 est
1071 575 1277 624 Cicero·-

333 659 470 708 nem,
501 658 595 710 pro
614 645 669 693 P.
692 641 840 692 Sulla
857 644 911 703 6,
931 642 1020 694 20.
1040 669 1111 678 --
1128 643 1277 692 Prae-

331 721 499 764 turam
536 714 740 778 petebat
778 710 1018 761 Cicerone
1065 710 1279 761 consule

333 797 385 836 a.
414 799 466 832 u.
494 799 537 832 c.
559 781 700 843 691„
730 782 802 830 Ib.
832 781 916 842 14,
945 781 1032 833 42.
1056 805 1127 816 --
1152 779 1273 835 Cos.

333 852 503 902 factus
523 866 568 900 a.
589 866 638 898 u.
664 867 709 898 c.
733 847 856 901 693.
885 865 1000 899 cum
1021 850 1089 903 M.
1112 849 1275 914 Pupio

331 921 534 980 Pisone,
562 920 627 969 ad
651 923 751 971 Att.
779 920 826 979 l,
851 919 934 976 12,
953 919 1005 967 4.
1025 945 1097 955 —-
1116 920 1172 967 In
1195 920 1279 970 Ci-

335 1003 569 1040 ceronem
618 987 1015 1053 perhonorificus
1063 995 1114 1037 et
1161 1002 1279 1052 par-

332 1060 459 1108 tium
490 1056 748 1106 studiosus
777 1071 836 1104 ac
863 1055 1101 1107 defensor
1117 1056 1278 1105 bona-

335 1142 448 1176 rum
465 1140 641 1176 severe
653 1125 760 1189 egit
773 1125 821 1172 iu
837 1138 992 1173 causa
1006 1124 1274 1186 Clodiana,

333 1196 410 1246 Ib.
452 1196 512 1254 1,
554 1193 646 1252 13,
684 1195 738 1245 2.
798 1192 860 1242 cl.
896 1193 966 1246 ib.
999 1194 1055 1255 1,
1094 1193 1184 1252 14,
1217 1195 1269 1246 6.

333 1291 404 1302 -—-
438 1261 660 1314 Messala
698 1261 876 1312 consul
909 1263 969 1312 in
997 1269 1178 1312 senatu
1211 1262 1275 1312 de

334 1333 576 1399 Pompeio
616 1331 870 1395 quaesivit
905 1331 1028 1394 quid
1068 1331 1131 1381 de
1161 1329 1277 1381 Clo-

336 1404 488 1453 diana
514 1401 762 1467 religione
790 1408 838 1450 et
873 1401 936 1451 de
955 1399 1276 1466 promulgata

333 1473 598 1538 rogatione
629 1471 853 1530 sentiret,
895 1469 1047 1529 Ib.l,
1095 1469 1177 1530 14,
1217 1473 1268 1520 2.

331 1566 403 1577 ——
415 1541 489 1590 De
511 1541 622 1590 eius
636 1537 878 1589 facultate
891 1506 1109 1602 dicen’di,
1133 1539 1271 1587 Brut.

332 1609 420 1669 70,
450 1608 569 1660 246.
591 1635 663 1644 ——
689 1606 907 1657 Messala
934 1608 992 1666 Q.
1021 1606 1274 1657 Ciceronis

333 1677 591 1729 studiosus
623 1692 671 1726 a.
701 1691 752 1726 ιι.
780 1691 825 1724 c.
853 1674 998 1736 696..
1032 1676 1100 1725 ad
1123 1675 1183 1736 Q.
1207 1675 1275 1727 fr.

336 1747 384 1806 1,
423 1743 472 1806 3,
510 1744 561 1795 9.
590 1771 661 1780 --
688 1745 752 1794 Μ.
786 1743 1006 1794 Messala
1039 1744 1275 1809 pontifex

334 1831 383 1868 a.
411 1830 464 1863 u.
492 1829 534 1864 c.
561 1812 703 1873 697„
731 1815 794 1864 de
819 1813 1029 1878 harusp.
1059 1829 1195 1878 resp.
1217 1813 1271 1874 6,

334 1885 418 1935 12.
447 1907 519 1919 ——
547 1882 768 1934 Messala
786 1882 1063 1934 consularis
1083 1898 1130 1933 a.
1153 1898 1206 1933 u.
1226 1899 1271 1934 c.

331 1953 452 2007 697.
481 1954 629 2003 adest
648 1954 698 2002 in
723 1963 920 2018 senatu,
939 1968 1093 2015 quum
1113 1953 1178 2004 de
1195 1953 1274 2002 rei

333 2024 696 2073 frumentariae
741 2028 988 2087 potestate
1031 2022 1272 2087 Pompeio

332 2091 650 2143 decernenda
688 2098 940 2156 ageretur,
979 2092 1044 2141 ad
1079 2093 1181 2144 Att.
1216 2091 1271 2153 4,

335 2162 384 2220 1,
413 2161 465 2211 6.

261 2228 340 2281 M.
376 2224 630 2277 Valerius
655 2225 924 2277 Messala.
973 2226 1193 2277 Messala
1224 2234 1273 2276 et

331 2298 582 2347 Domitius
615 2295 854 2346 Calvinus
886 2296 1184 2360 competitor
1211 2296 1274 2345 li-

331 2366 518 2419 beralis
547 2365 600 2415 in
629 2365 818 2431 populo
840 2365 992 2415 valde
1019 2364 1114 2414 fuit
1141 2380 1188 2417 a.
1215 2382 1269 2414 ιι.

333 2454 382 2489 c.
401 2437 544 2493 700.,
564 2436 628 2485 ad
653 2438 753 2485 Att.
781 2437 831 2495 4,
857 2435 938 2496 16,
958 2434 1008 2485 6
1020 2434 1273 2484 —Accu-

335 2516 474 2557 satus
495 2522 525 2555 a
545 2506 605 2567 Q.
621 2506 862 2570 Pompeio
885 2504 1035 2566 Rufo,
1060 2504 1133 2557 Ib.
1151 2504 1203 2566 S.
1215 2503 1269 2554 8.

330 2604 402 2613 -
426 2578 549 2626 Eius
585 2576 780 2641 copiae,
822 2576 896 2629 ΙΙ).
929 2576 980 2629 4,
1010 2574 1095 2637 17,
1125 2576 1176 2623 2.
1201 2596 1275 2607 —-

330 2646 613 2695 Accusatus
633 2645 695 2694 de
715 2644 922 2699 ambitu,
941 2644 1016 2705 lb,
1037 2643 1087 2701 5,
1113 2641 1195 2700 12,
1217 2642 1269 2690 2.

330 2740 401 2749 --
437 2713 608 2763 Nihilo
644 2713 814 2761 minus
849 2712 980 2761 velle
1015 2712 1158 2761 visus
1195 2716 1273 2760 est

329 2782 603 2844 Pompeius
625 2793 773 2839 quam
799 2780 1066 2828 Messalam
1086 2795 1272 2828 cousu-

329 2848 488 2898 latum
516 2853 683 2909 petere
708 2860 753 2893 a.
787 2861 836 2894 u.
867 2862 908 2894 c.
943 2846 1084 2909 699.,
1117 2848 1188 2899 lb.
1217 2850 1269 2911 4,

327 2916 380 2975 9,
422 2917 474 2967 2,
495 2938 566 2949 —-·
593 2912 808 2962 Messala
833 2913 1040 2979 languet
1065 2916 1117 2961 in
1141 2917 1273 2979 peti-

329 2987 468 3035 tione
485 2981 776 3033 consulatus
804 2998 851 3031 a.
881 2998 932 3031 u.
960 2999 1006 3033 c.
1031 2982 1266 3044 700.,1b.

328 3056 378 3110 4,
403 3054 484 3111 15,
508 3054 557 3106 7.
579 3052 642 3101 cl.
667 3052 730 3101 ed
745 3052 805 3113 Q.
831 3050 897 3112 fr,
917 3053 966 3111 2,
991 3053 1055 3102 14
1075 3050 1170 3117 (15
1189 3050 1269 3116 b),

329 3124 380 3173 4.
403 3122 468 3172 cl.
489 3122 539 3184 3,
566 3124 612 3181 1,
634 3123 684 3174 5.
707 3125 755 3185 S.
781 3123 862 3172 16.
885 3149 958 3159 -
975 3122 1021 3169 Α
1043 3119 1101 3180 Q.
1122 3121 1272 3171 Pom-

329 3193 447 3255 peio
485 3190 616 3239 Rufo
651 3191 714 3240 de
741 3191 932 3240 ambitu
962 3189 1269 3254 postulatuS,

327 3261 402 3309 Ib.
437 3261 486 3321 3,
518 3261 568 3318 2,
602 3258 653 3307 3.
695 3259 758 3311 cl.
796 3262 860 3309 ad
883 3261 981 3308 Att.
1010 3260 1064 3319 4,
1101 3259 1183 3320 16,
1215 3259 1268 3309 8.

329 3328 402 3375 Ib.
430 3329 478 3385 3,
520 3327 568 3386 3,
609 3327 661 3378 2.
691 3352 761 3361 -
788 3328 858 3375 M.
882 3326 1116 3375 Valerius
1139 3326 1273 3376 Mes-

331 3394 438 3443 sala
467 3395 654 3442 sororis
674 3394 928 3441 Hortensii
957 3394 1088 3442 filius
1107 3396 1272 3444 ambi-

1416 382 1505 417 sus
1536 370 1599 417 ab
1626 367 1913 426 Hortensio,
1946 363 2128 414 consul
2156 381 2200 415 a.
2226 383 2274 415 u.
2300 383 2334 416 c.

1414 435 1555 494 701..
1590 436 1731 486 Brut.
1774 435 1871 498 96,
1910 434 2033 485 328.
2078 464 2149 474 -
2186 433 2341 484 Cicero

1416 504 1522 555 vult
1554 505 1822 556 Messalam
1863 503 2123 554 consulem
2156 502 2345 554 Caesari

1415 573 1705 636 conciliare,
1740 573 1806 623 ad
1836 571 1895 631 Q.
1926 572 1991 622 fr.
2022 571 2077 634 3,
2116 572 2168 631 8,
2199 573 2249 624 3.
2286 599 2345 610 -

1413 643 1534 692 Post
1566 640 1885 692 consulatum
1921 656 1968 689 a.
1995 656 2048 692 u.
2074 656 2120 689 c.
2145 640 2261 692 703.
2290 641 2345 690 de

1416 713 1609 762 ambitu
1643 717 1929 768 accusatus,
1972 709 2273 760 defendente
2292 709 2342 768 Q.

1413 780 1699 838 Hortensio,
1731 779 1841 828 eius
1863 778 2137 840 avunculo,
2161 779 2347 828 absolu-

1414 858 1515 910 tus,
1528 850 1712 900 deinde
1722 848 1837 914 lege
1846 847 2045 896 Licinia
2056 849 2346 898 condemna-

1414 927 1516 982 tus,
1538 917 1739 968 Caelius
1758 918 1825 966 ad
1846 916 1967 965 farn.
1993 917 2045 980 8,
2067 918 2121 976 2,
2148 919 2198 970 l.
2218 918 2287 966 Ib.
2300 917 2345 974 8,

1416 990 1474 1048 4,
1514 987 1560 1040 l.
1582 1017 1653 1026 —
1684 985 1823 1034 Sulla
1844 994 1893 1035 et
1913 985 2137 1034 Messala
2159 993 2347 1034 currunt

1418 1057 1485 1106 ad
1506 1055 1771 1106 Caesarem
1802 1054 1939 1119 pulsi
1970 1070 2003 1104 a
2027 1056 2277 1104 militibus
2305 1070 2346 1102 a.

1416 1141 1467 1176 u.
1495 1141 1541 1178 c.
1564 1124 1704 1185 707.,
1739 1125 1807 1174 ad
1834 1126 1939 1172 Att.
1980 1123 2065 1182 11,
2099 1125 2187 1183 22,
2219 1125 2268 1173 2.
2287 1150 2348 1159 -

1415 1195 1538 1244 Eius
1574 1194 1770 1243 litterae
1808 1193 1872 1242 de
1906 1192 1963 1241 Ρ.
1996 1190 2175 1244 Curtio
2206 1207 2235 1240 a
2264 1192 2342 1244 Gn.

1415 1264 1657 1328 Pompeio
1700 1262 1871 1328 Magni
1918 1259 2026 1310 filio
2072 1262 2345 1322 interfecte,

1372 1334 1480 1382 -ad
1502 1331 1625 1382 fam.
1646 1331 1698 1391 6,
1726 1331 1808 1389 18,
1828 1332 1880 1380 2.

1342 1353 1423 1452 M.
1462 1398 1717 1451 Valerius
1760 1398 2015 1450 Messala
2062 1397 2345 1457 Corvinus,

1415 1478 1610 1530 orator,
1653 1469 1741 1532 qui
1782 1470 1878 1518 sub
1916 1471 2155 1534 Augusto
2192 1468 2347 1518 clarus

1412 1539 1539 1598 fuit,
1584 1538 1755 1588 fautor
1793 1537 1997 1587 Tibulli.
2034 1563 2106 1574 ——
2142 1537 2348 1588 Messala

1412 1608 1613 1658 iuvenis
1635 1606 1851 1657 Athenis
1874 1616 1983 1656 erat
2010 1606 2215 1656 futurus
2236 1623 2279 1660 a.
2298 1621 2347 1654 ιι.

1414 1691 1459 1730 c.
1490 1674 1632 1737 709„
1668 1676 1737 1725 ad
1754 1678 1859 1725 Att.
1890 1675 1973 1734 12,
2007 1676 2095 1735 32,
2122 1677 2173 1726 2.
2196 1675 2345 1724 —De

1414 1745 1654 1796 Cicerone
1674 1744 1779 1794 filio
1798 1743 1951 1794 refert
1964 1744 2217 1794 mirabilia
2226 1744 2345 1794 Mes-

1414 1813 1521 1864 sala
1552 1829 1600 1864 a.
1632 1831 1685 1866 ιι.
1714 1830 1758 1864 c.
1794 1812 1933 1874 710„
1965 1815 2037 1863 Ib.
2066 1813 2149 1872 15,
2180 1813 2264 1874 17,
2298 1814 2342 1862 2.

1412 1883 1491 1934 lb.
1528 1883 1611 1945 16,
1646 1882 1712 1936 16
1732 1884 1817 1949 A„
1847 1885 1898 1935 5.
1939 1882 2034 1947 Ep.
2058 1883 2127 1933 ad
2143 1881 2279 1932 Brut.
2302 1882 2343 1944 1,

1415 1954 1499 2004 12.
1520 1978 1593 1991 —-
1621 1953 1983 2019 Amplissimae
2014 1954 2126 2002 eins
2157 1952 2345 2009 laudeS,

1346 2088 1414 2155 Q.
1450 2087 1705 2141 Valerius
1741 2089 1809 2156 Q.
1844 2088 1911 2139 F.
1946 2087 2110 2149 Orca,
2149 2096 2346 2154 praetor

1414 2175 1460 2208 a.
1478 2175 1529 2211 n.
1549 2176 1593 2213 c.
1609 2158 1730 2211 697.
1754 2160 1959 2211 favebat
1976 2158 2225 2233 Ciceroni,
2240 2168 2346 2223 post

1412 2229 1519 2278 red.
1542 2229 1596 2277 in
1606 2243 1722 2279 -.sen
1744 2227 1795 2288 9,
1826 2230 1914 2279 22.
1937 2254 2005 2263 -
2023 2228 2103 2277 Ex
2118 2235 2347 2291 praetura

1413 2297 1639 2349 Africam
1658 2298 1973 2363 provinciam
1994 2298 2216 2345 obtinuit
2235 2310 2282 2346 a.
2296 2312 2343 2346 u.

1414 2383 1462 2421 c.
1484 2365 1625 2429 698„
1648 2368 1713 2416 ad
1732 2366 1853 2416 fam.
1883 2366 1966 2427 13,
1988 2366 2039 2417 4.
2062 2374 2112 2415 et
2130 2364 2183 2415 6.
2215 2364 2349 2413 Post-

1412 2450 1473 2485 ea
1493 2450 1539 2485 a.
1562 2453 1613 2489 ιι.
1636 2452 1681 2485 c.
1702 2434 1823 2486 709.
1856 2434 2055 2499 legatus
2086 2448 2180 2499 pro
2208 2448 2349 2499 prae-

1411 2512 1521 2555 tore
1557 2520 1589 2555 a
1619 2503 1828 2555 Caesare
1859 2504 2187 2569 praepositus
2219 2506 2349 2568 agris

1414 2574 1723 2625 dividundis.
1763 2572 1847 2623 Ad
1875 2588 1989 2622 eum
2022 2573 2213 2621 missae
2241 2580 2351 2621 sunt

1411 2643 1479 2692 ad
1498 2642 1617 2696 fam.
1654 2643 1729 2695 13.
1754 2658 1835 2707 ep.
1859 2643 1911 2691 4.
1930 2668 2002 2677 ·-
2020 2656 2103 2704 ep.
2129 2642 2180 2693 6.
2204 2654 2254 2693 a.

1341 2709 1406 2765 L.
1433 2710 1691 2762 Valerius
1718 2707 1943 2761 Potitus
1962 2716 2011 2759 et
2028 2710 2097 2759 M.
2117 2710 2349 2760 Horatius

1410 2779 1687 2842 Barbatus,
1754 2780 1989 2829 homines
2050 2779 2353 2829 concordiae
2459 2812 2460 2819 ι

1411 2864 1564 2899 causa
1600 2851 1857 2914 sapienter
1890 2848 2190 2913 populares.
2265 2847 2353 2895 Eo-

1410 2934 1523 2968 rum
1552 2918 1836 2969 consularis
1866 2916 1951 2966 lex
1987 2932 2033 2966 a.
2064 2931 2119 2966 ιι.
2150 2933 2196 2967 c.
2236 2915 2349 2967 305.

1410 2990 1608 3049 sanxit,
1650 3003 1713 3037 ne
1756 2988 1847 3051 qui
1879 2987 2214 3051 magistratus
2251 2985 2355 3033 sine
2459 2994 2460 3051 j

1411 3058 1772 3120 provocatione
1802 3068 2089 3116 crearetur,
2131 3056 2197 3104 de
2230 3068 2275 3101 r.
2308 3068 2352 3116 p.

1412 3126 1463 3185 2,
1492 3124 1579 3184 31,
1604 3126 1689 3176 54.
1708 3152 1781 3163 -
1799 3125 1859 3174 L.
1884 3124 2119 3173 Valerius
2137 3122 2354 3178 Potitu5‚
2459 3128 2460 3151 *

1412 3196 1590 3244 consul
1625 3211 1670 3247 a.
1693 3200 1815 3243 u.'c.
1848 3192 1970 3245 305.
1999 3200 2120 3258 post
2148 3192 2357 3241 decem-

1409 3263 1621 3313 viralem
1642 3264 1885 3311 invidiam
1901 3262 2105 3326 plebem
2118 3263 2167 3309 in
2188 3270 2358 3325 patres

1410 3330 1669 3381 incitatam
1710 3332 1908 3394 legitm
1948 3339 1998 3379 et
2033 3330 2360 3379 contionibus

1412 3400 1519 3447 suis
1537 3402 1619 3448 mi·
1631 3401 1807 3464 igavit‚
1838 3400 1975 3448 Brut.
2003 3399 2081 3449 14.
2110 3399 2203 3450 54.

333 3470 414 3509 tus
435 3470 700 3509 accusatus
720 3476 765 3509 a.
788 3478 841 3511 ιι.
864 3477 903 3510 c.
926 3460 1068 3519 700.,
1093 3462 1271 3511 defeu-
1341 3461 1407 3518 P.
1433 3466 1687 3517 Valerius
1708 3466 2009 3518 Publicola
2029 3468 2140 3516 sive
2159 3463 2359 3531 Popli-
