2500 3850
737 191 1038 241 vnuusm
1059 210 1142 223 -
1165 192 1225 241 c.
1256 191 1521 240 vsnnss
1548 191 1607 241 c,
1632 192 1697 241 F.
2141 177 2265 241 439
2362 151 2366 155 ”

255 350 348 408 21,
361 331 414 404 4.
430 374 496 385 -
507 349 680 398 Venus
701 347 880 397 Cnidia
894 362 1194 410 marmorea,
1219 396 1228 405 ,

259 435 291 467 a
308 418 557 470 Praxitele
577 418 794 481 sculpta,
807 417 955 465 Verr.
971 426 1190 467 accusat.

1333 346 1727 412 Transpadanae
1745 384 1759 407 ,
1823 346 1977 398 hodie
2026 349 2081 399 V
2076 349 2267 412 creent,

1333 416 1400 465 ad
1421 415 1543 463 sam.
1576 416 1655 477 11,
1683 414 1767 478 19,
1794 417 1845 465 2.

259 489 312 544 4,
331 486 417 549 60,
448 485 562 537 135.
583 486 847 535 ——Venus
869 483 989 543 Coa,
1025 482 1195 533 tabula
1265 480 1579 551 Vergiliae,
1616 485 1651 532 i.
1687 499 1733 535 e.
1762 484 2029 545 Pleiades,
2073 493 2267 551 septem

263 556 326 606 ab
345 554 524 619 Apelle
542 555 797 617 inchoata,
821 561 947 608 orat.
971 553 1023 618 2,
1045 554 1096 602 5.
1125 580 1198 592 —-

261 626 384 673 {tem
415 624 478 673 de
497 638 547 674 n.
576 624 628 676 d.
653 623 701 686 1,
732 624 818 686 27,
850 622 934 672 75.
1003 622 1069 671 ad
1088 622 1193 673 Au.

254 694 310 752 2,
330 692 416 757 21,
442 694 494 745 4.
518 719 590 729 -
607 692 822 741 Veneris
849 691 984 742 Coae
1006 690 1196 755 pulcri-

1338 553 1486 617 volgo
1498 552 1841 616 perhibentur,
1862 560 2133 603 cernuntur
2149 568 2268 606 vero

1337 636 1448 739 ῗιίἒ,
1472 624 1611 673 Arat.
1637 636 1689 673 ν.
1720 621 1841 675 262.
1883 623 1948 673 de
1966 637 2015 671 n.
2038 623 2089 672 d.
2109 624 2160 681 2,
2178 625 2267 683 44,

258 762 412 819 mdo,
441 762 506 810 de
526 761 687 812 divin.
713 761 761 820 1,
787 759 870 819 13,
890 759 977 811 23.
1007 784 1078 796 -
1096 759 1197 807 Ve-
1267 754 1639 838 Vergilianus.
1675 759 1739 807 V.
1778 757 1847 824 Q.
1881 755 2101 810 Tubius
2132 758 2268 809 Ver-

255 844 352 877 nus
377 828 611 893 Erycina.
657 828 718 877 Ei
749 828 966 878 mulctae
984 835 1126 877 erant
1143 829 1196 876 in

1336 824 1601 893 gilianus.

262 900 576 947 testamentis
614 897 898 947 Siculorum
920 933 934 956 ,
977 898 1019 946 si
1057 911 1195 946 com-
1270 892 1331 943 Ο.
1357 892 1656 962 Vergilius.
1691 895 1786 945 Pro
1804 905 2038 959 praetore
2057 897 2271 946 obtinuit

259 966 472 1014 missum
492 967 617 1028 qnid
635 976 788 1027 esset,
802 967 948 1015 Verr.
971 972 1190 1016 accusat.

259 1034 311 1095 2,
335 1033 388 1093 9,
403 1033 488 1085 25.
519 1060 584 1071 ——
611 1035 735 1084 Eius
754 1034 922 1083 liberti
942 1035 1194 1084 vocaban-

260 1110 342 1149 tur
367 1102 602 1165 Venerii,
640 1104 853 1153 divinat.
887 1104 941 1152 in
979 1105 1040 1165 Q.
1068 1103 1193 1153 Cae-

257 1169 344 1222 cil.
371 1170 455 1231 17,
485 1174 571 1223 55.
596 1198 668 1209 —
686 1174 860 1221 Venus
877 1171 1098 1237 Volupia
1120 1170 1190 1235 (s.

257 1238 509 1304 Voluptas
546 1238 695 1304 dea),
741 1243 860 1291 item
891 1240 1190 1305 Lubentina,

256 1309 322 1357 >de
346 1321 396 1359 n.
427 1310 477 1361 d.
499 1309 552 1370 2,
591 1308 676 1374 23,
707 1309 794 1361 61.
817 1336 884 1347 --
914 1312 1194 1359 Marmorea

1334 964 1558 1014 Siciliam
1577 978 1626 1013 a.
1660 980 1714 1015 u.
1746 981 1792 1019 c.
1814 964 1969 1031 695„
2001 979 2092 1030 pro
2120 965 2269 1015 Plan-

1334 1035 1413 1083 cio
1432 1031 1520 1097 40,
1540 1032 1625 1083 95.
1657 1060 1731 1071 -
1756 1032 1877 1083 Eius
1897 1035 2089 1095 laudes,
2120 1034 2186 1083 ad
2206 1032 2265 1092 Q.

1331 1101 1395 1151 fr.
1422 1101 1472 1162 1,
1493 1102 1543 1165 2,
1563 1102 1617 1151 2.
1659 1103 1709 1163 5.
1732 1104 1784 1153 7.
1838 1101 1906 1152 cf.
1948 1105 2013 1152 ad
2046 1105 2151 1152 Att.
2183 1102 2267 1165 12,

1330 1170 1416 1232 51,
1454 1173 1505 1220 2.
1542 1196 1609 1207 -—
1650 1170 1972 1235 Propinquus
2013 1170 2068 1221 C.
2106 1170 2269 1223 Caelii

1332 1239 1473 1289 caldi
1490 1275 1505 1302 ,
1546 1237 1971 1289 familiarissimus
1993 1238 2265 1302 Ciceronis,

1332 1308 1400 1358 ad
1420 1307 1539 1358 fam.
1567 1308 1617 1367 2,
1645 1308 1729 1368 19,
1755 1310 1805 1357 2.

258 1376 432 1426 Venus
462 1380 598 1441 apud
626 1378 913 1442 Rheginos,
941 1379 1088 1426 Verr.
1111 1392 1196 1426 ac·
1268 1376 1334 1427 G.
1363 1372 1678 1443 Vergilius,
1716 1376 1915 1441 legatus
1941 1376 2139 1427 Pisonis
2156 1412 2171 1437 ‚
2204 1375 2269 1426 de

257 1453 416 1499 cusat.
456 1447 520 1505 4,
557 1444 658 1505 60,
711 1446 826 1498 135.
869 1471 940 1483 -
980 1446 1197 1496 Veneris

1336 1459 1483 1509 prov.
1516 1458 1655 1496 cons.
1676 1446 1727 1505 4,
1753 1446 1803 1495 7.

258 1512 436 1573 stella,
478 1506 792 1578 φωσφόρος
846 1513 1064 1578 Graece,
1097 1514 1195 1564 La·
1265 1512 1343 1563 M.
1383 1508 1672 1579 Vergilius
1690 1548 1708 1577 ,
1762 1512 1919 1563 frater
1962 1513 2023 1562 T.
2063 1512 2267 1575 Aufidii,

255 1580 362 1631 tine
399 1582 584 1632 dicitur
615 1582 838 1642 Lucifer,
873 1598 1025 1646 quum
1057 1591 1197 1633 ante·

257 1650 483 1715 greditnr
498 1650 676 1715 solem,
700 1667 852 1715 quum
870 1654 1196 1716 subsequitur

258 1726 424 1768 autem
459 1720 746 1784 Hesperos,
784 1722 848 1771 de
865 1736 916 1774 n.
941 1722 990 1772 d.
1016 1723 1077 1780 2,
1108 1719 1193 1780 20,

1333 1582 1565 1631 tribunus
1591 1581 1662 1645 pl.
1696 1597 1745 1630 a.
1767 1598 1818 1631 u.
1852 1598 1895 1631 c.
1922 1581 2043 1633 667.
2073 1583 2133 1634 L.
2156 1582 2272 1631 Sul-

1335 1651 1421 1777 llage,
1445 1649 1909 1769 ilrpgeratorffdiem
1944 1652 2089 1715 dixit,
2126 1651 2268 1700 Brut.

252 1786 342 1840 53.
389 1814 456 1825 —-
491 1786 650 1838 Stella
686 1790 900 1839 Veneris
936 1798 1021 1840 aut
1059 1790 1194 1840 Iovis
1265 1784 1587 1855 Verginius.
1613 1789 1678 1838 ad
1696 1788 1801 1841 Ait.
1829 1790 1911 1849 12,
1936 1790 1988 1850 5,
2010 1791 2061 1839 2.

259 1858 526 1906 coniuncta
578 1873 694 1907 cum
740 1858 886 1908 Luna
935 1859 1005 1910 ad
1055 1866 1194 1909 ortus
1267 1858 1331 1907 A.
1361 1853 1690 1923 Verginius,
1722 1858 2015 1908 adolescens
2048 1856 2269 1907 familia-

256 1939 528 1990 puerorum
564 1927 825 1988 salutaris,
867 1929 930 1978 de
947 1930 1106 1981 divin.
1142 1928 1192 1990 1,

1334 1929 1406 1976 ris
1428 1927 1591 1978 Laelii
1611 1928 1776 1988 senis,
1821 1928 1885 1977 de
1910 1942 2009 1977 am.
2040 1929 2124 1988 27,
2151 1925 2268 1977 101.

255 1993 342 2058 39,
364 1994 448 2047 85.
470 2022 535 2032 -
558 1995 771 2046 Veneris
792 1997 964 2062 stella,
989 1999 1052 2048 de
1071 2014 1114 2051 r.
1138 2013 1191 2062 p.
1263 1996 1335 2047 1).
1357 1992 1654 2063 Verginius
1680 1997 1931 2060 virginem
1968 1997 2123 2045 filiam
2152 2010 2271 2059 pro-

253 2063 306 2122 6,
327 2063 412 2128 17,
434 2064 517 2114 17.
535 2092 608 2102 -
629 2066 843 2116 Veneris
865 2067 1026 2116 iactus
1048 2076 1122 2116 est
1142 2068 1196 2116 in

257 2131 372 2180 lusu
405 2133 620 2183 talorum
644 2169 661 2196 ,
707 2135 758 2183 in
805 2150 904 2198 quo
940 2136 1196 2198 quaternis

257 2199 374 2250 talis
403 2201 684 2262 ludebatur,
722 2219 877 2264 quum
897 2204 1086 2270 singuli
1107 2203 1196 2253 tali

258 2266 409 2316 alium
440 2283 704 2319 numerum
741 2272 1036 2335 ostendunt,
1081 2273 1191 2322 scil.

259 2337 308 2393 1,
337 2337 386 2390 3,
427 2339 477 2395 4,
511 2338 583 2402 6.,
626 2339 690 2387 de
714 2339 871 2394 divin.
898 2340 954 2404 1,
990 2340 1074 2401 13,
1107 2340 1192 2392 23.

257 2406 331 2453 Ib.
355 2405 403 2460 2,
431 2406 519 2469 21,
552 2406 637 2460 48.
687 2409 763 2458 Ib.
783 2409 834 2472 2,
863 2407 948 2467 59,
975 2409 1091 2460 121.
1126 2434 1194 2446 -

261 2478 280 2504 θ
296 2473 494 2523 Venere
519 2481 826 2539 prognatns’
848 2486 924 2526 est
950 2477 1004 2528 G.
1037 2476 1194 2526 lulius

259 2541 475 2602 Caesar,
497 2543 698 2593 Caelius
719 2545 784 2594 ad
805 2543 925 2594 fam.
955 2545 1006 2607 8,
1032 2544 1113 2609 15,
1139 2545 1192 2595 2.

257 2609 460 2660 Tuscul.
480 2613 532 2675 4,
559 2611 645 2674 34,
665 2612 748 2664 73.
785 2614 972 2680 fragm.
998 2630 1048 2678 p.
1068 2612 1190 2665 256.

253 2703 324 2714 --
345 2681 402 2728 Iu
433 2680 521 2729 illa
539 2681 826 2732 calamitate
855 2698 955 2734 non
986 2682 1196 2732 Martem

259 2748 421 2797 fuisse
451 2763 795 2811 communem,
833 2753 926 2802 sed
945 2752 1193 2801 Venerem

256 2831 530 2880 possumus
571 2819 739 2868 dicere
757 2855 773 2880 ,
803 2821 866 2869 de
894 2822 1052 2871 Verre
1094 2835 1195 2871 non

261 2886 598 2950 imperatore,
632 2889 724 2937 sed
751 2889 1026 2939 mulierum
1055 2903 1195 2940 ama-

255 2961 382 3014 tore,
397 2957 540 3007 Verr.
561 2966 779 3009 accusat.
795 2959 846 3017 5,
862 2959 946 3020 50,
963 2957 1078 3009 132.
1093 2960 1198 3008 Ve-

255 3037 352 3073 nus
371 3023 596 3083 Clodiae,
618 3041 710 3091 pro
734 3025 902 3078 Caelio
920 3027 1006 3088 21,
1029 3029 1113 3079 52.

186 3090 458 3156 Venusia,
496 3095 744 3160 oppidum
775 3096 826 3145 ln
848 3095 1034 3151 finibus
1051 3098 1197 3162 Apu-

257 3163 352 3210 liae
375 3171 424 3211 et
451 3161 732 3225 Lucaniae,
766 3166 833 3216 ad
861 3168 962 3217 Att.
984 3165 1037 3225 5,
1056 3165 1109 3226 5,
1142 3167 1188 3216 l.

261 3231 326 3278 ll).
353 3231 435 3295 16,
455 3232 508 3292 5,
528 3235 581 3281 4.

186 3297 541 3366 venusinum,
555 3302 677 3353 villa
692 3302 967 3368 Ciceronis,
981 3304 1047 3353 ad
1066 3302 1186 3353 fam.

187 3433 472 3486 Vercellae
492 3474 507 3501 ,
583 3441 916 3507 municipium
997 3438 1191 3490 Galliae

1334 2075 1446 2129 pter
1481 2067 1631 2115 unius
1659 2079 1723 2114 ex
1754 2066 2055 2115 decemviris
2089 2067 2271 2114 intem·

1337 2136 1528 2198 periem
1563 2135 1615 2183 in
1646 2132 1755 2183 foro
1786 2149 1878 2182 sua
1907 2149 2057 2184 manu
2088 2134 2271 2183 intere-

1338 2205 1430 2252 mit
1481 2217 1543 2252 ac
1584 2217 1815 2253 maerens
1862 2203 1929 2253 ad
1974 2203 2268 2262 exercitum,

1338 2274 1424 2334 qui
1452 2281 1557 2322 tum
1588 2280 1695 2322 erat
1722 2273 1773 2320 iu
1795 2271 2004 2338 Algido,
2025 2271 2269 2337 confugit,

1336 2343 1401 2391 de
1426 2356 1469 2394 r.
1493 2354 1547 2404 Ρ.
1568 2342 1620 2400 2,
1634 2340 1718 2400 37,
1730 2339 1900 2391 63.—
1920 2341 2057 2390 Idem
2070 2341 2127 2388 L.
2142 2340 2270 2390 Ver·

1334 2409 1507 2474 ginius
1525 2408 1829 2473 appellatur,
1843 2409 1907 2458 de
1923 2409 2007 2458 fin.
2024 2411 2073 2467 2,
2085 2408 2171 2473 20,
2181 2405 2267 2462 66.

1335 2478 1399 2529 cl.
1430 2478 1497 2528 ib.
1528 2477 1581 2540 5,
1604 2479 1693 2538 22,
1714 2478 1797 2529 64.

1267 2543 1329 2594 0.
1350 2546 1551 2595 Verres
1567 2581 1582 2607 ,
1623 2545 1677 2594 C.
1702 2547 1876 2595 Verris
1895 2552 2055 2610 pater,
2092 2559 2268 2605 senex,

1336 2622 1539 2663 senator
1567 2628 1615 2666 a.
1644 2628 1694 2662 u.
1716 2631 1759 2664 c.
1782 2615 1901 2667 682.
1918 2650 1932 2672 ‚
1952 2615 2100 2668 Verr.
2122 2628 2271 2662 accu-

1336 2691 1432 2735 sat.
1452 2684 1503 2742 2,
1525 2681 1610 2740 39,
1638 2681 1725 2732 95.

1266 2749 1334 2802 0.
1375 2751 1610 2814 Verres,
1660 2748 1723 2800 G.
1760 2749 1823 2800 F.
1845 2787 1862 2816 ,
1907 2757 2145 2813 quaestor
2179 2741 2289 2803 Gn:

1338 2820 1581 2869 Carbonis
1610 2820 1661 2868 iu
1685 2819 1844 2870 Gallia
1866 2834 1978 2869 eum
2000 2827 2048 2868 et
2066 2820 2272 2883 provin·

1337 2891 1467 2940 ciam
1504 2888 1711 2942 deserit.
1784 2889 1869 2939 Ad
1898 2887 2088 2938 Sullam
2113 2889 2272 2936 victo-

1338 2973 1442 3008 rem
1466 2959 1647 3008 transit
1660 2967 1707 3007 et
1726 2957 1992 3022 pecuniam
2014 2955 2273 3020 publicam

1340 3029 1518 3078 avertit
1538 3063 1551 3086 ,
1571 3029 1715 3078 Verr.
1740 3031 1961 3076 accusat.
1990 3025 2037 3087 1,
2074 3022 2159 3086 13,
2182 3022 2267 3074 34.

1338 3123 1404 3134 -
1426 3097 1516 3146 Cn.
1540 3093 1831 3144 Dolabellae
1853 3094 2049 3156 legatus
2070 3094 2120 3141 iu
2150 3091 2270 3142 Gili-

1338 3165 1416 3214 cia
1450 3171 1498 3213 et
1523 3170 1789 3226 quaestore
1808 3162 2043 3212 Malleolo
2075 3169 2270 3211 mortuo

1331 3247 1425 3297 pro
1447 3241 1731 3295 quaestore.
1747 3257 1815 3266 —
1839 3232 1990 3280 Furta
2011 3237 2061 3280 et
2079 3231 2272 3280 scelera

1332 3303 1386 3350 in
1405 3315 1465 3351 ea
1486 3300 1739 3364 legatione
1757 3309 2073 3365 perpetrata,
2113 3299 2186 3349 lb.
2220 3300 2269 3359 1,

1332 3370 1380 3426 1,
1418 3385 1460 3419 c.
1501 3368 1717 3420 17—19.
1759 3395 1827 3406 -
1864 3369 2084 3418 Malleoli
2120 3382 2275 3432 pecu-

1330 3440 1466 3489 niam
1482 3439 1661 3488 avertit
1688 3453 1783 3488 nec
1814 3437 2011 3503 pupillo
2030 3437 2269 3500 restituit,
