2500 3850
845 218 904 265 6.
930 219 1161 266 muns
1188 219 1478 266 CAESAR.
1925 223 1938 229 ·
2077 209 2194 271 189

172 378 247 426 lb.
278 377 329 438 7,
357 376 411 434 8,
431 377 483 426 5.
521 375 585 424 cl.
610 375 679 422 ib.
714 375 762 436 7,
790 372 839 436 9,
864 378 917 426 2.
949 400 1018 409 ›—
1049 373 1125 422 De

171 446 389 495 Labieni
410 445 649 494 discessu
670 443 731 491 ab
755 440 970 491 Caesare
997 457 1041 490 a.
1070 458 1121 491 u.

174 531 220 564 c.
251 513 377 564 705.
452 514 528 561 Ib.
557 511 619 569 7,
654 510 747 571 11,
789 510 835 560 1.
885 536 956 546 —
992 510 1159 560 Eum.

176 583 350 634 omnia
387 581 676 630 taeterrime
708 579 957 629 facturum
978 586 1123 644 putat

178 653 375 708 Cicero,
411 651 489 699 Ib.
514 652 573 707 7,
599 649 679 712 12,
705 649 755 697 2.
792 675 858 684 -—
896 647 969 697 De
991 649 1120 698 bello

177 719 317 770 civili
337 734 368 767 a
392 717 611 768 Caesare
630 723 824 780 parato,
862 717 934 766 Ib.
960 717 1009 778 7,
1035 717 1118 768 13.

178 806 225 838 a.
268 789 318 840 1.
358 815 429 825 --
468 787 544 836 De
588 787 842 835 mandatis
888 783 1121 837 Caesaris

174 873 273 924 per
301 857 365 909 L.
400 857 669 908 Caesarem
700 854 859 903 filium
885 855 953 902 ad
976 855 1122 904 Pom—

175 929 355 992 peium
392 941 439 974 a.
464 927 513 974 d.
536 924 666 976 VlII.
688 923 798 972 Kal.
823 923 972 973 Febr.
1000 924 1122 975 705.

178 995 395 1056 delatis,
436 1003 483 1042 et
514 1006 759 1057 responso
784 993 831 1040 ei
862 991 1006 1050 dato,
1045 993 1117 1045 lb.

181 1067 230 1126 7,
265 1065 350 1127 14,
375 1063 421 1111 1.
464 1062 529 1112 cl.
559 1063 625 1110 ib.
660 1063 706 1120 7,
736 1061 820 1119 15,
842 1060 893 1112 3.
967 1061 1041 1112 Ib.
1072 1063 1120 1120 7,

182 1134 267 1191 17,
290 1133 343 1182 2.
382 1132 433 1192 7,
459 1131 541 1190 18,
563 1133 613 1181 2.
644 1157 710 1166 —-
742 1127 927 1178 Omnes
948 1131 1123 1194 cupie-

174 1203 301 1250 bant
314 1200 583 1249 Caesarem
596 1199 830 1248 abductis
850 1200 1123 1263 praesidiis

179 1279 317 1320 stare
338 1269 722 1319 condicionibus
750 1268 841 1331 iis,
886 1282 1014 1329 quas
1042 1277 1123 1320 tu-

179 1341 329 1390 lisset
368 1346 465 1387 etc.
504 1337 579 1391 lb.
607 1338 656 1400 7,
695 1337 775 1397 15,
805 1337 856 1385 2.
897 1361 965 1372 -
1001 1335 1123 1386 Cae-

178 1423 265 1457 sar
289 1407 520 1468 Ciceroni
552 1406 773 1472 ignoscit
798 1419 889 1468 per
907 1405 1122 1467 litteras,

180 1477 322 1539 quod
362 1490 464 1525 non
511 1475 702 1524 venerit
749 1475 961 1524 Romam
984 1511 999 1534 ,
1046 1475 1120 1529 lb.

181 1546 267 1604 10,
302 1543 354 1607 3,
377 1545 430 1594 2.
470 1570 539 1581 -—·
578 1543 760 1593 Caesar
780 1543 921 1592 ardet
952 1543 1125 1594 furore

179 1621 229 1663 et
270 1613 493 1676 scelere,
534 1627 627 1662 nec
672 1612 881 1662 remittit
906 1611 1121 1674 aliquid,

178 1683 340 1733 sedin
356 1683 465 1731 dies
484 1682 792 1746 ingravescit
812 1689 928 1740 etc„
950 1683 1021 1730 11).
1039 1681 1122 1743 10,

178 1755 245 1814 4,
268 1753 320 1802 2.
361 1751 429 1800 cl.
458 1751 529 1804 ib.
564 1753 613 1813 5.
640 1753 691 1803 8.
720 1777 789 1785 ——
830 1749 1015 1798 Caesar
1036 1751 1125 1799 ilo-

179 1821 509 1870 rentissimus
566 1834 624 1868 ac
676 1833 837 1871 novus
879 1819 965 1869 VI.
1009 1820 1119 1868 Vll.

182 1890 365 1940 diebus
388 1889 491 1954 ipsi
517 1887 591 1938 illi
620 1889 789 1955 egenti
814 1902 875 1938 ac
891 1889 1126 1953 perditae

179 1959 496 2008 multitudini
542 1960 595 2008 in
639 1960 811 2007 odium
858 1960 1129 2009 acerbissi-

183 2044 323 2077 mum
346 2028 503 2088 venit,
542 2029 615 2076 11).
641 2028 722 2087 10,
746 2027 797 2085 8,
829 2026 879 2077 6.
908 2054 978 2063 —
1008 2026 1128 2076 Cor·

183 2106 298 2145 ruat
330 2096 518 2145 Caesar
554 2111 763 2145 necesse
806 2101 882 2145 est
920 2104 1007 2145 aut
1036 2112 1127 2159 per

186 2166 513 2215 adversarios
531 2171 621 2214 aut
650 2166 763 2229 ipse
794 2164 1001 2229 per'se,
1040 2166 1129 2227 qui

183 2235 392 2297 quidem
414 2235 513 2283 sibi
544 2240 621 2282 est
640 2234 965 2284 adversarius
995 2249 1126 2283 unus

184 2304 483 2366 acerrimus,
503 2302 577 2351 lb.
600 2302 683 2364 10,
704 2303 755 2365 8,
780 2302 831 2352 8.
858 2329 919 2339 -
943 2300 1127 2352 Caesa-

183 2373 253 2423 ris
276 2371 593 2437 epistola‘ad
627 2370 919 2421 Ciceronem
948 2372 1124 2432 missa,
1171 2418 1175 2422 .

184 2441 259 2490 ΙΙ).
284 2456 368 2506 ep.
391 2440 450 2493 B.
474 2465 543 2476 -
562 2440 637 2489 De
671 2441 779 2489 eius
809 2440 1125 2501 condicione,

185 2510 262 2562 Id.
295 2510 392 2569 10,
441 2510 535 2571 12,
574 2508 626 2561 6.
668 2536 734 2545 --
769 2509 1037 2558 Horribilis
1080 2518 1129 2558 et

186 2578 418 2643 Pompeii
451 2586 499 2625 et
517 2576 749 2628 Caesaris
775 2578 1013 2642 victoria,
1049 2578 1124 2627 11).

188 2645 273 2706 10,
307 2647 389 2704 14,
430 2646 477 2695 1.
516 2670 586 2681 --
626 2646 783 2696 Audit
807 2645 981 2697 Cicero
1005 2646 1128 2695 Cae-

186 2730 353 2764 sarem
377 2730 438 2764 ea
467 2722 673 2764 senatus
694 2715 923 2765 consulta
940 2715 1132 2779 impro-

187 2784 325 2845 bare,
359 2798 489 2846 quae
513 2790 629 2847 post
658 2784 942 2834 discessum
970 2784 1129 2833 tribu-

185 2868 367 2902 norum
388 2853 522 2902 facta
542 2860 675 2915 sunt,
708 2852 783 2902 Ib.
810 2853 893 2913 11,
917 2856 967 2913 7,
988 2853 1036 2906 l.
1058 2880 1133 2890 —-

186 2921 380 2971 Balbus
411 2922 575 2970 minor
607 2922 776 2971 aiebat
811 2920 973 2987 (idem
1004 2923 1130 2972 scri-

186 2998 361 3055 pserat
391 2988 578 3039 Balbus
608 2987 779 3054 pater)
816 2990 945 3039 nihil
978 2990 1128 3041 malle

190 3058 459 3109 Caesarem
514 3073 665 3121 quam
721 3066 773 3107 ut
825 3058 1126 3125 Pompeium

184 3128 553 3190 adsequeretur
590 3135 639 3176 et
682 3127 869 3177 rediret
912 3129 963 3176 in
1008 3144 1125 3194 gra-

186 3197 329 3249 tiam.
406 3196 514 3246 Non
534 3197 696 3245 credit
715 3195 915 3260 Cicero,
962 3198 1036 3247 lb.
1070 3197 1121 3260 8,

187 3263 250 3329 9,
290 3270 342 3317 4.
378 3292 449 3301 —-
491 3264 822 3330 Comparatur
852 3266 1036 3315 Caesar
1077 3275 1125 3315 et

184 3332 479 3397 Pompeius,
520 3335 596 3387 lb.
620 3334 669 3394 8,
696 3335 779 3398 11,
801 3336 851 3383 2.
896 3359 965 3371 ——
999 3334 1124 3384 Cae-

190 3403 322 3452 saris
373 3416 464 3464 per
512 3402 751 3467 Apuliam
797 3405 863 3453 ad
904 3402 1123 3454 Brundi-

184 3471 563 3533 siumcursus,
608 3472 681 3521 11).
728 3472 785 3534 8,
830 3472 923 3532 11,
966 3473 1015 3522 7.
1055 3498 1164 3537 --,

1263 375 1400 424 Laus
1445 373 1679 424 Caesaris
1715 381 1772 422 ut
1812 376 1946 424 acuti
1985 377 2203 442 vigilan-

1263 445 1360 507 tis,
1398 444 1562 508 parati
1596 441 1847 504 hominis,
1886 445 1957 494 lb.
2001 444 2061 504 8,
2107 446 2198 508 13,

1267 512 1314 562 1.
1353 539 1420 548 —
1447 512 1520 560 De
1547 511 1682 562 sacto
1713 510 1942 561 Caesaris
1981 514 2044 562 de
2081 514 2201 564 Cor-

1262 581 1382 630 finio
1401 579 1588 630 Balbus
1615 581 1679 629 ad
1701 579 1994 630 Ciceronem
2031 582 2199 647 refert,

1261 650 1366 698 Att.
1389 650 1457 714 8,
1504 649 1598 712 15,
1638 650 1701 698 A.
1725 650 1776 698 2.
1824 675 1890 684 --
1927 649 2202 702 Occurrunt

1265 719 1565 783 optimateS,
1595 734 1652 768 se
1681 719 1944 768 venditant
1974 719 2198 781 Caesari,

1264 788 1546 851 municipia
1563 803 1685 838 vero
1715 785 1866 836 deum
1885 787 2098 848 habent,
2136 791 2202 839 ad

1263 857 1337 905 Ib.
1360 855 1422 917 8,
1467 856 1564 920 16,
1602 857 1648 906 1.
1687 883 1758 892 --
1795 857 1977 906 Paucis
1996 859 2202 920 quidem

1262 926 1452 985 verbiS,
1492 926 1583 974 sed
1611 915 1672 972 ἔν
1703 919 1940 988 δυνάμει
1965 927 2032 976 ad
2062 925 2204 978 Cice-

1263 1008 1438 1044 ronem
1467 996 1674 1059 scripsit
1694 993 1893 1054 Caesar,
1931 996 2004 1044 1b.
2041 996 2105 1056 9,
2144 998 2196 1060 6,

1261 1061 1311 1112 6.
1335 1090 1401 1098 -
1429 1063 1552 1114 Eius
1575 1064 1787 1123 litterae,
1806 1064 1880 1113 Ib.
1907 1063 1958 1128 9,
1980 1065 2030 1125 6,
2054 1066 2102 1113 7.
2132 1067 2198 1119 Α.

1267 1156 1325 1168 -
1348 1132 1472 1181 Eius
1489 1132 1686 1182 litterae
1709 1133 1777 1182 ad
1798 1133 2012 1184 Balbum
2032 1142 2081 1183 et
2101 1134 2202 1202 Op·

1262 1201 1407 1264 pium
1446 1201 1686 1266 scriptae,
1726 1202 1803 1251 lb.
1844 1201 1910 1264 9,
1941 1206 2006 1263 7,
2036 1203 2088 1254 3.
2138 1230 2196 1242 -

1269 1269 1345 1318 1)6
1382 1269 1642 1319 voluntate
1690 1269 1920 1321 Caesaris
1967 1272 2113 1322 Balbi
2153 1281 2202 1322 et

1265 1336 1419 1402 Oppii
1455 1353 1538 1403 ep.
1587 1337 1654 1388 ad
1695 1338 1984 1389 Ciceronem
2023 1341 2199 1402 missa,

1265 1407 1340 1458 Ib.
1387 1405 1447 1470 9,
1505 1407 1556 1458 7.
1608 1407 1673 1458 A.
1767 1407 1836 1459 cf.
1881 1423 1962 1473 ep.
2019 1407 2076 1456 B.
2131 1436 2202 1445 -—

1263 1476 1386 1524 Eius
1417 1475 1634 1538 epistola
1664 1474 1731 1522 ad
1761 1473 1980 1539 Oppium
2012 1482 2059 1523 et
2086 1466 2196 1525 Bal·

1266 1546 1388 1593 bum
1426 1545 1616 1607 missa,
1653 1544 1727 1592 Ib.
1762 1540 1818 1596 C.
1875 1545 1971 1594 Per
2003 1551 2203 1608 praeto-

1267 1627 1374 1661 rem
1399 1612 1631 1661 consules
1665 1627 1834 1661 creare
1855 1612 2056 1662 volebat
2083 1629 2205 1662 con-

1267 1689 1346 1732 tra
1366 1681 1526 1746 leges,
1565 1676 1639 1730 lb.
1671 1680 1734 1741 9,
1757 1680 1817 1743 9,
1839 1682 1891 1733 3.
1921 1709 1978 1718 -
2003 1680 2203 1732 Cicero-

1267 1752 1349 1799 nis
1373 1749 1569 1799 litterae
1601 1751 1668 1800 ad
1701 1749 1964 1800 Caesarem
1995 1753 2200 1813 missae,

1266 1821 1340 1868 Ib.
1401 1817 1468 1878 9,
1527 1819 1612 1869 11.
1673 1821 1738 1868 Α.
1806 1847 1876 1857 -—-
1941 1820 2203 1870 Dolabella

1265 1889 1349 1939 ΙΙΙ.
1389 1888 1510 1938 idus
1533 1889 1677 1939 Mart.
1709 1903 1740 1938 a
1769 1889 2041 1941 Brundisio
2071 1889 2203 1940 hanc

1267 1949 1572 2023 εὐημερίαν
1592 1959 1738 2021 quasi
1761 1958 1989 2009 Caesaris
2010 1961 2201 2020 scribit,

1265 2028 1564 2091 Pompeium
1599 2028 1652 2075 in
1683 2025 1808 2093 fuga
1844 2043 1958 2079 esse
1988 2044 2204 2090 eumque

1264 2100 1429 2161 primo
1449 2103 1600 2146 vento
1629 2098 1985 2161 navigaturum
2000 2134 2014 2158 ,
2054 2098 2128 2147 Ib.
2149 2095 2201 2160 9,

1268 2164 1367 2226 13,
1412 2165 1456 2215 1.
1499 2192 1570 2201 —
1615 2163 1846 2215 Caesaris
1880 2164 2200 2230 confidentia,

1264 2234 1338 2285 lb.
1364 2232 1424 2294 9,
1453 2233 1545 2293 13,
1578 2237 1632 2285 4.
1661 2260 1719 2270 -
1762 2234 1993 2285 Caesaris
2033 2236 2203 2286 brevis

1268 2302 1484 2366 epistola
1534 2304 1601 2353 ad
1647 2303 1864 2367 Oppium
1903 2313 1952 2352 et
1993 2304 2202 2353 Balbum

1267 2372 1454 2434 missa,
1501 2374 1610 2419 eius
1655 2371 1873 2435 epistola
1912 2372 1978 2421 ad
2013 2372 2071 2430 Q.
2113 2373 2204 2419 Pe-

1269 2440 1430 2502 dium,
1474 2440 1548 2488 Ib.
1589 2438 1640 2499 9,
1691 2440 1776 2499 14,
1821 2440 1867 2487 1.
1909 2465 1974 2474 —
2015 2440 2203 2489 Variae

1271 2510 1378 2559 eius
1418 2509 1656 2569 actiones,
1710 2508 1784 2559 lb.
1823 2506 1885 2567 9,
1927 2506 2009 2565 15,
2057 2506 2102 2555 1.
2137 2532 2204 2543 —-

1269 2576 1404 2635 Quid
1457 2577 1522 2626 de
1580 2575 1822 2639 Pompeio
1884 2584 1932 2623 et
1985 2575 2204 2625 Caesare

1222 2655 1227 2660 '
1269 2646 1554 2695 audiverint
1591 2644 1776 2695 Matius
1835 2651 1884 2694 et
1921 2643 2200 2706 TrebatiuS,

1273 2716 1348 2763 Ib.
1372 2713 1422 2778 9,
1445 2714 1525 2764 15.
1552 2714 1618 2764 A.
1644 2740 1710 2750 -
1739 2713 1970 2764 Caesaris
1987 2715 2204 2779 epistola

1273 2784 1344 2833 ad
1369 2783 1662 2835 Ciceronem
1689 2784 1751 2833 de
1789 2799 1882 2833 sua
1919 2784 2202 2846 clementia,

1269 2853 1346 2903 Ib.
1370 2851 1421 2914 9,
1457 2852 1538 2903 16.
1564 2854 1630 2906 Α.
1663 2880 1734 2889 -
1771 2854 1956 2907 Caesar
1974 2863 2203 2904 senatum

1269 2921 1378 2973 Kal.
1418 2921 1581 2987 April.
1623 2922 1750 2972 velle
1789 2937 1844 2972 se
1891 2922 2205 2986 frequentem

1269 2991 1450 3040 adesse
1499 2992 1652 3040 etiam
1696 2992 1909 3041 Formiis
1953 2992 2204 3056 proscribi

1267 3061 1439 3116 iussit,
1476 3061 1548 3109 11).
1571 3060 1630 3122 9,
1659 3060 1750 3118 17,
1775 3062 1820 3111 1.
1853 3087 1919 3095 --
1950 3061 2204 3109 Ciceronis

1265 3144 1379 3179 cum
1411 3127 1626 3179 Caesare
1672 3128 1978 3191 colloquium
2009 3126 2200 3190 inutile,

1265 3196 1411 3259 11).,9,
1438 3197 1517 3251 18,
1541 3199 1566 3247 1
1583 3212 1660 3258 sq.
1683 3222 1742 3231 -—
1770 3197 1842 3245 De
1863 3197 2092 3247 Caesaris
2112 3198 2200 3245 ad-

1265 3266 1479 3323 seculis,
1516 3267 1590 3316 lb.
1614 3268 1664 3327 5.
1687 3266 1736 3313 2.
1776 3265 1853 3317 11).
1877 3266 1926 3325 9,
1954 3266 2035 3325 19,
2060 3266 2106 3314 1.
2134 3290 2199 3299 -

1263 3335 1512 3384 Incertum
1535 3342 1611 3383 est
1627 3332 1949 3382 Phalarimne
1980 3349 2042 3381 an
2067 3334 2202 3383 Pisi-

1265 3411 1475 3452 stratum
1497 3404 1564 3451 sit
1583 3403 1870 3449 imitaturus
1887 3438 1901 3463 ,
1941 3403 2015 3455 lb.
2041 3404 2089 3459 7,
2110 3398 2198 3460 20,

1265 3473 1316 3521 2.
1355 3471 1415 3519 cl.
1441 3470 1506 3519 ad
1526 3472 1628 3519 Att.
1653 3468 1706 3535 8,
1729 3468 1811 3535 16,
1832 3471 1879 3521 1.
1915 3498 1988 3507 -—
2019 3469 2206 3522 Caesar
