2500 3850
271 198 394 259 362
445 212 505 256 P.
531 208 796 257 snnvn..
829 206 1046 255 CASCA
1069 229 1142 239 —
1165 208 1227 253 P.
1249 204 1520 253 snnvn..
1551 204 1611 251 c.
1644 204 1707 249 F.
1738 206 1811 250 M.
1842 203 2185 253 N.VAT1A.

268 366 331 417 P.
363 362 640 417 Servilius
671 362 865 413 Casca.
905 363 1094 413 Cascae
1117 363 1277 412 tribn-

339 444 483 485 natus
502 450 548 483 a.
576 451 624 482 u.
648 449 692 482 c.
714 434 830 485 710.
845 470 859 494 ,
879 434 945 481 ad
963 434 1065 483 Att.
1085 430 1166 490 16,
1187 431 1273 493 15,

1413 364 1467 426 2,
1487 362 1539 411 4.
1567 359 1621 408 ΡΙ
1642 359 1696 408 ili

1413 444 1551 495 resp.
1578 431 1663 488 24,
1688 430 1773 480 51.

335 505 388 557 3.
428 503 652 568 Philipp.
688 502 785 565 13,
817 501 907 565 15,
937 500 1024 553 31.
1065 500 1132 549 ad
1167 501 1271 552 Att.
1344 498 1408 548 Ρ.
1432 494 1710 549 Servilius
1740 494 2019 546 Globulus
2038 497 2295 547 tribunus
2314 498 2393 562 pl.

339 572 421 636 13,
444 574 531 633 44,
551 572 605 624 3.
627 599 696 609 —
715 571 900 627 Casca,
935 568 1166 620 Caesaris
1197 569 1277 616 in-

332 643 596 703 terfector,
633 640 765 691 male
785 654 813 688 a
841 637 1077 690 Cicerone
1101 652 1276 702 repre-

333 712 555 771 hensus,
591 724 674 775 ep.
709 710 776 759 ad
803 708 942 760 Brut.
983 708 1046 769 1,
1086 707 1168 761 17,
1204 730 1278 742 -

1414 584 1462 617 a.
1484 583 1536 620 u.
1562 582 1605 615 c.
1633 566 1754 617 687.
1780 566 1933 615 Asiae
1959 566 2199 629 praetor,
2237 565 2395 615 Cice-

1413 637 1553 686 ronis
1580 636 1927 698 necessariae,
1950 648 2043 697 pro
2070 635 2270 685 Flacco
2294 636 2368 686 32

1416 706 1502 757 76.

2370 674 2387 701 Ὁ

333 780 521 843 Casca,
554 780 783 830 Caesaris
808 790 1076 842 percussor
1089 811 1104 836 ,
1127 777 1200 825 lb.
1225 775 1273 838 1,
1344 772 1408 825 Ia.
1426 769 1701 825 Servilius
1713 760 2017 821 Postumus
2032 771 2187 821 heres
2202 772 2268 830 Q.
2284 776 2387 822 Tu·

336 850 418 901 18.
457 848 522 902 01.
545 848 766 914 Philipp.
786 847 838 907 2,
865 846 945 907 ιι,
968 847 1054 899 27.

263 948 366 999 Gn.
390 946 666 1001 Servilius
689 944 988 1009 Geminus,
1021 944 1197 995 consul
1227 959 1274 993 a.

332 1036 385 1068 u.
408 1033 451 1068 c.
475 1018 596 1067 537.
616 1054 631 1078 ,
657 1017 838 1066 occidit
857 1018 909 1064 in
932 1014 1127 1080 proelio
1149 1012 1278 1063 Can-

335 1087 508 1147 nonai,
529 1085 732 1134 Tuscul.
757 1085 813 1145 1,
835 1084 922 1143 37,
943 1081 1028 1134 89.

263 1171 340 1223 Μ.
363 1167 635 1222 Servilius
668 1165 940 1219 Geminus
967 1168 1086 1217 trib.
1115 1168 1191 1233 pl.
1225 1183 1273 1222 a,

333 1256 385 1292 u.
409 1256 456 1289 c.
477 1238 594 1291 694.
609 1275 623 1298 ,
644 1239 713 1288 ad
732 1239 833 1287 Ait.
856 1237 909 1297 6,
929 1236 961 1287 3
975 1275 986 1297 ,
1012 1236 1097 1287 10.
1134 1236 1275 1286 Brut.

334 1311 420 1371 77,
444 1308 564 1361 269.
605 1308 669 1357 V.
691 1306 770 1357 M.
793 1303 1088 1357 Servilius.

267 1394 330 1446 (Σ.
369 1388 645 1445 Servilius
687 1387 951 1454 Glaucia,
987 1390 1142 1455 longe
1164 1396 1283 1454 post

1416 845 1511 902 rii,
1530 842 1597 891 ad
1612 840 1733 890 fam.
1760 842 1845 902 12,
1869 841 1949 901 16,
1986 841 2034 890 1.

1345 909 1411 961 Ρ.
1444 907 1726 964 Servilius
1757 908 1997 973 Rullus,
2028 910 2279 959 tribunus
2306 910 2381 973 pi.

1418 979 1626 1032 consule
1646 978 1887 1029 Cicerone
1912 992 1961 1029 a.
1983 993 2039 1026 u.
2060 994 2109 1029 c.
2129 976 2283 1039 691..
2308 979 2382 1028 le-

1417 1065 1532 1117 gem
1564 1049 1815 1114 agrariam
1844 1048 1991 1106 tulit,
2016 1061 2175 1109 quam
2197 1045 2378 1097 Cicero

1416 1120 1579 1169 tribus
1616 1118 1930 1167 orationibus
1975 1114 2235 1166 dissuasit
2250 1154 2266 1180 ,
2313 1119 2379 1166 de

1413 1188 1530 1253 lege
1547 1202 1655 1251 agr.
1682 1186 1731 1249 1,
1756 1186 1804 1246 1,
1829 1185 1855 1235 1
1878 1199 1989 1247 sqq.
2005 1212 2071 1221 —
2091 1186 2225 1233 Eius
2242 1185 2377 1250 legis

1418 1256 1649 1322 agrariae
1680 1268 1779 1309 non
1816 1253 2082 1303 dissimilis
2114 1262 2232 1303 erat
2262 1256 2375 1303 via-

1416 1327 1523 1384 ria,
1548 1340 1580 1373 a
1603 1322 1657 1373 C.
1682 1322 1899 1373 Curione
1922 1336 1971 1373 a.
1998 1338 2049 1373 ιι.
2072 1339 2120 1376 c.
2146 1322 2272 1374 704.
2298 1325 2373 1373 ia·

1419 1402 1580 1457 cteta,
1605 1391 1739 1441 Cael.
1764 1392 1831 1441 ad
1848 1390 1969 1443 fam.
1992 1390 2045 1449 8,
2066 1391 2118 1454 6,
2138 1392 2191 1442 5.

285 1506 291 1511 .
333 1464 564 1513 homines
583 1469 728 1511 natos
749 1458 1283 1525 improbissimu8‚sed
1348 1460 1412 1512 Ρ.
1443 1458 1722 1513 Servilius
1760 1458 1821 1508 C.
1860 1458 1923 1508 F.
1962 1457 2040 1507 Μ.
2074 1458 2146 1509 Ν.
2185 1459 2367 1525 Vatia,

334 1543 610 1597 peracutus
629 1538 678 1579 et
705 1530 922 1579 callidus
943 1544 1056 1577 cum
1075 1529 1282 1593 primis·

337 1618 436 1663 que
471 1598 738 1650 ridiculus.
790 1600 840 1648 Is
868 1606 1075 1663 praetor
1102 1597 1282 1647 eodem

337 1672 449 1730 die,
481 1684 578 1731 quo
601 1667 902 1716 Saturninus
930 1668 1162 1717 tribunus
1183 1665 1278 1729 pl.,

335 1738 493 1788 Mario
515 1744 563 1786 et
585 1737 766 1785 Flacco
786 1750 918 1785 coss.
942 1751 992 1786 a.
1015 1751 1065 1783 u.
1089 1750 1134 1783 c.
1156 1733 1277 1785 654.

335 1806 537 1872 publice
559 1812 637 1855 est
662 1804 987 1862 interfectus,
1021 1804 1164 1853 Brut.
1189 1803 1279 1864 62,

333 1876 456 1926 224.
477 1899 547 1913 ·-
565 1874 778 1926 Glaucia
805 1873 1002 1923 solebat
1031 1872 1279 1938 populum

335 1960 559 2006 monere,
580 1953 661 1998 ut.
691 1959 846 2008 quum
864 1944 947 1994 lex
965 1942 1135 2006 aliqua
1151 1943 1279 1992 reci-

334 2021 548 2079 taretur,
581 2015 802 2080 primum
834 2027 1034 2063 versum
1054 2011 1279 2062 attende-

335 2092 438 2134 ret:
495 2085 541 2132 si
582 2089 716 2133 esset
750 2097 1027 2142 nic-raros,
1071 2095 1277 2140 consus,

335 2167 594 2210 raasson,
637 2166 892 2202 meisa-sa
927 2165 1181 2212 sonuum,
1215 2164 1280 2198 ne

339 2222 618 2280 laboraret;
637 2222 790 2269 sciret
808 2219 935 2268 nihil
956 2220 1024 2269 ad
1047 2234 1102 2269 se
1122 2219 1280 2283 perti-

337 2304 480 2354 nere,
503 2291 584 2338 sin
613 2297 809 2339 autem:
842 2302 1136 2346 omonimus
1155 2301 1279 2337 ros‘r

336 2373 471 2412 nanc
495 2373 682 2417 mesu,
708 2359 920 2418 videret,
943 2373 1007 2408 ne
1027 2372 1127 2422 qua
1148 2371 1280 2406 nova

336 2431 634 2494 quaestione
652 2427 988 2495 adligaretur,
1025 2442 1119 2493 pro
1147 2425 1278 2474 Rab.

334 2500 576 2552 Postumo
598 2499 650 2561 6,
675 2498 758 2553 14.
774 2497 1067 2548 —Glauoia
1083 2495 1280 2561 primus

335 2570 480 2634 tulit,
511 2578 564 2618 ut
585 2569 1115 2634 comperendinaretur
1140 2577 1277 2625 rena,

335 2639 482 2687 Verr.
505 2645 728 2688 accusat.
753 2637 800 2694 1,
818 2636 871 2698 9,
893 2638 976 2689 26.
1001 2661 1066 2671 --
1081 2634 1281 2682 Dictum

339 2708 450 2754 eius
479 2707 530 2753 in
565 2706 618 2754 C.
645 2704 868 2754 Sestium
891 2703 1182 2763 Calvinum,
1213 2702 1281 2752 de

337 2779 464 2823 orat.
488 2774 550 2832 2,
583 2773 678 2829 61,
709 2770 827 2823 249.
853 2797 918 2805 --
939 2770 990 2818 in
1022 2769 1280 2820 Metellum

335 2840 659 2890 Numidicum
676 2874 690 2898 ,
728 2839 803 2885 lb.
836 2838 898 2898 2,
930 2837 1028 2901 65,
1067 2837 1188 2892 263.
1212 2865 1276 2874 -

339 2909 549 2960 Glaucia
595 2913 824 2955 ‘stercus
860 2907 1029 2956 curiae
1045 2911 1060 2937 ’
1102 2908 1281 2972 putide

337 2981 502 3029 dictus
519 2977 582 3025 ab
606 2982 802 3023 oratore
821 2975 990 3038 aliquo
1007 3012 1023 3041 ‚
1055 2976 1117 3027 de
1150 2983 1277 3027 orat.

335 3047 396 3107 3,
426 3045 491 3096 41
514 3081 528 3104 ,
569 3043 682 3093 164.
704 3069 773 3079 --
792 3043 992 3110 Religio
1027 3044 1080 3098 C.
1115 3045 1277 3095 Mario

335 3129 439 3165 non
456 3113 571 3179 fuit,
599 3127 698 3175 quo
725 3113 890 3164 minus
913 3113 967 3166 C.
995 3113 1277 3177 Glauciam,

337 3185 402 3235 de
432 3198 531 3246 quo
569 3181 693 3232 nihil
720 3185 1017 3234 nominatim
1048 3191 1155 3232 erat
1189 3184 1278 3233 de·

335 3259 553 3313 cretum,
587 3260 870 3318 praet-orem
907 3253 1183 3313 occideret,
1222 3253 1277 3301 in

338 3321 482 3371 Catil.
507 3321 566 3384 3,
594 3323 642 3374 6.
667 3321 749 3375 15.
771 3350 840 3360 --
857 3321 1154 3372 Inter-fectus
1173 3335 1278 3370 una

335 3404 448 3437 cum
482 3389 540 3440 L.
564 3390 818 3455 Appuleio
848 3391 1120 3441 Saturnino
1138 3425 1153 3450 ,
1184 3403 1274 3453 pro

337 3455 394 3509 C.
427 3456 554 3510 Rab.
583 3459 728 3523 perd.
763 3460 824 3520 7,
851 3459 937 3511 20.
977 3460 1028 3507 in
1057 3457 1200 3508 Catil.
1221 3456 1273 3517 1,

1421 1532 1509 1595 qui
1538 1538 1719 1595 postea
1751 1524 2041 1579 Isauricus
2074 1530 2367 1594 appellatus

1420 1607 1511 1649 est.
1532 1626 1604 1635 —
1620 1598 1794 1662 Nepos
1820 1598 1879 1656 Q.
1906 1596 2095 1646 Metelli
2132 1600 2367 1649 Macedo-

1420 1669 1521 1717 nici
1537 1704 1552 1732 ‚
1575 1667 1639 1717 de
1658 1668 1813 1717 domo
1846 1680 1939 1714 sua
1956 1665 2025 1715 47
2038 1700 2054 1725 ,
2078 1664 2199 1716 123.
2219 1692 2290 1703 --
2308 1670 2363 1717 Ρ.

1420 1736 1670 1787 Servilius
1688 1735 1843 1784 Vatia
1863 1733 2143 1798 Isauricus,
2168 1737 2366 1801 gravis-

1419 1807 1579 1855 simus
1614 1812 1663 1853 et
1684 1803 2039 1855 sanctissimus
2075 1804 2234 1867 civis,
2274 1820 2365 1871 pr>

1420 1875 1599 1926 Flacco
1612 1873 1696 1937 40,
1716 1874 1831 1926 100.
1850 1897 1915 1908 -
1928 1872 1987 1921 In
2002 1870 2262 1923 Saturnini
2279 1888 2367 1923 ne-

1421 1961 1479 1995 ce
1492 1960 1539 1994 a.
1554 1960 1660 1996 n.c.
1672 1943 1793 1995 654.
1807 1957 1921 1992 cum
1936 1943 2234 1994 consulibus
2250 1943 2363 2005 fuit,

1418 2027 1512 2080 pro
1535 2012 1592 2063 C.
1613 2013 1739 2062 Rab.
1760 2011 1904 2077 perd.
1927 2013 1987 2075 7,
2011 2011 2095 2064 21.
2117 2039 2189 2048 --
2204 2013 2365 2062 Iudex

1420 2083 1593 2132 Verris
1614 2096 1727 2134 a.u.
1744 2098 1786 2131 c.
1804 2080 1944 2142 684.,
1970 2081 2117 2132 Verr.
2138 2089 2360 2130 accusat.

1418 2149 1451 2202 3
1467 2188 1480 2210 ,
1500 2151 1598 2210 90,
1630 2151 1718 2200 21.
1740 2175 1805 2188 --
1828 2151 1997 2212 Agros
2024 2148 2364 2198 Attalensium

1420 2228 1569 2283 atque
1589 2217 1983 2286 Olympenorum
2003 2218 2196 2282 populo
2214 2219 2359 2269 Rom.

1420 2289 1624 2340 Servilii
1652 2289 1865 2338 victoria
1883 2286 2141 2350 adiunxit,
2168 2288 2228 2336 de
2249 2287 2361 2352 lege

1421 2374 1529 2424 agr.
1554 2358 1609 2417 1,
1629 2359 1688 2417 2,
1716 2357 1767 2407 5.
1808 2354 1871 2405 cl.
1901 2355 1969 2406 ib.
1995 2356 2052 2418 2,
2086 2354 2168 2419 19,
2187 2355 2273 2406 50.
2299 2380 2359 2391 -

1418 2427 1557 2477 Unus
1587 2427 1761 2490 plures
1778 2423 2091 2489 praedonum
2114 2425 2269 2474 duces
2292 2426 2359 2472 vi-

1418 2510 1511 2547 vos
1528 2497 1663 2560 cepit
1682 2509 1831 2558 quam
1847 2507 2021 2543 omnes
2036 2500 2206 2553 antea,
2218 2497 2354 2544 Verr.

1420 2571 1640 2616 accusat.
1668 2567 1731 2625 5,
1768 2561 1863 2625 26,
1884 2561 1974 2615 66.
2012 2563 2078 2611 cl.
2102 2563 2171 2612 ib.
2194 2564 2258 2625 5,
2276 2562 2355 2620 30,
2444 2599 2449 2606 .

1421 2635 1504 2686 79.
1542 2659 1612 2672 ——
1651 2632 1792 2691 Quae
1831 2632 1982 2696 signa
2027 2638 2178 2692 atque
2216 2645 2355 2682 orna-

1420 2709 1588 2752 menta
1618 2717 1681 2752 ex
1708 2702 1830 2750 urbe
1857 2698 2083 2750 hostium
2107 2699 2227 2750 belli
2247 2700 2355 2765 lege

1420 2781 1569 2835 atque
1610 2770 1937 2836 imperatorio
1990 2770 2103 2817 iure
2144 2768 2354 2830 sustulit,

1420 2857 1480 2891 ea
1516 2841 1709 2906 populo
1736 2840 1887 2888 Rom.
1924 2839 2237 2902 apportavit,
2266 2851 2354 2902 per

1418 2910 1732 2974 triumphum
1760 2909 1934 2971 vexit,
1961 2908 2015 2956 in
2041 2905 2241 2956 tabulas
2261 2921 2349 2971 pu-

1417 2979 1577 3029 blicas
1608 2979 1675 3028 ad
1712 2976 1963 3027 aerarium
2000 2974 2351 3040 perscribenda

1420 3048 1634 3098 curavit.
1650 3071 1717 3082 --
1735 3045 1895 3094 Iudex
1913 3046 1967 3092 in
1985 3059 2143 3094 eausa
2161 3041 2215 3093 C.
2234 3045 2351 3094 Ver-

1419 3119 1490 3166 ris
1505 3152 1521 3179 ,
1543 3116 1618 3166 lb.
1640 3115 1690 3177 1,
1710 3114 1799 3179 21,
1820 3113 1909 3166 56.
1928 3140 2002 3151 —
2018 3113 2233 3161 Favebat
2256 3111 2349 3175 legi

1419 3184 1681 3248 Maniliae,
1708 3183 1772 3233 de
1792 3183 1917 3245 imp.
1948 3179 2040 3234 Cri.
2066 3181 2239 3246 Pomp.
2268 3179 2345 3240 23,

1416 3253 1501 3305 68.
1524 3281 1595 3290 -
1620 3250 1974 3317 Triumphavit
1995 3264 2044 3302 a.
2068 3266 2119 3302 u.
2144 3265 2186 3299 c.
2216 3247 2347 3307 680„

1418 3325 1469 3370 in
1489 3323 1658 3372 Pison.
1690 3323 1786 3380 24,
1816 3317 1904 3371 58.
1926 3344 1996 3356 -
2015 3317 2218 3368 Ciliciae
2240 3332 2348 3382 pro-

1417 3390 1594 3440 consul
1631 3403 1815 3438 usuras
1859 3384 2193 3446 Graecorum,
2232 3399 2347 3448 quas

1414 3458 1736 3522 pactionibus
1762 3455 2105 3520 ascripserant
2122 3455 2347 3513 servavit,

2034 396 2046 407 .
2071 361 2137 410 de
2152 360 2399 427 hai-usp.
2474 354 2476 381 ²
