2500 3850
12 1908 19 1986 ἰ

906 214 1177 261 ROMANI
1206 236 1280 245 —-
1303 215 1652 264 sommus,
2202 202 2324 264 339

308 380 457 434 atque
494 372 675 421 urbani
710 372 873 431 saleS,
926 385 1027 419 non
1071 370 1245 434 Attici,

308 441 400 489 sed
420 440 661 490 salsiores
680 456 831 503 quam
851 440 929 489 illi
946 440 1245 501 Atticorum,

308 510 372 559 ad
392 508 517 561 fam.
536 507 597 571 9,
621 509 714 571 15,
735 510 785 562 2.
807 534 876 544 —
903 509 1247 557 Romanorum

307 592 420 628 cum
451 575 659 627 Graecis
682 579 1008 642 comparatio,
1034 576 1242 627 Tuscul.

308 648 333 697 1
356 684 370 709 ,
396 648 453 706 1,
481 647 505 696 1
538 661 649 709 sqq.
686 673 758 684 —-
791 646 1005 695 Romani
1045 652 1246 711 praeter

306 724 531 763 caeteras
562 723 742 780 gentes
772 715 940 765 laudis
973 723 1023 765 et
1050 713 1243 780 gloriae

304 784 458 847 avidi,
484 784 547 833 de
564 784 687 848 imp.
712 773 802 833 cn.
825 786 1003 848 Pomp.
1026 783 1077 841 3,
1100 785 1149 833 7.
1172 810 1243 819 -

302 852 469 902 Nostri
500 850 718 916 (incolae
744 855 885 904 urbis
905 848 1126 915 Romae)
1146 852 1242 899 mi-

304 936 399 971 nus
428 922 634 971 student
664 923 845 972 litteris
876 936 1027 985 quam
1054 920 1240 984 Latini,

304 989 367 1040 de
386 997 513 1042 orat.
536 991 587 1051 3,
614 991 694 1055 11,
718 989 1243 1042 43.-——R0manorum

305 1060 511 1125 ingenia
574 1061 890 1123 virtutesque
970 1058 1243 1109 laudantur

303 1129 523 1177 maxime
551 1129 615 1177 iis
646 1129 698 1176 in
720 1129 931 1190 studiis,
968 1144 1096 1191 quae
1127 1141 1239 1177 sero

304 1197 575 1247 admodum
612 1198 836 1261 expetita
872 1214 900 1246 e
941 1196 1150 1247 Graecia
1188 1197 1241 1245 in

304 1280 446 1314 suam
470 1266 725 1316 civitatem
743 1266 1122 1330 transtulerunt,
1139 1266 1241 1314 Tu-

302 1335 431 1384 seul.
446 1336 561 1396 4,1‚
585 1335 633 1385 1.

233 1400 475 1454 Romani
494 1403 621 1468 ludi,
650 1404 793 1453 Verr.
824 1411 1045 1455 accusat.
1085 1402 1133 1463 1,
1163 1402 1240 1461 10,

303 1472 389 1525 31.
431 1497 502 1509 —-·
548 1474 606 1523 L.
646 1472 974 1535 Tarquinium
1013 1472 1243 1521 Priscum

302 1542 519 1605 primum
540 1540 691 1592 ludos
710 1542 960 1591 maximos
976 1576 989 1601 ,
1029 1541 1116 1603 qui
1135 1539 1239 1590 Ro-

303 1611 439 1659 mani
481 1610 603 1660 dicti
646 1616 788 1672 sunt,
829 1609 1010 1660 fecisse
1040 1610 1240 1674 accepi-

304 1694 433 1735 mus,
474 1679 538 1729 de
555 1692 596 1728 r.
622 1694 673 1743 p.
695 1682 745 1739 2,
768 1678 854 1739 20,
874 1678 958 1731 36.
998 1678 1061 1727 cl.
1089 1679 1237 1729 Verr.

302 1754 522 1797 accusat.
554 1748 607 1808 5,
638 1749 720 1810 14,
740 1746 827 1800 36.
880 1749 943 1797 de
964 1754 1090 1799 orat.
1113 1746 1163 1805 1,
1184 1748 1234 1807 7,

230 1881 475 1936 Romani
530 1886 708 1936 rustici
757 1886 810 1936 in
857 1898 979 1950 agro
1023 1880 1233 1934 Sabino.

300 1955 486 2004 Eorum
508 1954 703 2019 laudes,
736 1955 798 2005 de
816 1969 924 2007 sen.
946 1955 997 2015 7,
1021 1954 1105 2003 24.

229 2021 546 2074 Romanum
578 2038 780 2074 nomen.
823 2030 841 2057 θ
858 2022 1115 2073 Silvestris
1136 2022 1237 2070 Ro-

297 2095 437 2141 mani
465 2093 685 2142 nominis
720 2093 871 2142 altrix
900 2093 1081 2140 Martia
1115 2091 1238 2154 lupa

299 2188 326 2197 -
344 2187 373 2197 -
392 2159 623 2211 fulminis
644 2163 747 2209 ictu
778 2161 1000 2210 concidit
1014 2165 1051 2222 ’,
1076 2160 1139 2209 de
1161 2160 1237 2208 di-

296 2230 404 2278 vin.
428 2230 477 2287 1,
503 2228 588 2288 12,
607 2230 693 2282 20.

226 2295 777 2362 Romanus‘populus,
817 2311 915 2360 quo
941 2297 1090 2346 modo
1114 2312 1232 2361 pos-

296 2367 581 2417 sessionem
612 2366 708 2414 sibi
748 2367 899 2415 totius
929 2365 1067 2414 orbis
1097 2380 1233 2416 com-

296 2435 518 2499 pararit,
556 2435 620 2484 de
644 2451 683 2485 r.
704 2448 757 2499 p.
782 2433 832 2497 3,
857 2433 938 2493 13,
960 2435 1043 2484 22.
1084 2435 1159 2486 lb.
1182 2435 1233 2494 3,

296 2503 384 2568 23,
408 2502 491 2553 35.
515 2530 582 2540 -
606 2504 866 2553 Romanus
887 2502 1105 2566 populus
1124 2517 1233 2552 ma-

296 2574 435 2621 xime
456 2573 611 2622 animi
640 2572 991 2637 magnitudine
1013 2570 1229 2633 excellit,

185 2655 191 2660 ·
296 2641 359 2690 de
380 2641 461 2690 off.
491 2641 538 2702 1,
563 2640 646 2701 18,
668 2641 750 2692 61.
774 2667 841 2676 ——
868 2638 1040 2690 Omnis
1054 2640 1233 2706 populi
1276 2705 1280 2710 .

295 2709 441 2760 Rom.
473 2710 655 2776 religio
682 2711 734 2760 in
754 2723 898 2761 sacra
917 2710 1035 2760 etin
1056 2709 1230 2774 auspi-

296 2780 373 2827 cia
392 2779 561 2828 divisa
577 2786 678 2844 est,
716 2780 779 2829 de
799 2795 851 2830 n.
874 2779 925 2832 d.
956 2779 1006 2842 3,
1034 2780 1085 2840 2,
1108 2779 1160 2829 5.

226 2844 492 2899 Romulia
509 2847 689 2909 tribus,
709 2850 857 2898 Verr.
872 2855 1090 2898 accusat.
1116 2847 1161 2909 1,
1177 2846 1227 2905 8,

297 2915 379 2968 23.
419 2917 481 2967 de
499 2915 613 2982 lege
632 2932 744 2982 agr.
764 2918 815 2978 2,
837 2917 921 2978 29,
945 2919 1031 2969 79.

228 2981 522 3036 Romulus.
595 2987 723 3037 Tota
765 2987 874 3037 eius
902 2985 1114 3036 historia
1142 3000 1231 3035 co-

294 3055 439 3119 piose
477 3057 749 3120 exponitur
769 3057 831 3106 de
860 3071 904 3107 r.
938 3071 991 3120 p.
1014 3057 1076 3115 2,
1105 3056 1165 3116 2,
1193 3056 1230 3103 4

296 3123 1224 3257 {2525111212328’aith-gis·

465 3232 479 3246 0
550 3230 565 3258 ‚
638 3230 652 3251 β
714 3229 726 3240 ”
750 3221 815 3230 -
1206 3220 1227 3229 ⁸-

296 3261 374 3309 nis
394 3260 565 3311 multis
586 3262 681 3311 fuit
698 3263 962 3321 Homerus,
983 3261 1123 3313 Brut.
1142 3259 1225 3323 10,

295 3328 381 3382 40.
403 3355 474 3366 --
493 3331 737 3381 Romulus
756 3338 805 3380 et
822 3331 1028 3390 RemuS,
1060 3345 1089 3378 a
1109 3329 1230 3391 lupa

294 3399 499 3459 nutriti,
534 3399 598 3449 de
623 3400 780 3451 divin.
802 3399 829 3448 1
847 3436 859 3457 ,
885 3399 977 3455 12,
1005 3397 1091 3450 20.
1152 3398 1226 3445 Ib.

294 3468 343 3526 2,
366 3465 451 3529 20,
483 3467 569 3520 45.
624 3466 699 3518 lb.
721 3468 771 3532 2,
802 3467 888 3530 21,
908 3467 993 3516 47.
1023 3492 1090 3502 -
1127 3463 1229 3512 Ro-

1388 369 1556 419 mulus
1591 370 1805 420 consilio
1841 379 1889 421 et
1929 373 2180 437 sapientia
2220 374 2326 421 sin-

1387 440 1557 505 gulari
1604 440 1778 505 potius
1835 456 1985 502 quam
2037 441 2328 504 eloquentia

1383 516 1614 573 pastores
1636 511 1987 575 congregavit,
2025 508 2330 561 Sabinorum

1386 577 1602 627 conubia
1655 579 1946 639 coniunxit,
1999 578 2328 628 finitimorum

1386 648 1491 695 vim
1509 649 1783 712 repressit,
1835 648 1898 696 de
1922 654 2046 696 orat.
2069 648 2096 697 1
2113 685 2127 711 ‚
2149 645 2209 710 9,
2237 648 2324 699 37.

1382 741 1449 751 —
1482 716 1729 765 Romulus
1766 716 2060 780 pastoribus
2083 715 2326 780 praefuit,

1384 783 1448 832 de
1469 784 1626 835 divin.
1654 785 1702 848 1,
1726 786 1810 848 47,
1838 783 1953 835 105.
1980 811 2047 821 —
2077 784 2202 834 Eius
2235 800 2325 833 au-

1383 861 1596 919 guratus
1615 853 1917 918 pastoralis,
1957 868 2058 903 non
2099 854 2325 903 urbanus

1382 922 1512 983 fuit,
1546 938 1640 972 nec
1670 920 1818 972 fictus
1848 923 1915 972 ad
1934 923 2200 986 opiniones
2230 923 2326 971 im-

1379 993 1686 1056 peritorum,
1721 991 1813 1041 sed
1841 1006 1870 1040 a
1899 992 2051 1042 certis
2086 998 2326 1057 acceptus

1383 1067 1431 1108 et
1470 1061 1690 1125 posteris
1725 1060 1970 1121 tradituS,
2017 1061 2094 1109 lb.
2137 1061 2194 1121 1,
2232 1060 2322 1121 48,

1384 1127 1500 1179 107.
1557 1130 1717 1192 lb.2‚
1754 1127 1852 1191 33,
1896 1129 1982 1181 70.
2023 1155 2093 1165 -
2127 1130 2324 1178 'Versus

1381 1198 1534 1249 Ennii
1554 1199 1617 1248 de
1647 1213 1727 1258 eo,
1765 1198 1836 1248 Ib.
1883 1221 1953 1232 —-
1990 1198 2046 1246 In
2067 1197 2324 1247 Aventino

1381 1270 1652 1332 augurium
1686 1268 1847 1331 cepit,
1885 1264 1958 1317 Ib.
1979 1292 2048 1301 —-
2075 1266 2324 1316 Romulus

1381 1343 1432 1384 et
1462 1337 1670 1394 RemuS‚
1696 1336 1856 1402 ,ambo
1881 1348 2122 1398 augures,
2162 1334 2226 1382 de
2245 1334 2322 1384 di·
2345 1352 2357 1365 ·

1377 1405 1484 1453 vin.
1506 1405 1556 1463 2,
1580 1402 1666 1462 38,
1685 1401 1771 1453 80.
1810 1401 1874 1451 cl.
1894 1404 1945 1450 in
1967 1401 2139 1451 Vatin.
2159 1401 2210 1461 8,
2233 1402 2319 1451 20.

1381 1471 1707 1521 —Romulus
1727 1472 1988 1536 auspicato
2008 1472 2182 1519 urbem
2201 1485 2322 1519 con-

1380 1541 1541 1602 didit,
1578 1541 1640 1590 de
1659 1538 1759 1604 leg.
1784 1541 1836 1601 2,
1862 1540 1943 1599 13,
1966 1536 2051 1592 33.
2071 1566 2141 1575 -—
2158 1538 2238 1587 Ab
2259 1553 2317 1588 eo

1379 1609 1634 1659 Parilibus
1653 1609 1869 1659 Romam
1890 1608 2142 1657 conditam
2175 1622 2317 1656 acce-

1379 1679 1576 1744 pimuS,
1616 1678 1679 1727 de
1707 1678 1863 1731 divin.
1889 1678 1951 1737 2,
1988 1677 2086 1737 47,
2125 1674 2212 1727 98.
2251 1704 2316 1711 —-

1377 1748 1626 1797 Romulus
1645 1748 1888 1811 auspiciis
1906 1784 1921 1807 ,
1959 1744 2124 1795 Numa
2155 1746 2317 1795 sacris

1379 1817 1666 1866 constitutis
1703 1815 2034 1865 fundamenta
2061 1815 2181 1863 iecit
2213 1814 2316 1864 Ro-

1377 1900 1558 1936 manae
1578 1885 1798 1935 civitatis
1816 1920 1829 1943 ,
1868 1884 1932 1934 de
1950 1898 2002 1932 n.
2027 1883 2077 1935 (1.
2101 1882 2152 1949 3,
2179 1885 2229 1944 2,
2261 1883 2312 1936 5.

1377 1983 1445 1992 —-
1463 1955 1708 2004 Romulus
1728 1954 1853 2002 lituo
1873 1953 2111 2018 regiones
2133 1952 2316 2002 direxit

1376 2032 1512 2083 tum,
1552 2039 1707 2086 quum
1743 2023 1922 2072 urbem
1951 2020 2212 2086 condidit,
2252 2020 2316 2070 de

1378 2094 1537 2143 divin.
1567 2092 1624 2154 1,
1648 2092 1730 2156 17,
1767 2089 1855 2142 30.
1907 2091 1981 2142 lb.
2015 2090 2066 2149 2,
2102 2087 2201 2152 38,
2227 2088 2312 2140 80.

1379 2189 1446 2198 -—
1472 2160 1719 2211 Romulus
1750 2160 1907 2209 fratre
1925 2160 2224 2224 interempto
2245 2159 2312 2208 si-

1376 2246 1440 2280 ne
1477 2230 1818 2281 controversia
1862 2230 2130 2294 peccavit,
2185 2241 2315 2291 pace

1377 2299 1455 2350 vel
1496 2299 1694 2358 Quirini
1721 2298 1803 2347 vei
1837 2296 2039 2347 Romuli
2071 2297 2312 2354 dixerim,

1374 2370 1437 2420 de
1456 2369 1546 2422 off.
1567 2367 1618 2426 3,
1640 2366 1725 2431 10,
1751 2367 1840 2417 41.
1861 2365 2179 2428 -Iuppiter
2198 2364 2314 2414 Sta-

1369 2446 1450 2487 tor
1487 2436 1670 2485 iisdem
1703 2433 1887 2495 quibus
1910 2431 2037 2482 haec
2071 2432 2193 2482 urbs
2223 2447 2315 2482 au-

1371 2507 1548 2570 spiciis
1577 2520 1607 2553 a
1641 2501 1856 2552 Romulo
1893 2501 2218 2564 constitutus,
2257 2501 2314 2548 in

1372 2573 1514 2624 Catil.
1539 2573 1586 2637 l,
1621 2570 1706 2629 13,
1727 2569 1810 2622 33.
1849 2595 1918 2604 —
1955 2570 2197 2634 Princeps
2228 2568 2312 2617 ille

1371 2651 1568 2693 creator
1599 2641 1753 2690 huius
1785 2638 1930 2688 urbis
1971 2637 2177 2688 foedere
2215 2636 2311 2687 Sa·-

1369 2713 1487 2761 bino
1520 2711 1692 2761 docuit
1721 2709 1876 2758 etiam
1905 2706 2139 2758 hostibus
2180 2708 2312 2758 reei-

1367 2781 1570 2846 piendis
1629 2777 1805 2844 augeri
1874 2775 2006 2826 hanc
2057 2778 2312 2828 civitatem

1371 2857 1636 2914 oportere,
1672 2863 1762 2912 pro
1785 2845 1946 2896 Balbo
1979 2846 2072 2909 13,
2117 2846 2201 2899 31.
2240 2873 2314 2883 -·

1367 2917 1615 2969 Romulus
1654 2931 1775 2967 num
1829 2917 2162 2965 barbarorum
2217 2929 2309 2964 rex

1370 2986 1550 3047 fuerit,
1589 2987 1652 3036 de
1670 3000 1711 3033 r.
1735 2999 1787 3047 p.
1809 2982 1857 3041 1,
1889 2981 1974 3046 37,
1995 2981 2081 3032 58.
2104 3011 2173 3023 --
2201 2982 2306 3030 En-

1368 3057 1443 3104 nii
1463 3053 1650 3104 versus'
1676 3053 1739 3100 de
1762 3048 2007 3107 Romulo,
2041 3049 2113 3098 Ib.
2152 3050 2200 3110 1,
2221 3051 2309 3112 41,

1369 3123 1454 3173 64.
1493 3149 1560 3158 -
1589 3119 1817 3169 Deiectio
1846 3117 1970 3167 solis
1997 3118 2049 3165 in
2086 3119 2196 3167 eius
2234 3120 2312 3167 in-

1369 3193 1546 3249 teritu,
1593 3188 1779 3251 fragm.
1813 3200 1866 3249 p.
1907 3184 2026 3235 289.
2067 3211 2138 3223 -—-
2175 3184 2312 3236 Solis

1371 3258 1585 3308 defectio
1604 3255 1702 3305 fuit
1724 3253 1884 3304 Nonis
1916 3253 2224 3313 Quintilibus
2257 3270 2308 3308 a.

1369 3342 1422 3379 u.
1443 3342 1488 3378 c.
1520 3325 1606 3378 39.
1647 3329 1890 3388 regnante
1909 3322 2158 3384 Romulo,
2197 3326 2311 3386 qui-

1371 3395 1462 3444 bus
1511 3391 1715 3456 quidem
1760 3391 2037 3442 Romulum
2087 3394 2313 3444 tenebris

1370 3463 1523 3514 etiam
1555 3463 1601 3512 si
1619 3461 2184 3582 natura2a2d*humanum
2206 3462 2311 3512 exi-
