2500 3850
249 153 376 215 272

318 321 541 388 petenda
558 321 743 378 est,de
762 337 813 375 n.
837 322 888 371 d.
908 321 960 382 3,
980 320 1064 386 36,
1084 320 1252 372 88.—

320 392 500 442 Statua
517 389 746 441 Africani
775 392 981 441 minoris
1012 392 1080 440 ad
1112 388 1250 456 Opis,

317 461 381 509 ad
402 461 507 509 Att.
529 459 562 510 6
580 494 595 519 ,
627 459 652 509 1
672 497 687 520 ,
717 460 797 511 17.
823 459 963 508 —In
984 457 1104 524 Opis
1126 460 1253 510 aede

320 528 504 578 Caesar
547 529 771 593 septiens
824 528 1022 578 miliens
1069 536 1254 578 sester-

316 599 443 648 tium
479 596 805 663 deposuerat:
845 597 915 646 ibi
951 598 1160 662 rapinae
1189 596 1252 645 ab

310 667 538 725 Antonio
556 665 665 716 fieri
685 668 945 730 dicuntur,
966 667 1040 715 Ib.
1063 667 1148 729 14,
1171 665 1253 725 14,

318 739 371 788 5.
392 761 463 771 --
480 734 745 786 Dolabella
765 734 932 785 adhuc
958 748 1058 784 nou
1076 733 1250 794 solvit,

316 804 609 870 praesertim
642 819 796 868 quum
818 819 872 852 se
894 804 1114 853 maximo
1137 817 1251 852 aere

316 871 483 922 alieno
519 872 717 923 Faberii
758 887 913 922 manu
948 873 1173 922 liberarit
1207 879 1254 919 et

315 939 480 1006 Opem
499 941 561 990 ab
595 957 655 990 eo
680 942 911 1005 petierit,
944 941 1019 994 1b.
1054 941 1144 1000 14,
1172 939 1253 998 18,

319 1011 370 1064 1.
416 1009 479 1058 cl.
500 1010 568 1058 ib.
592 1009 673 1069 16,
700 1010 781 1071 14,
804 1011 855 1058 4.
894 1009 1112 1074 Philipp.
1136 1009 1182 1067 1,
1203 1008 1253 1067 7,

321 1078 405 1128 17.
446 1077 519 1126 lb.
540 1079 604 1137 2,
630 1077 723 1138 14,
746 1077 829 1128 35.
870 1078 942 1127 Ib.
968 1079 1025 1141 2,
1047 1077 1144 1137 37,
1170 1076 1256 1128 93.

315 1147 387 1200 lb.
422 1147 474 1201 5,
492 1145 545 1203 6,
571 1147 650 1197 15.
684 1147 756 1195 lb.
784 1146 836 1204 8,
853 1145 905 1210 9,
933 1145 1017 1196 26.

246 1215 407 1284 Opus
428 1207 719 1280 (Ὀποῦς),
744 1216 862 1264 urbs
885 1214 1114 1264 Locridis
1130 1251 1144 1274 ,
1174 1229 1257 1264 ca-

316 1293 409 1353 put
432 1283 792 1352 Opuntiorum,
813 1273 1139 1336 Ὀπούντιοι
1154 1320 1169 1347 ,
1190 1283 1257 1333 ad

319 1358 425 1406 Att.
445 1357 495 1414 6,
517 1356 567 1416 2,
588 1355 640 1407 3.

246 1424 313 1478 Ρ.
338 1422 546 1476 Orbius
561 1460 577 1487 ,
600 1425 857 1476 Ciceronis
884 1425 988 1476 fere
1006 1422 1251 1488 aequalis,

316 1496 369 1545 in
390 1495 604 1544 dicendo
625 1508 726 1543 non
754 1494 908 1544 nimis
931 1495 1252 1557 exercitatus,

318 1565 369 1612 in
401 1564 510 1612 iure
540 1569 706 1611 autem
742 1562 881 1613 civili
916 1577 1017 1614 non
1044 1562 1254 1612 inferior

317 1647 469 1695 quam
495 1632 741 1694 magister
761 1631 820 1685 Τ.
850 1632 1109 1682 Iuventius
1137 1631 1253 1690 fuit,

316 1701 457 1751 Brut.
476 1699 563 1760 48,
586 1697 702 1748 179.
717 1700 852 1752 -Ρ,
876 1698 1078 1762 Orbius,
1099 1700 1254 1750 Asiae

313 1776 517 1834 praetor
536 1781 585 1815 a.
605 1782 657 1817 u.
680 1783 725 1820 o.
748 1766 869 1819 691.
912 1767 1125 1820 Globulo
1142 1783 1257 1819 suo·

316 1837 527 1896 cedenS,
548 1850 641 1899 pro
664 1835 842 1885 Flacco
860 1837 945 1898 31,
968 1837 1052 1888 76.

248 1903 481 1959 Othona
502 1905 596 1955 dea
615 1905 881 1957 orbitatem
902 1914 1128 1957 avertere
1148 1921 1256 1957 cre-

318 1976 440 2027 dita.
475 1976 668 2025 Fanum
709 1973 939 2025 Orbonae
966 1977 1035 2027 ad
1065 1978 1256 2027 Larum

317 2046 494 2096 aedem
509 2080 524 2107 ,
552 2045 616 2094 de
636 2059 688 2093 ιι.
710 2044 761 2097 d.
792 2044 843 2109 3,
868 2046 953 2108 25,
972 2044 1060 2099 63.

246 2110 313 2163 G.
344 2109 645 2166 Orchivium
661 2149 677 2177 ,
703 2112 960 2164 Ciceronis
981 2114 1180 2179 collega
1205 2113 1258 2161 in

316 2190 555 2247 praetura
574 2196 620 2231 a.
644 2196 695 2235 u.
719 2198 764 2231 c.
784 2182 904 2234 688.
912 2218 927 2244 ,
944 2198 1040 2249 pro
1060 2182 1257 2232 Cluent-

316 2250 400 2310 34,
422 2250 511 2301 94.
530 2277 602 2288 -
624 2250 892 2302 Peculatus
911 2252 1259 2315 quaestionem

316 2320 583 2370 exercebat
596 2356 609 2379 ,
642 2320 718 2369 Ib.
737 2320 832 2383 53,
862 2320 979 2371 147.
999 2346 1069 2355 -
1090 2318 1144 2371 O.
1164 2317 1258 2368 Or-

316 2388 534 2451 chivius‚
555 2389 683 2439 civis
705 2389 771 2440 ad
792 2389 1119 2440 ambitionem
1141 2403 1257 2453 gra-

316 2459 625 2509 tiosissimus
643 2494 657 2518 ,
686 2458 746 2518 Q.
774 2456 875 2508 cio.
901 2458 964 2508 de
981 2464 1088 2522 pet.
1115 2471 1256 2507 cons.

314 2526 367 2588 5,
393 2526 472 2577 19.
494 2554 565 2565 --
585 2526 810 2577 Orchivii
827 2564 841 2587 ,
860 2534 985 2577 orat.
1006 2525 1092 2586 48,
1115 2524 1231 2578 160.

244 2591 461 2659 Orcus,
494 2596 651 2645 frater
680 2596 813 2645 Iovis
840 2601 888 2643 et
920 2595 1169 2659 Neptuni,
1193 2608 1258 2643 an

318 2664 476 2729 dene,
504 2664 565 2713 de
588 2678 638 2712 ιι.
674 2664 725 2714 d.
757 2662 815 2721 3,
842 2662 932 2728 17,
964 2662 1050 2715 43.
1076 2663 1257 2712 -Τιι-

317 2732 444 2780 seul.
471 2732 520 2795 1,
540 2732 627 2792 21,
649 2729 733 2781 48.
756 2755 826 2768 ·-
854 2728 1010 2781 Orcus
1031 2732 1140 2782 sive
1163 2731 1256 2782 Dis

316 2807 463 2862 pater
488 2799 656 2863 rapuit
686 2797 949 2861 Liberam,
989 2800 1134 2850 Verr.
1173 2815 1258 2849 ac-

317 2874 479 2919 cusat.
498 2868 551 2928 4,
569 2865 655 2926 50,
679 2867 796 2917 111.

249 2933 482 2988 Orestes
496 2972 511 3001 ,
562 2934 697 2985 filiu's
750 2935 1151 3001 Agamemnonis
1208 2943 1257 2984 et

320 3004 774 3069 Clytaemnestrae,
822 3004 909 3066 qui
946 3004 1104 3069 patris
1142 3019 1257 3054 cae-

294 3074 433 3125 'dem
464 3074 663 3123 ulturus
692 3079 902 3122 matrem
938 3072 1141 3123 occidit.
1187 3074 1253 3124 V.

315 3142 641 3193 Milonianam
670 3142 733 3204 3,
758 3141 809 3192 8.
837 3170 911 3181 -
936 3140 1139 3192 Orestes
1174 3140 1256 3191 fu—

316 3213 483 3262 riosus
499 3249 514 3274 ‚
535 3211 743 3265 Tuscul.
769 3208 829 3273 3,
854 3212 913 3275 5,
938 3210 1019 3262 11.
1042 3237 1112 3247 -
1129 3210 1256 3261 Tres

317 3282 473 3345 primi
501 3294 679 3330 versus
699 3278 891 3331 Orestis
910 3280 1173 3344 Euripidei
1200 3281 1256 3329 in

316 3350 550 3399 Latinum
576 3348 836 3409 conversi,
860 3349 1069 3400 Tuscul.
1093 3351 1145 3408 4,
1167 3346 1251 3411 29,

314 3416 402 3467 63.
421 3442 493 3457 -
508 3418 625 3468 Piso
646 3418 836 3483 tragico
858 3417 943 3469 illo
965 3416 1140 3468 Oreste
1164 3416 1251 3466 de-

963 165 1134 213 OPUS
1166 186 1253 199 --
1279 167 1617 214 ORPHEUS.

1391 323 1622 383 mentior,
1645 323 1695 371 in
1712 321 1881 372 Pison.
1903 323 1988 383 20,
2011 325 2096 373 47.
2117 349 2190 360 —-
2211 323 2348 375 Ore-

1392 399 1495 440 stes
1532 398 1582 441 et
1609 390 1822 456 Pylades
1857 393 2123 458 egregium
2156 394 2348 443 amiei-

1391 461 1492 510 tiae
1511 460 1794 524 exemplum
1809 495 1825 520 ,
1848 460 1912 509 de
1929 460 2016 509 fin.
2043 461 2070 511 1
2087 497 2100 520 ,
2123 460 2223 525 20,
2245 459 2343 512 65.

1393 528 1468 577 lb.
1502 531 1567 592 2,
1605 531 1702 588 24,
1734 529 1933 582 79.1b.
1955 528 2246 588 5,22,63.
2268 556 2346 568 -

1395 595 1597 647 Orestes
1640 605 1689 645 et
1736 596 1950 662 Pylades
1996 598 2135 661 apud
2170 599 2344 647 Pacu-

1393 666 1562 724 vium,
1587 667 1650 716 de
1675 680 1776 714 am.
1807 666 1868 725 7,
1904 667 1992 717 24.
2030 665 2096 716 ad
2128 666 2251 715 Her.
2287 668 2344 726 1,

1393 734 1484 796 10,
1510 734 1593 783 17.
1629 733 1704 784 Ib.
1732 734 1758 783 1
1778 771 1793 796 ‚
1817 732 1910 796 15,
1933 736 2018 786 25.
2055 735 2132 784 Ib.
2158 735 2188 786 1
2209 771 2226 799 ,
2253 735 2344 798 16,

1391 801 1476 853 26.
1498 829 1564 837 -
1595 801 1796 852 Orestes
1833 803 1987 852 modo
2023 818 2140 864 rex,
2179 803 2344 854 modo

1392 872 1684 931 mendicus,
1713 872 1786 921 lb.
1808 873 1869 932 2,
1894 872 1988 931 23,
2007 871 2094 923 36.
2135 873 2200 922 de
2229 874 2342 921 inv.

1395 941 1444 1002 1,
1470 939 1551 1004 13,
1576 939 1657 991 18.
1699 941 1774 991 lb.
1801 942 1845 997 l,
1866 940 1953 1001 49,
1971 939 2059 990 92.

1328 1004 1580 1059 Orestes.
1620 1011 1684 1060 V.
1708 1006 1966 1059 Aufidius
1988 1006 2245 1060 Orestes.

1329 1073 1617 1128 Orestilla.
1656 1078 1722 1130 V.
1746 1074 1976 1127 Aurelia
1999 1075 2297 1128 Orestilla.

1329 1142 1582 1208 Orestis,
1629 1160 1750 1210 pars
1785 1146 2116 1197 Macedoniae
2149 1147 2340 1208 libera,

1398 1215 1460 1265 de
1479 1215 1688 1278 hat-usp.
1717 1229 1851 1279 resp.
1877 1215 1959 1275 16,
1980 1215 2064 1266 35.

1323 1282 1403 1334 Μ.
1430 1280 1649 1348 Orfius,
1670 1284 1735 1334 ad
1755 1285 1880 1338 fam.
1901 1285 1952 1344 7,
1971 1287 2020 1344 5,
2043 1285 2094 1337 2.

1323 1350 1402 1403 Μ.
1438 1349 1662 1416 Orfius,
1693 1368 1848 1416 eques
1873 1352 2046 1412 Rom„
2075 1351 2342 1403 Ciceronis

1393 1423 1804 1486 pernecessarius
1819 1437 1883 1471 ex
1903 1422 2177 1486 municipio
2192 1422 2342 1471 Atel-

1394 1491 1543 1550 lano,
1577 1489 1809 1541 tribunus
1840 1491 1978 1556 mil.,
2016 1491 2084 1541 ad
2112 1489 2169 1548 Q.
2193 1491 2261 1540 fr.
2285 1493 2340 1551 2,

1394 1559 1460 1608 12
1480 1557 1621 1624 (14),
1641 1557 1692 1612 3.

1327 1624 1504 1680 Orion
1525 1628 1758 1678 manibus
1775 1627 1996 1679 violasse
2015 1629 2234 1678 Dianam
2256 1629 2338 1677 di-

1395 1698 1524 1746 citur
1541 1697 1595 1746 in
1616 1697 1785 1747 insula
1801 1695 1926 1747 Chio
1942 1734 1955 1756 ,
1976 1699 2116 1749 Arat.
2137 1713 2187 1747 V.
2209 1696 2335 1750 668.

1394 1767 1468 1815 lb.
1503 1783 1552 1819 v.
1586 1766 1706 1818 237.
1736 1764 1855 1818 322.
1895 1765 2016 1819 343.
2038 1766 2157 1819 537.
2199 1766 2265 1816 de
2281 1779 2334 1813 ιι.

1396 1835 1446 1885 d.
1467 1835 1518 1894 2,
1537 1836 1623 1894 44,
1650 1833 1766 1886 113.
1807 1835 1880 1888 lb.
1904 1833 1954 1897 3,
1980 1833 2060 1900 10,
2082 1833 2167 1886 26.

1329 1899 1625 1971 Orithyia,
1661 1902 1964 1968 Erechthei,
2005 1906 2141 1971 regis
2175 1903 2334 1953 Athe·

1392 1974 1585 2023 niensis
1609 1971 1716 2023 filia
1732 2010 1746 2034 ‚
1779 1988 1809 2022 a
1828 1973 1989 2027 Borea
2007 1989 2050 2022 s.
2078 1974 2334 2037 Aquilone

1397 2043 1593 2093 sublata
1610 2042 1825 2092 Athenis
1839 2080 1854 2104 ,
1877 2043 1940 2095 de
1957 2043 2060 2107 leg.
2085 2042 2134 2105 1,
2155 2042 2203 2103 1,
2224 2042 2279 2093 3.

1329 2108 1679 2163 Oroandicus
1719 2126 1842 2175 ager
1858 2147 1871 2171 ,
1912 2110 2205 2174 Oroandes,
2244 2124 2334 2176 op-

1393 2181 1505 2246 pidi
1542 2180 1672 2229 inter
1706 2180 1952 2231 Pisidiam
1989 2186 2038 2229 et
2072 2180 2333 2239 Isauriam,

1397 2250 1460 2300 de
1481 2248 1595 2313 lege
1614 2263 1720 2313 agr.
1742 2249 1794 2307 2,
1816 2250 1901 2311 19,
1923 2249 2010 2299 50.

1330 2316 1566 2382 Orodes,
1585 2333 1676 2367 rex
1694 2318 2011 2381 Parthorum,
2037 2319 2181 2367 cuius
2199 2316 2333 2367 filius

1396 2388 1615 2437 Pacorus
1631 2424 1647 2453 ‚
1671 2386 1738 2436 ad
1757 2388 1862 2436 Att.
1893 2386 1952 2450 5,
1979 2386 2072 2447 18,
2096 2387 2143 2438 1.
2181 2386 2257 2439 Ib.
2280 2387 2333 2448 5,

1397 2458 1496 2518 21,
1527 2458 1577 2508 2.
1613 2455 1690 2506 Ib.
1711 2454 1774 2514 6,
1807 2457 1864 2516 1,
1898 2455 1982 2506 14.
2014 2455 2082 2505 ad
2100 2455 2224 2508 fam.
2248 2455 2331 2520 15,

1400 2525 1449 2585 1,
1483 2526 1533 2574 2.

1330 2591 1570 2644 Oroetes
1585 2628 1601 2656 ,
1620 2601 1822 2659 praetor
1839 2592 2018 2654 Darei,
2057 2592 2108 2640 in
2132 2606 2331 2643 erucem

1397 2663 1503 2728 egit
1520 2660 1830 2781 Pogcratem
1863 2660 2120 2725 Samium,
2155 2662 2218 2711 de
2244 2662 2326 2711 fin.

1395 2730 1447 2794 5,
1469 2729 1554 2790 30,
1649 2766 1664 2780 .

1327 2797 1580 2863 Oropus,
1615 2799 1864 2866 oppidum
1892 2798 2130 2857 Boeotiae
2152 2799 2204 2847 in
2219 2798 2328 2849 fini·

1392 2868 1491 2917 bus
1513 2867 1705 2917 Atticae
1719 2904 1732 2928 ‚
1753 2868 1820 2918 ad
1836 2866 1942 2917 Att.
1971 2868 2052 2925 12,
2074 2867 2158 2929 23,
2179 2868 2231 2919 2.

1327 2933 1605 3001 Orpheus.
1654 2935 1911 3002 Orpheum
1947 2939 2150 3001 poetam
2187 2937 2328 2987 docet

1391 3005 1691 3055 Aristoteles
1747 3020 2022 3068 numquam
2074 3005 2231 3055 fuisse
2281 3013 2328 3054 et

1395 3072 1670 3139 Orphicum
1696 3088 1896 3124 carmen
1931 3072 2224 3141 Pythagorii
2256 3074 2327 3124 fe·

1393 3150 1511 3191 runt
1531 3143 1792 3193 cuiusdam
1812 3143 1972 3193 fuisse
1992 3141 2245 3208 Cercopis,
2265 3144 2326 3193 de

1394 3225 1444 3262 n.
1486 3212 1538 3261 d.
1577 3212 1632 3274 1,
1681 3210 1780 3274 38,
1821 3210 1939 3262 107.
1975 3234 2047 3250 —·—
2083 3209 2324 3280 Orpheus,

1393 3278 1541 3330 Musa
1555 3279 1831 3345 (Calliopa)
1846 3288 2007 3330 matre
2023 3287 2188 3341 natus,
2209 3296 2324 3331 nus-

1395 3362 1547 3409 quam
1576 3355 1746 3399 tamen
1775 3349 1986 3414 colitur,
2015 3350 2077 3399 de
2105 3364 2157 3399 ιι.
2189 3350 2236 3403 d.
2271 3349 2320 3410 3,

1398 3414 1490 3477 18,
1511 3416 1597 3470 45.
1625 3442 1698 3456 —-
1723 3417 1850 3467 Eum
1881 3417 2155 3485 allegorice
2180 3419 2324 3469 inter-

2480 3344 2481 3365 1

2479 3368 2481 3407 l

2480 3421 2481 3460 l
