2500 3850
193 211 315 273 332

263 380 327 428 de
346 393 447 431 am.
474 380 526 441 7,
546 379 632 428 24.
662 378 725 428 de
746 377 829 431 fin.
853 380 903 441 2,
927 379 1010 443 24,
1033 378 1117 430 79.
1137 405 1203 414 —

261 448 483 513 Pyladea
501 448 725 497 amicitia
742 484 755 507 ,
777 448 852 500 lb.
872 448 923 512 2,
940 448 1025 507 26,
1046 448 1132 498 84.

191 515 470 584 Pyramus
485 552 500 580 ,
521 518 643 568 olim
661 517 997 582 Leucosyrus,
1016 518 1203 566 fluvius

260 586 510 651 Phrygiae
544 587 845 650 campestris
877 600 1039 651 prope
1072 584 1205 650 Cyd-

260 670 408 718 num,
432 656 499 705 ad
517 655 640 706 fam.
662 655 714 716 3,
739 655 822 714 11,
847 655 895 704 1.

189 720 389 791 Pyrgi,
412 725 642 773 Etruriae
668 724 933 788 oppidum,
955 723 1089 772 ultra
1107 723 1204 771 Mi-

260 794 463 843 nionem
496 795 558 843 ab
592 790 824 855 Oriente,
853 792 1049 843 incolae
1077 792 1202 857 Pyr-

259 877 471 941 genses,
493 865 554 913 de
574 870 698 912 orat.
722 863 773 921 2,
794 830 881 922 7'1,
903 861 1023 912 287.

188 924 709 999 Pyriphlegethon,
747 930 936 979 fluvius
975 932 1092 994 igne
1123 946 1201 979 ar-

261 1000 385 1049 dens
401 1000 763 1064 apudinl'eroS‚
780 999 904 1048 den.
912 999 960 1049 d.
968 998 1019 1061 3,
1028 998 1109 1056 17,
1113 998 1198 1049 43.

188 1067 413 1135 Pyrrho
435 1069 709 1127 Elidensis,
731 1066 958 1129 aequalis
983 1067 1202 1116 Alexan-

260 1137 339 1185 dri
356 1138 557 1203 Magni,
592 1137 823 1187 conditor
843 1135 1202 1201 philosophiae

260 1203 539 1270 scepticae.
561 1234 627 1242 —
646 1207 709 1255 Ei
727 1219 981 1254 summum
1009 1206 1200 1256 bonum

261 1282 361 1337 est,
396 1276 565 1325 media
583 1290 649 1325 ne
673 1276 861 1325 sentire
888 1275 1093 1336 quidem
1116 1289 1198 1324 sa-

258 1345 506 1410 pientem,
539 1360 669 1408 quae
692 1334 949 1394 ἀπάθεια
966 1344 1198 1394 nomina-

256 1420 363 1475 tur,
386 1414 542 1464 Acad.
566 1430 645 1481 pr.
668 1415 718 1475 2,
738 1413 824 1473 42,
848 1412 966 1463 130.
986 1415 1197 1478 -Pyr-

258 1481 349 1531 rho
373 1485 556 1533 virtute
587 1486 861 1533 constituta
886 1481 1013 1531 nihil
1038 1484 1198 1532 omni-

211 1553 223 1561 ”
258 1566 321 1600 no
344 1554 480 1614 quod
502 1554 842 1617 appetendum
864 1553 930 1601 sit
941 1551 1195 1614 relinquit,

258 1621 320 1669 de
340 1620 511 1679 firi-4,
546 1622 640 1685 16,
672 1621 757 1672 43.
792 1620 863 1668 lb.
886 1622 945 1683 4,
984 1619 1076 1679 18,
1110 1621 1195 1672 49.

258 1690 331 1737 Ib.
352 1690 413 1747 4,
440 1691 527 1751 22,
552 1688 637 1740 60.
662 1718 727 1727 -
748 1688 937 1753 Pyrrho
956 1696 1005 1737 et
1024 1690 1196 1739 Aristo

259 1759 428 1806 omnia
446 1766 755 1823 exaequant,
780 1758 852 1808 lb.
878 1758 927 1816 3,
952 1758 1002 1815 3,
1025 1756 1106 1811 11.
1128 1784 1199 1795 —-

257 1827 325 1875 Iis
343 1825 613 1877 honestum
634 1843 731 1877 non
750 1841 1005 1879 summum
1024 1828 1194 1888 mod0‚

258 1895 349 1952 sed
370 1897 524 1945 etiam
556 1896 721 1947 solum
755 1897 941 1946 bonum
972 1897 1193 1956 videtur,

258 1966 330 2014 lb.
355 1964 405 2024 3,
427 1967 479 2026 4,
504 1967 667 2016 12.—
684 1965 973 2032 PyrrhoniS,
1000 1966 1195 2016 Aristo·
1198 1973 1207 1982 ’

257 2035 335 2083 nis
354 2073 367 2096 ,
406 2034 582 2086 Herilli
626 2037 867 2100 explosae
905 2039 1195 2098 eiectaeque

256 2105 554 2163 sententiae,
576 2106 645 2154 lb.
671 2107 719 2167 5,
740 2105 792 2165 8,
808 2103 897 2154 23.
918 2105 1195 2154 —Aristo-

258 2171 365 2234 nis,
388 2172 663 2234 Pyrrhonis
682 2211 695 2233 ,
717 2173 893 2225 Herilli
914 2175 1195 2223 sententiae

257 2240 319 2288 de
336 2240 520 2290 finibus
539 2249 875 2305 evanuerunt,
912 2242 1117 2291 Tuscul.
1139 2243 1193 2302 5,
1238 2262 1251 2268 -

256 2307 344 2370 30,
364 2309 450 2360 85.
490 2309 556 2359 cl.
582 2311 644 2360 de
664 2311 750 2364 off.
777 2310 822 2369 1,
846 2312 895 2374 2,
918 2310 968 2360 6.
988 2311 1194 2376 -Pyr-

256 2377 375 2441 rho,
406 2380 612 2441 Aristo,
641 2379 855 2430 Herillus
874 2380 976 2430 iam
994 2381 1085 2429 diu
1103 2380 1193 2428 ab·

255 2449 397 2507 ieeti,
420 2449 483 2497 de
503 2448 587 2499 fin.
610 2451 672 2514 2,
696 2450 779 2510 11,
802 2448 886 2500 35
927 2450 1085 2510 Ib.2,
1111 2448 1193 2509 13,

256 2515 340 2567 43.
377 2517 580 2572 Tuscul.
606 2519 729 2582 2,6‚
752 2519 836 2571 15.

185 2581 501 2652 Pyrrhonei
524 2587 846 2652 philosophi,
875 2587 977 2636 iam
999 2587 1087 2637 diu
1108 2601 1196 2636 ex·-

256 2655 453 2712 suncti,
482 2657 545 2705 de
568 2664 694 2705 orat.
720 2655 771 2715 3,
798 2657 880 2716 17,
903 2658 988 2711 62.

184 2719 439 2787 Pyrrhus
480 2740 570 2774 rex
610 2725 771 2788 Epiri.
829 2724 953 2774 Cum
998 2723 1196 2773 duobus

258 2792 471 2840 ducibus
502 2793 566 2842 de
599 2793 815 2857 imperio
848 2793 897 2841 in
930 2790 1077 2842 Italia
1109 2793 1194 2842 de-

254 2866 499 2909 certatum
547 2869 648 2924 est,
689 2860 883 2926 Pyrrho
921 2869 969 2910 et
1006 2861 1193 2911 Hanni-

254 2928 393 2978 bale:
435 2930 497 2980 ab
538 2930 694 2980 altero
729 2937 936 2994 propter
971 2930 1194 2994 probita-
1247 2925 1273 2950 ⁸

253 3007 355 3047 tem
388 3001 497 3049 eius
527 3014 627 3050 non
662 3000 814 3048 nimis
852 2998 1047 3048 alienos
1084 3001 1195 3049 ani-

253 3081 365 3118 mos
400 3069 675 3131 habemus,
724 3068 937 3118 alterum
985 3078 1195 3134 propter

254 3137 607 3188 crudelitatem
636 3153 839 3203 semper
866 3136 994 3187 haec
1012 3139 1193 3187 civitas

164 3267 171 3269 -
255 3206 434 3268 oderit,
458 3207 521 3259 de
540 3223 641 3260 am.
662 3208 711 3272 8,
733 3206 817 3258 28.
839 3233 912 3245 —-
928 3207 1194 3256 Praeclara

256 3275 365 3323 eius
397 3278 645 3327 sententia
678 3277 817 3341 apud
847 3276 1093 3340 Ennium,
1131 3276 1194 3326 de

257 3341 343 3391 off.
368 3344 415 3402 1,
439 3344 521 3403 12,
542 3345 629 3399 38.
662 3345 728 3394 el.
746 3345 815 3397 ib.
844 3345 892 3402 1,
915 3345 1000 3403 13,
1019 3343 1105 3395 40.
1123 3370 1194 3382 --

258 3409 525 3461 oraculum
551 3415 597 3461 ei
628 3413 819 3462 editum
852 3414 913 3461 ab
937 3412 1192 3476 Apolline,

256 3485 310 3525 ut
329 3477 472 3544 fingit
492 3479 683 3532 Ennius
697 3517 715 3544 ,
746 3481 809 3530 de
830 3481 989 3534 divin.
1010 3481 1072 3538 2,
1104 3479 1189 3541 56,

765 222 1087 271 PYRAMUS
1114 243 1198 255 ---·
1223 220 1710 269 PYTHAGORAS.

1346 377 1463 429 116.
1503 404 1565 413 -
1594 376 1847 427 Proelium
1877 377 1944 425 ad
1964 376 2212 427 Asculum
2234 394 2290 428 a.

1347 463 1394 496 u.
1418 462 1464 499 c.
1495 446 1647 507 475„
1671 447 1732 496 de
1768 446 1857 494 fin.
1888 447 1949 508 2,
1984 445 2082 505 19,
2103 446 2190 497 61.
2213 475 2291 488 —-

1343 516 1520 580 Pyrrhi
1550 514 1758 579 largitas
1789 516 1945 563 irrisa·
1970 529 2000 563 a
2027 515 2292 581 Fabricio,

1345 586 1409 634 de
1439 600 1480 633 r.
1521 600 1573 649 p.
1608 582 1673 647 3,
1709 584 1805 645 28,
1837 582 1924 633 40.
1947 609 2016 619 —·
2037 582 2294 639 Consules

1343 656 1556 703 Romani
1576 652 1822 717 Pyrrhum
1845 667 2018 717 regem
2038 654 2292 704 inimicis-

1345 724 1529 772 simum
1566 723 1833 773 moenibus
1869 722 1972 770 iam
2006 725 2289 787 appropin-

1345 800 1581 854 quantem
1604 797 1931 851 monuerunt,
1963 805 1991 839 a
2013 806 2206 841 veneno
2229 800 2291 841 ut

1345 870 1574 920 caveret,
1602 861 1666 910 de
1685 860 1772 909 fin.
1795 860 1856 921 5,
1890 860 1988 921 22,
2021 859 2106 914 64.
2131 888 2200 897 --
2221 861 2284 916 C.

1342 931 1599 981 Fabricius
1633 929 1908 979 veneficum
1937 929 2289 981 reducendum

1343 1000 1538 1049 curavit
1556 999 1622 1048 ad
1640 998 1904 1063 Pyrrhum,
1930 998 1992 1046 de
2016 998 2102 1047 off.
2123 998 2172 1055 3,
2192 1000 2288 1063 22,

1343 1068 1430 1119 86.
1467 1096 1534 1105 -
1561 1068 1741 1117 Pacem
1777 1082 1894 1117 cum
1933 1082 1991 1116 eo
2035 1068 2289 1117 dissuasit

1342 1138 1477 1202 App.
1505 1136 1747 1187 Claudius
1767 1135 1959 1185 Caecus
1976 1172 1989 1194 ,
2013 1137 2074 1185 de
2095 1153 2203 1189 sen.
2227 1135 2286 1201 6,

1341 1206 1424 1257 16.
1447 1234 1514 1243 -
1533 1206 1839 1256 Macedones
1855 1204 2166 1255 Demetrium
2185 1206 2289 1255 Po·-

1341 1276 1578 1325 liorceten
1610 1275 1921 1338 reliquerunt
1953 1275 2286 1337 universique

1339 1359 1394 1393 se
1415 1345 1480 1393 ad
1491 1344 1736 1410 Pyrrhum
1752 1345 2085 1402 contulerunt,
2105 1344 2169 1393 de
2191 1344 2281 1397 off.

1339 1414 1389 1472 2,
1413 1415 1463 1473 7,
1485 1413 1568 1463 26.
1591 1443 1662 1453 —
1679 1413 1858 1479 Pyrrhi
1892 1420 1941 1463 et
1961 1412 2144 1462 Cineae
2165 1412 2287 1462 libri

1339 1482 1402 1531 de
1430 1498 1483 1531 re
1510 1482 1741 1544 militari,
1776 1483 1841 1532 ad
1867 1480 1988 1531 fam.
2011 1482 2071 1545 9,
2103 1482 2201 1543 25,
2228 1484 2284 1532 1.

1339 1576 1407 1587 -
1429 1550 1610 1616 Pyrrhi
1640 1551 1830 1602 bellum
1859 1551 2096 1601 Timaeus
2125 1565 2284 1615 sepa-

1337 1621 1484 1669 ratim
1503 1621 1734 1685 scripsit,
1765 1622 1832 1670 ad
1863 1620 1983 1669 fam.
2013 1621 2073 1678 5,
2112 1620 2201 1679 12,
2224 1622 2283 1674 2.

1339 1714 1403 1723 -
1424 1687 1609 1739 Confer
1627 1689 1773 1739 etiam
1797 1690 1940 1739 Brut.
1964 1689 2047 1749 14,
2068 1687 2152 1739 55.
2188 1703 2290 1754 pa-

1337 1758 1446 1806 iad.
1468 1756 1518 1819 6,
1539 1760 1589 1821 2,
1612 1757 1697 1813 48.
1735 1759 1924 1808 desen.
1950 1756 2031 1819 13,
2053 1755 2136 1807 43.

1267 1824 1658 1893 Pythagoras,
1705 1828 1989 1893 discipulus
2019 1795 2284 1890 ’Pherecy-

1339 1896 1450 1956 dis,
1487 1895 1640 1946 huius
1674 1897 1957 1947 doctrinam
1988 1895 2052 1945 de
2083 1897 2285 1946 animo-

1336 1979 1448 2014 rum
1497 1968 1790 2016 aeternitate
1825 1968 2047 2016 maxime
2098 1964 2282 2014 confir-

1337 2035 1509 2086 mavit.
1534 2035 1583 2083 Is
1606 2049 1760 2096 quum
1781 2033 2012 2102 Superbo
2032 2043 2281 2098 regnante

1336 2104 1388 2151 in
1429 2103 1624 2152 ltaliam
1669 2105 1916 2164 venisset,
1969 2103 2126 2154 tenuit
2169 2118 2282 2154 ma—

1335 2187 1491 2237 gnam
1527 2171 1669 2221 illam
1699 2172 1961 2224 Graeciam
1993 2186 2150 2234 quum
2180 2171 2279 2222 ho-

1335 2257 1456 2293 nore
1478 2242 1779 2307 disciplinae
1799 2250 1904 2292 tum
1927 2244 2079 2291 etlam
2101 2248 2279 2292 aucto-

1335 2313 1499 2369 ritate,
1513 2312 1771 2374 multaque
1787 2313 1990 2363 saecula
2005 2317 2182 2374 postea
2201 2311 2282 2361 sic

1333 2381 1497 2446 viguit
1511 2379 1946 2446 Pythagoreorum
1980 2394 2188 2441 nomen,
2220 2387 2282 2429 ut

1335 2448 1458 2498 nulli
1476 2450 1565 2498 alii
1589 2450 1721 2499 docti
1741 2450 2044 2512 viderentur,
2065 2448 2276 2498 Tuscul.

1335 2517 1394 2581 1,
1426 2517 1491 2568 16
1509 2518 1547 2579 ,3
1560 2518 1609 2570 8.
1647 2545 1714 2556 -
1742 2519 1866 2569 Eius
1903 2520 2145 2584 magister
2179 2516 2281 2567 ruit

1335 2585 1677 2652 PherecydeS,
1705 2589 1766 2637 de
1793 2590 1950 2638 divin.
1976 2587 2024 2652 1,
2044 2586 2128 2648 50,
2153 2585 2276 2636 112.

1336 2686 1406 2694 -—
1423 2656 1766 2722 Pythagoras,
1798 2659 1876 2706 vir
1893 2656 2168 2722 praestanti
2193 2669 2280 2705 sa-

1338 2725 1532 2788 pientia
1565 2735 1616 2776 et
1641 2725 1902 2775 nobilitate
1939 2726 2033 2775 fuit
2059 2727 2107 2772 in
2131 2723 2278 2773 Italia

1339 2794 1520 2844 iisdem
1538 2796 1851 2861 temporibus
1870 2796 2056 2857 quibus
2078 2793 2136 2842 L.
2152 2791 2278 2840 Bm-

1333 2872 1414 2912 tus
1445 2866 1680 2927 patriam
1695 2864 1957 2929 liberavit,
1991 2860 2198 2912 Tuscul.
2219 2864 2276 2923 4,

1338 2931 1384 2990 1,
1409 2933 1462 2982 2.
1483 2931 1884 2999 ——Pythagoras
1914 2945 2164 2982 summam
2185 2945 2276 2978 au-

1334 3002 1610 3050 ctoritatem
1633 3010 1930 3052 consecutus
1949 3002 2152 3051 estsine
2173 2998 2284 3048 ulla

1332 3068 1610 3129 hilaritate,
1641 3073 1703 3120 de
1724 3072 1812 3121 off.
1840 3071 1898 3130 1,
1931 3069 2029 3129 30,
2063 3067 2181 3120 108.
2206 3093 2277 3105 -

1333 3137 1459 3186 Eum
1481 3153 1582 3187 non
1604 3140 1771 3205 coegit
1788 3141 1840 3189 in
1857 3141 1962 3188 suis
1982 3137 2163 3188 studiis
2184 3138 2276 3186 ob-

1334 3213 1615 3258 mutescere
1632 3217 1886 3268 senectus,
1908 3208 1971 3257 de
1990 3222 2099 3258 sen.
2118 3207 2167 3264 7,
2185 3205 2278 3256 23.

1331 3303 1402 3312 -
1418 3275 1731 3342 Pythagoras
1749 3279 1904 3328 vitam
1931 3276 2090 3326 edidit
2115 3275 2278 3324 Meta-

1331 3347 1500 3409 ponti,
1523 3346 1586 3395 de
1609 3346 1693 3396 fin.
1714 3347 1766 3408 5,
1785 3351 1848 3406 2,
1874 3348 1924 3395 4.
1949 3372 2014 3381 -
2037 3343 2174 3393 Bene
2197 3344 2277 3394 di-

1332 3421 1466 3463 ctum
1506 3422 1581 3464 est
1622 3417 1685 3464 ab
1718 3431 1778 3464 eo
1815 3423 1920 3464 tum
1963 3413 2184 3462 maxime
2225 3422 2276 3462 et

1331 3482 1572 3544 pietatem
1603 3491 1651 3533 et
1670 3481 1965 3548 religionem
1999 3480 2193 3531 versari
2221 3481 2274 3529 in
