2500 3850
897 181 1160 230 TEREUS
1183 200 1271 216 --·
1300 182 1593 232 THALES.

203 336 455 400 Tereus,
500 336 639 385 Accii
678 338 967 401 tragoedia,
1006 340 1072 388 ad
1103 340 1204 388 Att.

281 406 361 465 16,
381 406 434 466 2,
457 403 507 457 3.
560 406 634 458 lb.
662 405 742 466 16,
762 406 814 465 5,
839 408 886 459 1.

206 473 515 537 Terinam,
549 475 717 525 incola
746 475 994 536 Terinae‚
1032 479 1208 544 oppidi

278 547 328 593 in
351 544 578 603 Bruttiis,
616 543 816 593 Tuscul.
844 545 892 606 1,
910 546 994 610 48,
1022 547 1137 597 115.

205 610 559 663 Terminalia
577 650 592 674 ,
634 613 852 679 Philipp.
889 615 985 675 12,
1011 614 1092 678 10,
1119 618 1205 670 24.

275 684 340 731 ad
360 684 462 731 Att.
491 681 542 739 6,
567 681 615 742 1,
639 683 687 733 1.

203 752 282 803 Μ.
309 748 612 801 Terbolius
644 752 760 802 trib.
789 752 862 817 pl.
897 752 959 803 D.
981 752 1132 803 Bruto
1165 762 1214 804 et

274 821 342 874 M.
385 820 581 886 Lepido
628 821 770 871 Coss.
815 836 861 870 a.
901 838 950 870 u.
1001 840 1046 873 c.
1089 824 1208 876 677.

273 891 762 955 contemptissimum
799 905 983 940 nomen
1033 908 1096 941 ex
1127 893 1210 955 iis,

273 960 360 1021 qui
379 959 564 1008 tribuni
609 960 681 1025 pl.
730 951 962 1020 l'u'erunt,
1011 960 1207 1011 Coi-nel.

275 1042 380 1079 sec.
399 1028 581 1094 fragm.
607 1030 656 1082 7.
690 1044 742 1094 p.
768 1029 887 1081 215.

207 1096 406 1147 Terra.
463 1098 667 1147 Terram
685 1099 860 1147 Lunae
888 1114 1067 1149 cursus
1092 1115 1210 1167 pro-

276 1168 415 1215 xime
451 1167 642 1228 ambit,
684 1168 816 1217 Tim.
857 1167 907 1219 9.
947 1194 1016 1205 —-
1056 1169 1211 1219 Terra

278 1236 390 1296 dea,
421 1237 494 1284 lb.
521 1236 602 1288 ll.

207 1316 535 1370 Terracina.
572 1320 634 1367 V.
660 1316 986 1369 Tarracina.

208 1401 430 1467 Tertia,
468 1404 530 1453 de
551 1404 712 1454 divin.
737 1405 784 1466 l,
804 1404 890 1468 46,
913 1403 1028 1456 103.
1071 1406 1210 1467 1b.2,

201 1482 206 1487 '
277 1472 468 1534 40‚83.
507 1474 570 1521 V.
607 1469 870 1523 Aemilia.

207 1540 441 1606 Tertia,
479 1542 544 1592 M.
581 1540 719 1591 Bruti
759 1556 928 1605 soror,
972 1542 1028 1591 G.
1049 1540 1213 1592 Cassii

277 1628 425 1661 uxor.
455 1638 527 1650 --
547 1611 713 1661 Tertia
731 1612 920 1673 aderit,
959 1611 1110 1661 modo
1149 1626 1212 1660 ne

274 1681 486 1731 Publius
515 1689 725 1746 rogatus
749 1680 844 1742 sit,
879 1680 947 1729 ad
975 1680 1097 1729 fam.
1127 1679 1210 1744 16,

277 1752 364 1808 22,
388 1750 437 1801 1.
476 1751 567 1814 Ep.
591 1750 803 1801 adBrut.
825 1751 875 1810 2,
899 1751 947 1800 5.
989 1750 1061 1797 lb.
1085 1748 1135 1813 2,
1159 1748 1209 1799 6.

276 1844 347 1854 ·-
384 1819 577 1869 Eadem
611 1810 1075 1882 ὑποκορυστικῶς
1121 1832 1213 1883 ap-

275 1886 501 1954 pellatur
534 1887 789 1947 Tertulla,
851 1887 918 1938 ad
962 1888 1067 1937 Att.
1128 1886 1210 1948 15,

277 1959 374 2020 11,
421 1959 469 2008 1.
504 1984 575 1994 —-
609 1957 685 2008 De
717 1956 970 2006 Tertullae
1015 1958 1212 2017 abortu,

279 2029 348 2076 lb.
370 2029 452 2091 14,
474 2027 558 2086 20,
579 2029 630 2076 2.

211 2093 432 2159 Tertia,
468 2096 651 2145 Isidori
671 2096 812 2145 mimi
831 2096 953 2157 filia,
974 2097 1098 2144 item
1117 2097 1214 2144 mi-

276 2181 378 2222 ma,
415 2167 622 2215 aVerre
640 2168 690 2215 vi
723 2167 938 2214 abducta
965 2165 1211 2215 aRhodio

276 2235 516 2294 tibicine,
570 2234 787 2283 deducta
822 2233 887 2282 ad
925 2234 1212 2292 Docimum,

281 2306 443 2352 amica
471 2303 674 2362 Verris,
706 2303 852 2351 Verr.
899 2309 1119 2352 accusat.
1160 2303 1210 2363 3,

281 2371 368 2492 ἐξ,
389 2373 474 2424 78.
512 2372 588 2421 lb.
614 2372 665 2436 5,
688 2371 881 2434 12,31.
940 2371 1012 2420 lb.
1036 2371 1089 2433 5,
1127 2370 1212 2431 16,

215 2523 492 2576 Tertulla.
529 2527 592 2575 V.
615 2522 830 2574 Tertia.

117 2629 122 2636 ·
217 2607 413 2659 Testa.
456 2611 523 2661 V.
554 2607 614 2656 G.
638 2603 946 2658 Trebatius
969 2606 1166 2657 Testa.

214 2675 489 2727 Tetrilius
510 2677 707 2744 Rogus
740 2676 1007 2726 familiaris
1026 2676 1085 2725 L.
1116 2676 1216 2724 Lu-

283 2747 424 2807 culli,
460 2747 638 2796 doctus
658 2745 826 2808 hom0,
852 2747 938 2808 qui
957 2745 1218 2795 Philonem

284 2813 477 2864 Romae
509 2815 756 2874 audierat,
794 2814 954 2864 Acad.
977 2830 1057 2881 pr.
1094 2815 1145 2880 2,
1166 2816 1216 2876 4,

210 2951 278 3002 P.
340 2947 567 3001 Tettius
617 2967 860 3002 accensus
911 2953 965 3007 C.
1014 2953 1219 3014 Neroni,

283 3023 602 3088 propraetori
621 3023 776 3072 Asiae
798 3024 1106 3087 provinciae,
1127 3023 1220 3073 ho·-

283 3107 367 3140 mo
423 3091 618 3141 ordinis
670 3092 752 3140 sui
815 3093 1213 3157 frugalissimus,

283 3161 431 3214 Verr.
455 3167 676 3210 accusat.
704 3161 750 3224 1,
789 3162 883 3222 28,
923 3163 1007 3213 71.
1048 3163 1110 3211 cl.
1144 3162 1214 3211 ib.

287 3230 334 3289 1,
358 3231 444 3292 51,
471 3229 586 3282 135.
623 3231 693 3280 Ib.
722 3232 770 3292 1,
791 3231 886 3290 52,
915 3231 1064 3291 137.,
1105 3231 1216 3292 qui-

283 3299 379 3346 bus
407 3301 457 3347 iu
483 3298 609 3349 locis
627 3298 684 3347 P.
707 3300 872 3349 Titius
903 3309 1132 3349 vocatur.

215 3363 440 3416 Tettius
467 3365 690 3417 Damio.
764 3368 1012 3419 Discessit
1049 3369 1102 3416 in
1131 3383 1216 3416 ve-

285 3437 524 3485 stibulum
555 3436 707 3486 Tettii
743 3437 1004 3486 Damionis
1043 3435 1216 3485 Cicero

2166 172 2289 236 389

1355 352 1625 403 operarum
1680 338 2032 390 Clodianarum
2084 342 2188 391 vim
2243 350 2293 392 et

1352 407 1570 458 insidias
1586 408 1856 468 vitaturus,
1878 410 1944 460 ad
1964 412 2066 460 Att.
2089 413 2140 469 4,
2162 410 2212 473 3,
2236 410 2288 462 3.
2346 464 2353 470 ,

1286 474 1535 539 Teucer,
1572 475 1863 527 Telamonis
1903 479 2040 544 regis
2071 479 2289 529 Salami-

1350 544 1613 604 mimine,
1652 560 1682 593 a
1714 555 1860 610 patre
1890 546 2144 597 Salamine
2176 550 2291 615 pul-

1353 630 1443 665 sus
1477 612 1695 679 Cyprum
1720 616 1980 680 navigavit
2010 617 2184 679 ibique
2220 618 2289 666 al-

1351 692 1510 733 teram
1534 681 1791 733 Salamina
1810 686 2055 735 condidit.
2074 713 2145 723 —
2158 685 2291 735 Teu·

1358 768 1444 801 cer
1472 753 1527 799 in
1550 762 1713 801 morte
1742 754 1944 816 Aiacis,
1985 755 2053 803 ad
2079 756 2193 803 Her.
2239 757 2287 816 1,

1357 821 1438 883 11,
1455 820 1535 871 18.
1558 822 1829 871 —Teucer
1845 822 2069 886 Pacuvii,
2084 824 2147 873 de
2164 832 2288 874 orat.

1360 890 1405 953 l,
1428 891 1513 950 58,
1528 888 1630 939 246
1646 897 1693 939 et
1715 891 1765 953 2,
1779 891 1867 950 46,
1892 890 2008 945 193.
2031 892 2292 941 —Teucri

1353 972 1457 1007 vox
1477 958 1617 1023 apud
1634 959 1941 1009 Pacuvium:
1973 961 2170 1010 ‘Patria
2198 970 2292 1025 est,

1351 1028 1658 1090 ubicumque
1688 1036 1765 1077 est
1795 1031 1964 1091 bene’,
1998 1029 2207 1079 Tuscul.
2236 1030 2291 1092 5,

1283 1162 1551 1229 Teucris,
1602 1166 1802 1225 fictum,
1838 1176 1894 1215 ut
1932 1168 2162 1226 videtur,
2202 1181 2291 1217 no-

1348 1248 1483 1286 men.
1565 1232 1802 1297 Τεῦκρις
1838 1236 1927 1283 illa
1944 1235 2137 1285 lentum
2168 1250 2293 1285 sane

1354 1304 1631 1367 negotium,
1659 1303 1726 1352 ad
1743 1304 1847 1351 Att.
1884 1304 1932 1363 1,
1954 1304 2038 1367 12,
2062 1305 2109 1355 1.
2150 1305 2222 1356 lb.
2240 1304 2289 1367 1,

1355 1370 1448 1431 13,
1484 1370 1536 1421 6.
1572 1396 1637 1407 -
1663 1368 1903 1433 Τεῦκρις
1920 1373 2176 1435 promissa
2198 1387 2291 1437 pa-

1352 1440 1521 1498 travit,
1551 1438 1627 1489 Ib.
1652 1439 1697 1499 1,
1723 1441 1804 1502 14,
1831 1440 1881 1487 7.

1287 1503 1568 1571 Teutoni,
1613 1523 1644 1557 a
1686 1508 1738 1557 C.
1777 1508 1935 1557 Mario
1973 1508 2188 1567 devicti,
2228 1508 2293 1558 de

1354 1576 1481 1641 imp.
1495 1575 1583 1629 Cu.
1595 1576 1773 1642 Pomp.
1796 1574 1879 1637 20,
1900 1577 1987 1628 60.

1286 1642 1503 1695 Thales
1526 1646 1771 1709 MilesiuS,
1811 1646 2068 1711 physicuS,
2103 1646 2165 1695 de
2186 1645 2289 1695 div.

1355 1716 1407 1777 2,
1431 1714 1516 1776 27,
1537 1714 1623 1769 58.
1644 1742 1711 1751 -
1737 1714 1924 1763 Thales
1946 1716 2079 1763 inter
2098 1721 2301 1779 septem-

1356 1784 1613 1849 sapientes
1650 1783 1789 1834 solus
1820 1785 2012 1833 civitati
2044 1798 2169 1837 suae
2187 1796 2289 1831 non

1354 1852 1597 1917 praefuit,
1636 1854 1697 1902 de
1716 1859 1841 1902 orat.
1862 1851 1912 1912 3,
1948 1853 2031 1916 34,
2067 1851 2186 1903 137.
2222 1878 2292 1888 —-

1355 1921 1539 1972 Thales
1575 1921 1719 1972 oleae
1768 1922 2045 1971 ubertatem
2093 1925 2292 1986 praevi-

1356 1992 1429 2040 dit
1444 2007 1464 2054 ,·
1486 1992 1622 2042 idem
1644 1993 1838 2056 primus
1858 1989 2193 2042 defectionem
2212 2005 2295 2039 so·

1354 2059 1419 2109 lis
1442 2096 1455 2119 ,
1496 2076 1626 2123 quae
1642 2065 1870 2126 Astyage
1899 2067 2141 2125 regnante
2160 2059 2295 2109 facta

1355 2136 1459 2189 est,
1496 2131 1815 2194 praedixisse
1837 2129 2007 2186 fertur,
2048 2129 2109 2178 de
2131 2129 2293 2183 divin,

1356 2198 1417 2260 1,
1459 2198 1552 2258 49,
1583 2201 1700 2251 111.
1740 2225 1811 2234 -
1842 2197 2059 2250 Thales,
2095 2212 2228 2247 unus
2266 2213 2294 2246 e

1356 2275 1568 2333 septem,
1603 2271 1685 2319 cui
1712 2283 1805 2318 sex
1833 2268 2057 2330 reliquos
2086 2281 2294 2317 conces-

1355 2338 1484 2386 sisse
1505 2339 1697 2402 primas
1717 2337 1901 2399 ferunt,
1924 2350 1988 2384 ex
2014 2350 2145 2396 aqua
2164 2335 2296 2383 dixit

1357 2413 1589 2454 constare
1620 2405 1809 2463 omnia,
1850 2404 2009 2453 Acad.
2033 2417 2112 2465 pr.
2136 2404 2184 2466 2,
2207 2401 2291 2462 37,

1360 2473 1479 2526 118.
1527 2499 1592 2508 -
1628 2471 1844 2533 Thales,
1883 2472 1970 2534 qui
2000 2472 2195 2535 primus
2229 2470 2293 2519 de

1357 2541 1591 2607 physicis
1628 2541 1905 2604 quaesivit,
1944 2555 2126 2601 aquam
2168 2539 2296 2588 dixit

1358 2625 1472 2659 esse
1490 2610 1687 2660 initium
1706 2624 1873 2660 rerum
1892 2645 1905 2669 ,
1948 2611 2099 2658 deum
2125 2617 2294 2656 autem

1359 2695 1473 2730 eam
1491 2687 1709 2730 mentem
1724 2716 1739 2740 ,
1778 2693 1908 2740 quae
1934 2693 2001 2727 ex
2021 2692 2153 2739 aqua
2174 2691 2298 2728 cun·-

1361 2756 1441 2800 cta
1474 2748 1715 2814 fingeret,
1754 2749 1819 2798 de
1838 2762 1887 2796 n.
1916 2749 1966 2798 d.
2005 2747 2052 2807 1,
2087 2746 2168 2809 10,
2206 2748 2293 2798 25.

1361 2818 1424 2868 cl.
1450 2819 1519 2868 ib.
1547 2819 1594 2880 l,
1631 2816 1717 2879 33,
1754 2817 1928 2869 9l.--
1966 2818 2046 2878 Is,
2087 2819 2173 2880 qui
2213 2830 2295 2864 sa-

1359 2888 1707 2953 pientissimus
1735 2888 1783 2938 in
1817 2895 2011 2951 septem
2054 2885 2180 2941 fuit,
2220 2884 2297 2932 di-

1358 2957 1436 3007 xit
1474 2957 1705 3006 homines
1746 2957 2037 3004 existimare
2068 2959 2296 3017 oportere

1363 3027 1564 3085 omnia,
1596 3041 1724 3088 quae
1751 3028 2042 3078 cernerent,
2084 3021 2297 3070 deorum

1363 3110 1479 3146 esse
1500 3095 1679 3158 plena,
1718 3093 1782 3142 de
1800 3091 1901 3154 leg.
1924 3092 1987 3150 2,
2013 3088 2092 3148 11,
2118 3088 2205 3141 26.
2229 3114 2298 3125 -·

1361 3162 1593 3227 Sphaera
1615 3161 1781 3210 solida
1801 3167 1951 3221 atque
1972 3157 2139 3223 plena,
2168 3171 2298 3218 quae

1361 3231 1635 3295 opponitur
1680 3243 1871 3280 vacuae
1910 3226 2231 3278 Archimedis
2268 3238 2299 3272 a

1360 3299 1573 3348 Thalete
1606 3299 1827 3363 primum
1860 3304 1937 3348 est
1973 3303 2195 3356 tornata,
2236 3293 2297 3341 de

1361 3385 1399 3416 r.
1426 3384 1481 3433 p.
1518 3369 1565 3428 1,
1604 3369 1687 3430 14,
1719 3367 1803 3416 22.
1839 3394 1905 3402 -——
1942 3365 2137 3414 Primus
2172 3363 2299 3411 vidit

1360 3437 1523 3486 solem
1542 3436 1691 3486 lunae
1713 3435 1999 3500 oppositum
2024 3433 2187 3484 solere
2212 3431 2301 3480 de-
