2500 3850
964 162 1313 222 MYn'rmns
1351 195 1422 205 --
1449 173 1717 221 NANNII.

372 343 555 380 nomen
573 327 794 396 Myronis
816 329 1136 394 inscriptum,
1163 329 1310 382 Verr.

372 405 598 449 accusat.
620 403 685 460 4,
719 397 787 448 43
802 435 815 461 ,
846 397 934 450 93.
956 424 1023 434 -
1040 397 1164 446 Eius
1190 397 1312 448 Her-

372 469 509 519 cules
529 466 734 532 egregie
768 467 931 516 factus
952 482 1016 516 ex
1046 481 1162 516 aere
1178 503 1192 526 ,
1231 467 1306 516 Ib.

368 535 511 656 {353⁹
530 535 581 587 5.
606 562 674 573 --
694 536 818 585 Eius
840 535 1039 595 bucula,
1061 536 1133 585 lb.
1150 537 1200 594 4,
1220 535 1307 600 60,

301 671 571 742 Myrtilus
586 710 602 739 ,
626 673 863 723 Mercurii
879 673 1013 724 filius
1026 709 1043 734 ,
1065 671 1311 723 Oenomai

370 745 566 808 auriga,
578 756 729 805 quem
741 741 925 807 Pelops
944 742 995 792 in
1013 756 1151 791 mare
1171 743 1306 802 iecit,

371 814 432 862 de
454 826 504 860 n.
528 811 579 861 d.
600 809 653 874 3,
674 809 759 871 38,
782 807 867 864 90.

299 878 593 948 Myrtilus,
634 894 813 930 servus
843 879 924 928 vel
954 880 1163 930 libertus
1194 893 1307 929 cor-

368 957 546 1014 ruptus
572 962 761 1013 poenas
795 949 1070 1014 pependit,
1106 949 1173 998 ad
1199 951 1302 998 Att.

372 1019 453 1080 15,
478 1016 562 1080 13,
584 1017 636 1069 6.
677 1017 737 1070 cl.
762 1017 830 1067 ib.
855 1017 937 1077 16,
964 1017 1045 1077 11,
1064 1017 1117 1069 5.

298 1085 450 1154 Mysi
468 1086 647 1152 populi
665 1085 820 1135 Asiae
842 1087 1051 1136 minoris
1082 1086 1148 1135 ad
1165 1101 1303 1136 mare

369 1158 629 1222 Aegaeum
685 1162 733 1203 et
782 1154 1177 1220 Hellespontum.
1234 1180 1302 1191 —

366 1223 505 1275 Nihil
535 1225 588 1274 in
609 1222 800 1272 Graeco
830 1239 1061 1274 sermone
1086 1232 1191 1274 tam
1210 1226 1302 1272 tri-

366 1299 473 1344 tum
496 1300 646 1355 atque
672 1293 979 1343 celebratum
1001 1300 1106 1354 est,
1128 1307 1298 1356 qnam,

366 1365 411 1412 si
433 1364 545 1425 quis
565 1361 845 1428 despicatui
864 1363 1078 1426 ducitur,
1097 1369 1154 1412 ut
1167 1363 1300 1426 ‘My-

368 1447 539 1481 sorum
559 1431 763 1480 ultimus
784 1436 926 1482 esse’
960 1432 1183 1492 dicatur,
1204 1446 1298 1497 pro

365 1501 543 1550 Flacco
572 1502 671 1562 27,
700 1499 789 1550 65.
821 1527 885 1536 —-
918 1501 1047 1568 Mysi
1077 1509 1300 1550 contem-

364 1572 491 1636 ptim
506 1568 827 1634 appellantur
845 1571 996 1619 etiam
1013 1584 1106 1634 pro
1118 1569 1298 1620 Flacco

366 1641 427 1700 2,
458 1638 509 1691 3.
543 1639 617 1691 Ib.
648 1637 745 1698 40,
775 1637 892 1689 100.
916 1665 983 1674 -
1006 1638 1181 1705 Mysus
1211 1647 1299 1688 aut

362 1707 536 1773 Phryx
576 1720 793 1770 quonam
840 1708 991 1758 modo
1040 1707 1300 1757 audiretur

362 1776 577 1825 Athenis
591 1812 605 1834 ,
628 1781 752 1824 orat.
772 1774 825 1836 8,
845 1775 931 1828 27.

295 1842 568 1965 ”¹3:35¹
586 1844 931 1979 aaziae

362 1991 487 2033 orat.
507 1952 570 2049 8,'
584 1984 671 2035 24.
709 1985 775 2036 V.
802 1953 991 2034 caria.

294 2048 571 2173 Mggteriu
591 2053 701 2101 sive
718 2048 907 2115 Initia,
930 2054 992 2102 de
1015 2052 1117 2119 leg.
1137 2054 1187 2118 2,
1211 2052 1295 2115 14,

292 2186 698 2257 Mytilenacus,
739 2189 1101 2255 Theophanes,
1144 2190 1297 2241 liber-

365 2267 447 2307 tus
468 2259 556 2308 Cn.
575 2259 831 2323 Pompeii,
862 2261 928 2309 ad
945 2260 1049 2309 Att.
1075 2261 1133 2319 7,
1158 2260 1190 2309 7
1210 2296 1223 2318 ‚
1243 2259 1295 2310 6.

290 2324 645 2395 Mytilenaei.
668 2327 855 2377 Eorum
875 2328 1081 2392 dicrota,
1103 2328 1171 2379 ad
1189 2329 1294 2378 Att.

290 2396 604 2582 Μῗῖἰῗὲἷιέἑ
618 2501 654 2586 ,2
663 2466 785 2586 υἷὶέε
797 2465 959 2585 &sliri
981 2466 1175 2583 insfflale
1188 2465 1297 2585 ’3th

377 2550 403 2583 e
443 2550 521 2585 ea
560 2550 601 2584 r.
659 2572 671 2589 .
763 2572 776 2594 ‚
871 2568 887 2585 .
950 2549 1111 2585 uscu.

270 2644 275 2649 .
360 2549 446 2653 778.
485 2550 616 2657 Tigm.
646 2604 692 2653 1.
717 2611 766 2653 et
784 2604 850 2656 al.
1170 2570 1185 2597 7
1279 2571 1294 2595 ³

292 2785 557 2854 Naeviuni
587 2814 635 2854 et
661 2805 865 2855 Liviani
894 2806 1035 2856 modi
1063 2804 1296 2855 solebant

359 2873 615 2936 quondam
645 2874 888 2940 compleri
919 2875 1186 2925 severitate
1216 2873 1295 2923 in-

358 2943 553 3005 cunda,
583 2943 647 2992 de
666 2941 768 3008 leg.
792 2944 842 3006 2,
876 2943 957 3004 15,
979 2942 1065 2994 39.

294 3008 391 3061 Cn.
412 3008 661 3061 Naevius
680 3013 833 3076 poeta
853 3013 1106 3079 tragicus,
1136 3011 1296 3060 comi-

359 3094 476 3143 cus,
495 3080 668 3146 epicus
686 3080 819 3130 circa
837 3095 884 3135 a.
907 3096 958 3136 u.
982 3096 1027 3131 c.
1047 3080 1170 3132 519.
1206 3078 1295 3128 Li-

362 3149 473 3197 vius
492 3148 811 3199 Andronicus
828 3151 991 3201 maior
1005 3156 1125 3199 natu
1142 3163 1295 3211 quam

358 3215 448 3271 Cn.
466 3215 946 3280 Naevius,'1'uscul.
970 3220 1031 3283 1,
1067 3218 1124 3278 1,
1156 3216 1296 3268 3.-

352 3284 579 3336 Naevins
614 3286 683 3336 M.
720 3287 949 3338 Cornelio
985 3285 1209 3351 Cethego
1247 3294 1298 3337 et

356 3352 413 3407 Ρ.
434 3352 737 3420 Sempronio
763 3357 1014 3408 Tuditano
1043 3370 1147 3409 cos.
1172 3369 1217 3405 a.
1239 3371 1293 3407 u.

356 3437 403 3471 c.
426 3422 547 3474 550.
565 3460 579 3489 ,
611 3432 839 3475 mortuus
860 3434 961 3489 est,
990 3438 1298 3489 quamquam

2265 161 2382 222 261

1453 330 1618 380 Varro
1650 336 1795 393 putat
1833 331 1884 380 in
1921 329 2019 379 hoc
2057 337 2280 382 erratum
2310 331 2389 380 vi-

1453 405 1655 459 tamque
1682 397 1862 449 Naevii
1896 399 2131 464 producit
2164 399 2384 464 longius,

1452 464 1589 516 Brut.
1614 465 1703 526 15,
1727 467 1814 519 60.
1836 493 1905 504 -
1926 467 2150 518 Naevius
2170 475 2219 518 et
2236 468 2389 517 Plau-

1449 543 1531 584 tus
1552 534 1737 584 multas
1756 536 1955 586 fabulas
1975 537 2248 586 docuerant
2271 545 2388 586 ante

1450 618 1496 652 a.
1517 618 1569 657 u.
1593 619 1638 654 c.
1660 604 1780 656 557.
1797 640 1813 667 ,
1841 606 1914 657 Ib.
1939 605 2020 669 18,
2045 604 2130 657 73.
2150 632 2218 644 —-·
2239 605 2388 656 Com-

1449 681 1756 723 memoratur
1775 675 1838 724 de
1860 690 1900 723 r.
1925 687 1972 738 p.
1995 674 2061 736 4,
2085 673 2178 739 10,
2212 675 2293 725 11.
2315 701 2386 710 ——-

1447 741 1651 792 Laeliae
1679 757 1844 795 sermo
1862 742 2028 792 Plauti
2050 750 2100 792 et
2116 743 2292 792 Naevii
2318 745 2385 792 si-

1449 811 1583 862 milis
1600 846 1617 872 ,
1646 812 1710 861 de
1730 819 1857 864 orat.
1883 811 1935 875 3,
1961 811 2042 869 12,
2060 813 2147 861 44.
2171 839 2235 848 -
2254 811 2385 861 Nae-

1447 881 1520 928 vii
1550 879 1837 943 frequentes
1880 881 2052 930 hiatus
2072 915 2087 940 ,
2135 888 2259 933 orat.
2295 881 2382 942 45,

1449 950 1569 1000 152.
1593 974 1662 985 —
1691 948 1898 1011 Naevii,
1931 964 2082 1012 quem
2107 951 2163 998 in
2184 951 2384 999 vatibus

1447 1025 1496 1067 et
1515 1017 1700 1069 Faunis
1720 1020 2016 1070 adnumerat
2034 1019 2252 1082 EnniuS,
2275 1019 2384 1068 bel-

1440 1087 1803 1138 lumPunicum
1825 1091 1973 1152 quasi
1988 1088 2212 1154 Myronis
2230 1102 2378 1153 opuS,

1393 1219 1403 1227 ῃ
1441 1153 1681 1216 delectat,
1700 1157 1840 1207 Brut.
1869 1158 1936 1210 19
1949 1193 1964 1218 ,
1987 1157 2072 1207 75.
2091 1183 2158 1193 —-
2179 1155 2381 1208 Gaude-

1439 1225 1525 1274 bat
1543 1224 1679 1276 bello
1713 1241 1806 1277 suo
1825 1226 2014 1276 Punico
2033 1225 2256 1276 Naevius
2270 1263 2286 1289 ,
2318 1227 2382 1277 de

1439 1307 1550 1344 sen.
1596 1293 1693 1356 14,
1731 1294 1814 1346 50.
1849 1321 1917 1331 -
1947 1294 2115 1344 Placet
2150 1296 2382 1346 Ciceroni

1438 1361 1638 1424 Hector,
1660 1365 1748 1424 qui
1773 1362 2003 1412 ‘laudari
2021 1377 2078 1412 se
2110 1362 2376 1429 laetatur’,

1437 1431 1532 1480 sed
1549 1430 1693 1480 addit
1712 1434 1862 1482 etiam
1891 1436 1909 1463 Ψ
1926 1445 1957 1478 a
1987 1429 2194 1482 laudato
2216 1434 2325 1483 viro
2339 1437 2377 1495 ’,

1437 1501 1504 1549 ad
1523 1499 1646 1549 fam.
1674 1499 1727 1564 5,
1753 1501 1845 1562 12,
1875 1500 1926 1548 7.
1951 1525 2015 1535 —
2035 1499 2159 1549 Eius
2177 1501 2377 1563 Hector,

1436 1569 1509 1621 lb.
1550 1566 1644 1630 15,
1671 1568 1733 1629 6,
1775 1569 1826 1623 1.
1859 1567 2141 1618 —Versus
2171 1583 2234 1618 ex
2268 1572 2380 1619 eius

1435 1636 1612 1697 Lude,
1651 1638 1714 1688 de
1744 1652 1852 1688 sen.
1886 1639 1950 1696 6,
1981 1638 2066 1689 20.
2104 1662 2171 1673 -
2199 1635 2380 1688 Naevii

1436 1721 1640 1766 versus,
1668 1707 1872 1758 Tuscul.
1895 1709 1948 1768 4,
1975 1707 2060 1764 31,
2082 1706 2168 1757 67.

1367 1772 1446 1825 Μ.
1477 1771 1746 1826 Naevius.
1797 1776 1996 1826 Dictum
2031 1777 2086 1826 Ρ.
2120 1773 2378 1840 Scipionis

1439 1844 1668 1894 Africani
1698 1846 1904 1896 maioris
1936 1845 1990 1894 in
2020 1859 2161 1894 eum:
2208 1845 2378 1904 ‘Quid

1437 1913 1536 1963 hoc
1563 1912 1755 1965 Naevio
1782 1914 2058 1982 ignavius?
2075 1917 2092 1945 ’
2126 1913 2217 1963 ubi
2250 1915 2376 1965 ridi-

1439 1983 1610 2033 culum
1647 1984 1804 2034 oritur
1850 2001 1914 2035 ex
1949 1984 2374 2044 adnominatione,

1438 2051 1502 2101 dc
1519 2058 1642 2100 orat.
1667 2054 1718 2113 2,
1738 2051 1824 2115 61,
1843 2051 1962 2103 249.

1365 2117 1612 2173 Naevius
1628 2117 1834 2184 Pollio,
1847 2122 1997 2171 homo
2021 2122 2372 2187 longissimus,

1435 2190 1619 2253 fragm.
1639 2204 1694 2253 p.
1721 2191 1840 2243 349.

1365 2256 1611 2310 Naevius
1637 2257 1882 2325 Turpio,
1913 2260 2276 2324 quadruplatur
2307 2274 2375 2309 ex

1437 2334 1687 2377 conventu
1721 2328 2039 2389 Mamertina,
2071 2330 2245 2379 Verris
2281 2344 2372 2377 ex-

1436 2411 1611 2446 cursor
1631 2403 1680 2445 et
1696 2398 2009 2460 emissarius,
2025 2396 2081 2447 C.
2099 2396 2373 2446 Sacerdote

1435 2473 1668 2533 praetore
1731 2466 2094 2515 condemnatus
2163 2465 2372 2514 iniuria—

1434 2548 1545 2582 rum
1561 2568 1574 2591 ,
1596 2533 1740 2587 Verr.
1767 2540 1986 2583 accusat.
2013 2534 2069 2588 2,
2092 2532 2153 2593 8,
2177 2534 2262 2583 22.
2301 2532 2367 2586 cl,

1435 2603 1506 2651 ib.
1528 2600 1578 2720 :l'
1602 2599 1686 2665 39,
1705 2600 1792 2656 90.
1826 2603 1900 2652 Ib.
1923 2603 1972 2665 3,
1993 2600 2077 2667 40,
2099 2601 2184 2653 91.
2219 2602 2292 2656 Ib.
2316 2601 2371 2665 5,

1363 2736 1485 2792 Ser.
1504 2736 1749 2791 Naevius
1773 2750 1946 2793 contra
1971 2740 2264 2794 Ciceronem
2285 2742 2372 2791 de-

1435 2809 1611 2859 fensus
1647 2825 1679 2858 a
1711 2808 1771 2868 Q.
1810 2810 2054 2873 Curione,
2103 2810 2243 2864 Brut.
2281 2808 2369 2870 60,

1367 2944 1493 2999 Sex.
1513 2944 1762 2999 Naevius
1776 2984 1791 3012 ,
1814 2965 1998 3014 praeco
2015 2986 2030 3011 ,
2055 2963 2147 3013 pro
2166 2949 2364 3007 Quinct.

1438 3017 1486 3079 1,
1511 3016 1538 3066 1
1563 3031 1674 3079 sqq.

1363 3082 1676 3136 Nanneiani
1687 3120 1702 3147 ,
1726 3092 1945 3135 sectores
1963 3086 2214 3136 bonorum
2231 3084 2367 3133 Nan-

1434 3154 1537 3202 neii
1571 3168 1601 3202 a
1619 3151 1760 3203 Sulla
1777 3156 2078 3220 proscripti,
2108 3153 2174 3202 ad
2189 3152 2292 3202 Att.
2319 3153 2366 3217 l,
2470 3222 2472 3225 y

1365 3219 1596 3341 Nulxffii}
1631 3288 1930 3339 Titiniorum
1965 3304 2026 3339 ac
2053 3288 2366 3339 Nanniorum

1437 3374 1496 3407 ac
1534 3358 1870 3427 Tanusiorum
1906 3358 2073 3422 capita
2108 3356 2242 3408 Galli
2279 3358 2366 3407 de-

1440 3427 1712 3490 metebant‚
1734 3429 1920 3491 quibus
1939 3426 2084 3477 Sulla
2103 3428 2364 3479 Catilinam
