2500 3850
166 153 288 215 292

164 317 587 373 Philoctetaeus
629 324 843 384 clamor,
889 325 951 373 de
992 325 1076 376 tin.
1116 325 1169 387 2,

233 392 318 450 29,
340 392 423 441 94.
465 393 667 442 Tuscul.
697 395 746 450 2,
766 393 851 453 23,
877 394 962 447 55.

164 459 517 513 Philoctetes
534 497 549 526 ,
569 462 805 513 Poeantis
826 471 875 512 et
895 463 1171 511 Demonas-

234 547 320 579 sae
355 530 518 594 fitius,
556 534 639 580 cui
672 533 913 581 Hercules
952 534 1172 581 moriens

234 601 446 664 sagittas
465 602 705 661 tradidit,
732 604 982 665 serpentis
999 617 1171 652 morsu

231 668 489 718 ulceratus
511 672 727 734 ideoque
754 680 961 736 propter
984 673 1172 721 clamo-

234 754 315 787 res
344 747 391 787 et
423 740 638 788 eiulatus
670 755 699 788 a
730 739 937 790 Graecis
969 741 1171 790 Troiam

233 809 590 871 navigantibus
611 810 662 857 in
684 809 853 858 insula
882 810 1074 861 Lemno
1093 825 1173 858 re-

234 876 413 936 lictus,
453 878 540 924 ubi
572 879 747 927 decem
784 893 943 927 annos
969 881 1020 928 in
1050 895 1172 943 spe-

234 944 385 993 lunca
416 946 598 1004 iacuit,
629 949 846 1011 aucupio
873 950 1169 1011 sagittarum

232 1016 386 1062 vitam
423 1028 741 1079 propaganS‚
778 1017 937 1064 donec
976 1031 1005 1065 a
1041 1016 1171 1065 Neo-

233 1082 454 1146 ptolemo
492 1093 539 1131 et
574 1082 721 1132 Ulixe
750 1084 953 1133 Troiam
987 1086 1169 1133 ductus

233 1151 405 1212 ibique
433 1159 640 1200 sanatus
668 1160 762 1203 est.
785 1180 850 1189 —-
872 1153 994 1202 Eius
1014 1155 1169 1217 sagit-

230 1230 313 1269 tae
332 1219 515 1270 Troiae
534 1221 713 1271 fatales
728 1259 740 1282 ,
771 1223 839 1272 ad
857 1222 972 1271 Her.
996 1225 1030 1272 4
1046 1260 1056 1280 ,
1079 1222 1166 1283 30,

230 1292 317 1340 41.
351 1317 419 1325 -
454 1290 520 1342 Μ.
557 1290 729 1341 Cicero
771 1293 945 1341 scribit
976 1292 1033 1351 Q.
1067 1292 1171 1341 fra-

231 1369 358 1407 trem
391 1359 653 1411 meliorem
681 1363 842 1411 civem
873 1376 987 1411 esse
1020 1376 1170 1424 quam

231 1428 591 1493 Philoctetam,
630 1434 716 1493 qui
746 1441 955 1497 accepta
988 1432 1172 1479 iniuria

232 1512 293 1546 ea
311 1499 601 1561 spectacula
632 1502 929 1564 quaerebat,
963 1517 1089 1564 quae
1110 1500 1168 1559 Q.

230 1566 377 1614 fratri
399 1568 580 1615 acerba
601 1584 713 1618 esse
742 1570 945 1629 videat,
978 1585 1023 1618 a.
1048 1586 1099 1618 u.
1124 1586 1167 1619 c.

230 1634 384 1696 699.‚
418 1636 481 1683 ad
507 1636 565 1693 Q.
591 1636 654 1685 fr.
688 1640 747 1695 2,
780 1638 813 1689 8
845 1635 999 1702 (10),
1030 1641 1080 1688 4.
1104 1663 1173 1675 —-

230 1702 537 1751 Philoctetes
564 1706 614 1753 in
646 1707 813 1754 insula
841 1707 1032 1755 Lemno
1054 1705 1173 1756 reli-

233 1780 342 1819 ctus
358 1808 372 1829 ‚
395 1773 457 1821 de
478 1772 580 1821 fato
602 1773 667 1823 16
682 1811 697 1838 ,
721 1776 805 1828 36.
827 1803 893 1810 -—
913 1776 973 1823 Ei
994 1789 1171 1824 conce-

208 1841 451 1890 ·dendum
475 1848 550 1890 est
566 1846 808 1907 gementi.
844 1846 1013 1907 Ipsum
1036 1846 1171 1893 enim

227 1910 495 1961 Herculem
513 1912 713 1963 viderat
744 1916 797 1964 in
828 1910 950 1964 Oeta
970 1914 1172 1980 magni-

228 1981 405 2030 tudine
432 1981 679 2032 'dolorum
729 1983 999 2035 eiulantem
1018 2020 1031 2042 ,
1068 1984 1172 2032 Tu-

231 2050 358 2098 scul.
381 2053 433 2108 2,
456 2053 507 2111 7,
534 2053 613 2104 19.
652 2054 725 2102 Ib.
760 2056 820 2115 2,
857 2054 947 2112 19,
975 2054 1059 2103 44.
1095 2053 1171 2101 lb.

229 2118 279 2174 2,
304 2116 387 2179 23,
412 2119 496 2169 55.
521 2146 587 2154 -
608 2120 730 2170 Eius
755 2120 975 2171 eiulatus
1004 2127 1053 2170 et
1082 2137 1172 2184 ge-

228 2188 410 2249 mituS‚
446 2189 511 2236 de
544 2187 753 2254 harusp.
784 2205 920 2253 resp.
959 2189 1050 2252 18,
1084 2189 1167 2239 39.

225 2281 296 2290 —
314 2255 618 2306 Philoctetes
633 2295 646 2318 ‚
684 2259 952 2325 tragoedia
974 2259 1173 2322 Euripi-

229 2325 335 2384 dis,
358 2326 421 2376 de
442 2333 567 2376 orat.
587 2326 636 2388 3,
660 2327 745 2390 35,
772 2328 886 2380 141.
902 2328 1171 2377 —Memm

226 2402 368 2445 ratur
386 2396 512 2446 haec
538 2396 709 2448 l'abula
729 2401 846 2448 item
877 2398 943 2447 ad
972 2396 1094 2446 fam.
1118 2399 1167 2460 7,

228 2463 386 2527 33,1.
422 2467 553 2515 den.
578 2468 629 2517 d.
660 2468 709 2529 1,
729 2465 959 2522 42,1.19.
992 2467 1055 2516 de
1078 2467 1165 2518 fin.

227 2532 278 2591 5,
294 2535 323 2583 ·l
339 2535 380 2597 l,
405 2534 489 2586 32.

158 2597 531 2653 Philodamus
547 2640 562 2667 ,
587 2605 737 2654 facile
756 2608 993 2670 princeps
1018 2606 1171 2654 Lam-

226 2685 581 2732 psacenorum.
616 2673 737 2721 Eius
758 2675 863 2722 filia
884 2690 913 2722 a
932 2673 987 2723 C.
1009 2675 1168 2724 Verre

228 2739 295 2786 ad
315 2747 546 2803 stuprum
570 2742 754 2804 petita,
786 2743 896 2806 ipse
917 2756 1033 2791 cum
1062 2743 1167 2792 filio

226 2815 435 2870 propter
462 2808 731 2858 tumultum
760 2824 789 2857 a
807 2811 1170 2874 Lampsacenis

230 2877 535 2925 concitatum
582 2884 761 2941 postea
810 2893 840 2926 a
876 2877 929 2928 C.
974 2879 1169 2929 Nerone

225 2953 552 3009 propraetore
564 2947 720 2996 Asiae
738 2948 1101 2998 condemnatus
1122 2955 1170 2998 et

222 3017 395 3064 securi
428 3029 704 3080 percussus
742 3023 847 3076 est,
899 3019 1043 3067 Verr.
1085 3033 1170 3068 ac-

228 3092 385 3132 cusat.
421 3085 469 3142 1,
489 3085 576 3148 25,
596 3083 683 3137 64.

156 3148 526 3204 Philodamus
546 3153 797 3216 Opuntius
813 3189 828 3218 ,
850 3154 996 3205 Verr.
1018 3167 1166 3204 aceu-

229 3230 325 3270 sat.
349 3224 397 3277 2,
417 3224 503 3278 44,
527 3220 643 3273 109.

156 3285 525 3340 Philodemus
544 3326 559 3352 ,
620 3290 878 3342 Ciceronis
936 3300 1165 3358 tempore

227 3357 581 3419 Epicuriorum
637 3359 744 3408 fere
796 3361 1160 3421 nobilissimuS,

227 3424 289 3471 de
311 3424 396 3473 fin.
422 3427 473 3486 2,
504 3424 588 3489 35,
614 3427 730 3483 119.
752 3455 821 3467 —-
840 3429 1162 3481 Philodemus

624 168 1196 215 PHILOCTETAEUS
1224 190 1304 199 --
1331 164 1784 214 PHILOTIMUS.

1311 323 1609 387 Epicur-ine,
1641 322 1700 369 L.
1732 321 1928 370 Pisonis
1962 318 2257 380 familiaris,

1314 394 1424 441 sine
1443 392 1644 441 nomine
1677 389 1977 439 describitur
2009 391 2061 438 in
2083 389 2256 438 Pison.

1314 460 1410 524 28,
1445 460 1532 512 68.
1557 486 1625 495 --
1648 458 1834 508 Poema
1864 457 1986 507 facit
2014 460 2084 507 ita
2113 459 2260 508 festi-

1313 545 1431 579 vum
1445 568 1459 593 ,
1481 531 1548 578 ita
1570 529 1898 591 concinnum,
1921 528 1994 575 ita
2027 527 2257 593 elegam,

1313 599 1440 648 nihil
1497 606 1550 646 ut
1607 596 1716 645 fieri
1779 598 1942 661 possit
2005 598 2255 660 argutius,

1315 670 1486 717 omnia
1521 674 1724 731 stupra,
1771 666 2021 715 adulteria
2053 666 2256 714 Pisonis

1313 737 1690 787 delicatissimis
1718 736 1951 786 versibus
1982 735 2255 799 expressit,

1315 810 1385 857 lb.
1409 807 1492 865 29,
1519 806 1603 856 70.

1243 878 1585 930 Philodorus
1607 874 1917 936 Trallianus,
1955 888 2048 937 pro
2071 874 2253 922 Flacco

1242 988 1590 1083 Philokenes
1629 1012 1807 1073 Attici,
1835 1011 1901 1059 ad
1933 1010 2035 1059 Att.
2070 1012 2132 1069 5,
2171 1010 2250 1068 13,

1314 1088 1364 1137 2.
1403 1088 1478 1139 Ib.
1501 1085 1561 1143 5,
1587 1083 1672 1142 20,
1694 1081 1858 1132 8.1b.
1879 1080 1943 1143 6,
1966 1082 2024 1139 2,
2052 1081 2076 1129 l
2101 1088 2149 1129 et
2171 1082 2250 1131 10.

1310 1156 1380 1203 lb.
1404 1155 1455 1215 6,
1476 1154 1525 1213 3,
1549 1154 1594 1202 1.
1635 1154 1708 1205 lb.
1733 1151 1784 1208 7,
1805 1150 1854 1209 5,
1877 1147 1928 1201 3.
1963 1150 2033 1199 Ib.
2057 1151 2107 1208 7,
2131 1151 2179 1210 7,
2202 1153 2249 1199 2.

1239 1221 1593 1291 Philogonus
1610 1257 1625 1283 ,
1650 1221 1707 1279 Q.
1745 1219 1998 1268 Ciceronis
2026 1218 2251 1275 libertus.

1312 1295 1374 1341 ad
1397 1293 1454 1351 Q.
1481 1293 1542 1341 fr.
1567 1293 1612 1351 l,
1639 1290 1688 1349 3,
1711 1290 1760 1340 3.
2233 1308 2247 1312 ·

1239 1359 1538 1413 Philolaus
1573 1361 1682 1409 sive
1707 1354 2001 1408 Philoleos
2021 1393 2036 1420 ,
2083 1356 2252 1406 Croto-

1311 1434 1465 1493 niata,
1491 1430 1709 1478 instituit
1731 1424 2017 1490 Archytam,
2038 1428 2102 1475 de
2125 1436 2248 1478 orat.

1315 1501 1362 1561 3,
1387 1500 1472 1560 34,
1498 1497 1614 1550 139.
1633 1524 1704 1533 -
1722 1498 1842 1546 Eius
1863 1498 2252 1545 commentarios

1315 1576 1390 1618 est
1417 1575 1597 1617 nactus
1622 1568 1794 1628 Plato,
1824 1564 1889 1613 de
1919 1580 1961 1616 r.
1987 1581 2037 1629 p.
2075 1566 2102 1614 1
2121 1601 2134 1623 ,
2171 1563 2250 1625 10,

1243 1704 1677 1767 Philomelium,
1738 1703 1991 1767 Phrygiae
2046 1703 2254 1751 maioris

1315 1776 1560 1840 oppidum
1595 1774 1660 1823 ad
1691 1773 1818 1822 fines
1846 1772 2158 1837 Lycaoniae,
2191 1772 2256 1820 ad

1314 1847 1434 1895 fam.
1458 1844 1506 1907 3,
1526 1843 1576 1903 8,
1597 1844 1648 1893 5.
1672 1872 1740 1882 —
1757 1842 1878 1892 Eius
1899 1840 2096 1889 incolae
2113 1838 2254 1890 Phi-

1312 1912 1673 1972 lomelenses‚
1692 1908 1837 1962 Verr.
1855 1916 2076 1966 accusat.
2099 1909 2150 1970 3,
2166 1908 2252 1970 83,

1317 1984 1433 2037 191.
1459 2011 1527 2019 -
1552 1984 1858 2031 Memoratur
1890 1987 2156 2048 praeterea
2191 1981 2258 2028 ad

1316 2056 1439 2104 fam.
1470 2051 1551 2115 13,
1575 2051 1660 2102 43.
1697 2052 1770 2100 Ib.
1802 2052 1881 2111 15,
1902 2053 1954 2111 4,
1980 2050 2029 2098 2.
2061 2049 2126 2098 ad
2149 2050 2255 2101 Att.

1241 2187 1586 2255 Philosophi
1626 2196 1820 2238 veteres
1854 2203 2018 2251 usque
2055 2187 2122 2236 ad
2161 2184 2254 2235 So-

1313 2269 1502 2309 cratem
1562 2273 1762 2308 omnem
1816 2259 2039 2307 omnium
2083 2271 2255 2306 rerum

1314 2329 1656 2394 cognitionem
1681 2335 1729 2376 et
1749 2327 2010 2376 scientiam
2042 2340 2157 2374 cum
2179 2326 2256 2374 di-

1313 2398 1462 2447 cendi
1475 2399 1673 2447 ratione
1690 2397 1966 2457 iungebant
1982 2431 1996 2456 ,
2037 2395 2101 2444 de
2122 2406 2249 2445 orat.

1313 2467 1373 2527 3,
1407 2467 1502 2530 19,
1536 2468 1622 2517 72.
1646 2493 1714 2501 -
1741 2463 2040 2528 Philosophi
2073 2462 2255 2512 Graeci

1313 2550 1489 2586 omues
1533 2543 1732 2600 praeter
1774 2532 2143 2598 Xenophanem
2207 2541 2255 2580 et

1311 2605 1587 2669 Epicurum
1611 2604 1970 2652 divinationem
2002 2602 2253 2666 probave-

1310 2682 1443 2736 runt,
1465 2675 1556 2724 sed
1578 2687 1676 2722 non
1697 2687 1796 2722 uno
1816 2672 1987 2730 modo,
2010 2672 2073 2720 de
2090 2671 2249 2720 divin.

1312 2743 1338 2792 1
1359 2779 1373 2802 ,
1407 2741 1439 2793 3
1458 2781 1473 2805 ,
1505 2743 1554 2792 5.
1579 2768 1648 2778 --
1665 2741 1964 2806 Philosophi
1993 2747 2254 2802 tamquam

1310 2811 1363 2859 in
1383 2825 1621 2874 superum
1645 2826 1782 2860 mare
1805 2813 2004 2860 Ionium
2023 2809 2254 2859 defluxe-

1308 2887 1424 2928 runt
1465 2879 1711 2930 Graecum
1756 2880 2014 2942 quoddam
2054 2885 2102 2927 et
2132 2891 2252 2943 por·

1309 2955 1511 2998 tuosum
1534 2956 1648 3012 etc.,
1670 2949 1732 2998 de
1754 2957 1876 3001 orat.
1899 2948 1948 3004 3,
1972 2946 2055 3007 19,
2077 2946 2166 2997 69.
2186 2973 2251 2982 --

1309 3017 1604 3083 Philosophi
1623 3017 1790 3067 Latini
1821 3017 2040 3067 Graecos
2062 3014 2253 3066 imitari

1311 3087 1519 3142 debent,
1555 3094 1611 3137 ut
1647 3090 1856 3152 poetae,
1908 3093 1966 3135 ut
2001 3093 2247 3144 oratores,

1308 3155 1469 3206 Acad.
1489 3164 1622 3221 post.
1651 3157 1697 3218 l,
1721 3157 1771 3218 3,
1797 3155 1876 3206 10.

1240 3221 1640 3288 Φιλοτιμὶα,
1691 3217 1822 3274 actio
1865 3223 2119 3276 Philotimi
2154 3223 2250 3273 Te-

1305 3295 1529 3408 geatiae,
1559 3295 1628 3342 ad
1659 3293 1764 3342 Att.
1797 3295 1855 3357 7,
1880 3294 1941 3344 11
1960 3329 1974 3352 ,
2010 3294 2073 3341 cl.
2101 3294 2169 3341 ib.
2194 3291 2244 3352 6,

1234 3426 1577 3480 Philotimus
1601 3429 1810 3479 libertus
1824 3466 1838 3492 ‚
1868 3429 2134 3480 Terentiae
2155 3444 2250 3495 po·
