2500 3850
585 200 648 250 ι..
677 198 996 247 vacuans
1027 183 1242 249 metm
1280 224 1349 230 ——-
1380 202 1440 249 c,
1462 204 1824 251 VELLEIUS.

247 358 486 416 civitatis,
506 368 601 421 pro
629 354 763 406 Sest.
783 356 871 416 65,
895 354 1007 406 135.
1031 355 1096 409 cl.
1121 358 1187 406 ad

247 430 352 477 Att.
367 430 418 489 2,
438 426 490 485 9,
507 428 557 478 2.
575 450 646 461 --
663 426 785 474 Eum
797 426 849 473 in
866 424 1186 475 defendendo

245 498 303 549 P.
343 495 506 545 Sestio
543 510 589 543 a.
623 510 675 546 u.
705 510 750 543 o.
781 494 912 546 698.
942 494 1185 543 arbitratu

247 580 340 615 suo
351 564 570 615 concidit
579 562 857 622 Cicer0,dis
871 562 1186 613 horninibus-

249 650 345 697 que
377 633 750 697 plaudentibus,
786 632 851 681 ad
872 631 929 691 Q.
955 631 1018 682 fr.
1040 634 1092 691 2,
1129 634 1182 691 4,

248 705 296 753 1.
319 701 854 760 -Commemoratur,
892 700 958 749 ad
993 704 1094 752 Att.
1131 702 1182 759 2,

245 772 298 831 6,
325 772 377 821 2.
399 797 470 807 -—
489 769 674 835 Epulo,
703 771 774 819 lb.
803 771 855 829 2,
877 771 928 830 7,
949 768 998 817 3.
1023 796 1088 805 --
1108 768 1184 818 De

246 840 464 903 epistola
481 840 689 901 Vatinii,
721 838 787 887 ad
808 838 866 895 Q.
898 837 959 889 l’r.
979 837 1030 898 3,
1059 836 1110 899 9,
1132 837 1182 887 5.

245 934 313 947 -
337 908 528 965 Quibus
556 908 708 957 rebus
740 907 988 957 adductus
1009 906 1184 957 Cicero

246 978 510 1027 Vatinium
545 976 828 1027 defenderit
865 984 914 1023 et
948 974 1184 1033 laudarit,

247 1046 314 1095 ad
346 1047 466 1096 sam.
492 1046 539 1109 1,
569 1044 620 1110 9,
652 1046 814 1107 4sqq.
836 1070 908 1080 —
940 1044 1065 1095 Eum
1097 1045 1188 1093 de-

245 1115 411 1165 fendit
440 1114 611 1165 Cicero
643 1130 690 1163 a.
713 1130 766 1163 u.
791 1130 835 1163 c.
857 1112 1000 1177 700„
1039 1113 1105 1163 ad
1126 1112 1184 1171 Q.

245 1182 311 1234 fr.
351 1184 408 1247 2,
456 1184 518 1233 15
553 1180 690 1247 (1-6),
729 1186 781 1237 2.
821 1206 890 1219 --
928 1181 1186 1233 Ciceronis

247 1253 408 1303 oratio
441 1268 532 1317 pro
565 1267 644 1312 eo,
681 1252 862 1317 fragm.
896 1267 951 1317 p.
973 1252 1095 1304 245.
1123 1276 1188 1287 —-

245 1323 367 1371 Eius
386 1336 543 1373 causa
561 1330 671 1370 acta
692 1336 723 1369 a
743 1320 1000 1379 Cicerone,
1027 1320 1188 1369 Pseu-

248 1390 512 1442 dosallust.
533 1392 585 1439 in
607 1389 712 1439 Cic.
733 1390 786 1447 4,
817 1390 868 1440 7.
891 1357 1184 1440 Pseudocic.

247 1461 300 1508 in
316 1458 440 1509 Sall.
454 1460 506 1521 4,
525 1459 606 1511 11.
621 1458 1190 1507 -Postbrevissimum

245 1531 366 1577 anni
376 1529 495 1579 707.
519 1527 834 1577 consulatum
855 1542 885 1575 a
899 1524 955 1579 C.
974 1525 1190 1576 Caesare

247 1598 491 1649 dictatore
528 1612 643 1647 cum
677 1596 900 1645 exercitu
933 1595 999 1644 ad
1029 1597 1190 1644 conti-

245 1667 439 1717 nendos
457 1667 656 1731 Illyrios
685 1666 872 1714 missus
905 1673 954 1713 et
985 1679 1040 1713 re
1059 1664 1191 1713 bene

247 1744 394 1802 gesta
412 1736 692 1800 Imperator
712 1733 1020 1799 appellatus,
1047 1731 1188 1782 Cice·

247 1806 361 1855 roni
407 1806 708 1871 dignitatem
751 1818 898 1853 suam
943 1804 1189 1852 adversus

248 1876 606 1926 obtrectatores
637 1873 956 1923 commendat
987 1888 1035 1923 a.
1067 1887 1120 1921 u.
1141 1886 1186 1919 c.

249 1945 389 2006 709„
420 1946 486 1994 ad
505 1944 624 1994 fam.
651 1945 700 2004 5,
735 1942 784 1994 9.
809 1969 871 1979 -
893 1942 994 1992 Res
1011 1957 1041 1991 a
1061 1956 1118 1992 se
1138 1943 1190 1988 in

246 2013 501 2064 Dalmatia
535 2019 708 2080 gestas
745 2013 982 2077 exponit,
1024 2010 1098 2063 Ib.
1139 2012 1188 2068 5,

251 2084 336 2135 10.
365 2111 435 2120 —-
460 2084 518 2132 Ei
549 2083 784 2132 rescribit
805 2081 998 2140 Cicer0,
1029 2080 1103 2130 lb.
1140 2081 1188 2137 5,

253 2153 334 2201 11.
357 2179 421 2189 —-
443 2153 566 2202 Eius
592 2166 722 2202 uxor
744 2152 1004 2214 Pompeia,
1036 2151 1108 2200 lb.
1139 2152 1188 2208 5,

250 2221 336 2280 11,
375 2224 428 2273 2.
461 2247 526 2257 ·-—
557 2220 614 2270 P.
643 2221 881 2271 Vatinius
916 2221 1191 2283 imperator

251 2305 296 2338 a.
319 2303 370 2338 u.
393 2304 436 2337 c.
463 2288 582 2340 710.
613 2290 662 2336 in
684 2288 880 2354 Illyrico
905 2303 1020 2337 cum
1047 2303 1190 2336 exer-

252 2359 354 2407 citu
381 2365 504 2416 erat,
543 2357 766 2422 Philipp.
803 2356 886 2418 10,
917 2358 967 2418 5,
1005 2355 1089 2410 11.
1125 2357 1212 2392 -’

251 2427 358 2477 Hoc
403 2433 632 2490 tempore
668 2426 866 2491 aperuit
898 2423 1196 2490 Dyrrhachii

251 2505 426 2560 portas
449 2495 509 2544 M.
541 2496 691 2544 Bruto
721 2503 768 2544 et
801 2495 1075 2543 exercitum
1094 2500 1195 2542 tra-

253 2564 400 2622 didit,
421 2565 496 2613 Ib.
516 2562 597 2625 10,
618 2563 670 2624 6,
695 2564 776 2615 13.
796 2590 866 2599 -
885 2562 985 2612 cfr.
1011 2563 1078 2612 ad
1092 2565 1193 2612 Att.

254 2634 338 2692 11,
376 2632 428 2692 5,
459 2633 509 2684 3.
527 2658 599 2668 -
625 2633 684 2691 Q.
713 2632 968 2682 Ciceronis
993 2633 1058 2680 ad
1083 2647 1196 2680 eum

252 2702 482 2765 epistola,
506 2702 578 2751 lb.
603 2701 683 2757 11¹,
705 2701 756 2761 9,
781 2702 832 2752 2.
863 2702 938 2753 lb.
961 2702 1012 2763 2,
1035 2703 1119 2758 24,
1141 2699 1191 2752 3.

184 2771 248 2824 L
265 2766 509 2819 Vecilius
523 2768 717 2838 Ligur,
737 2771 882 2820 testis
899 2771 950 2818 in
963 2738 1193 2828 Verrem,

248 2843 393 2890 verr.
421 2847 642 2892 accusat.
666 2841 716 2896 2,
748 2839 801 2896 8,
832 2837 918 2888 23.

185 2906 500 2961 Vectienus
561 2909 624 2960 V.
665 2904 972 2959 Vettianus.

183 2977 251 3032 P.
277 2973 503 3034 Vedius,
539 2977 768 3041 Pompeii
805 2975 1092 3039 familiaris,
1131 2977 1195 3025 ad

255 3049 350 3094 Att.
374 3045 424 3104 6,
462 3045 510 3104 1,
543 3046 627 3096 25.

183 3114 260 3164 Μ.
282 3110 556 3174 Vehilius,
596 3122 802 3179 praetor
833 3129 879 3163 a.
917 3131 968 3164 u.
999 3113 1194 3168 c.·7lO.

253 3184 564 3245 provinciam
597 3185 696 3233 sihi
723 3185 786 3233 ab
808 3184 1030 3232 Antonio
1051 3183 1196 3232 attri-

253 3253 425 3300 butam
447 3254 700 3304 recusavit
728 3253 960 3318 accipere
981 3261 1032 3300 et
1049 3265 1198 3300 sena-

251 3329 336 3368 tus
357 3322 640 3370 auctoritati
661 3337 718 3371 se
737 3323 1200 3386 obtemperaturum

255 3389 408 3447 dixit,
439 3387 662 3453 Philipp.
685 3391 735 3450 3,
765 3390 848 3449 10,
874 3391 960 3441 25.

189 3453 388 3506 Veiens
427 3471 550 3521 ager
582 3460 717 3506 circa
751 3459 934 3518 Veios,
972 3457 1202 3508 Etruriae

2142 194 2265 255 437

1328 360 1521 419 urbem,
1551 372 1645 423 pro
1679 357 1795 408 Sex.
1817 361 2019 410 Roscio,
2054 360 2143 421 16,
2177 362 2273 413 47.

1324 427 1394 475 ad
1411 426 1529 477 fam.
1552 427 1603 487 9,
1631 428 1712 487 17,
1737 431 1786 477 2.

1256 494 1456 545 Veiens
1476 495 1683 545 bellum.
1724 496 1952 546 Narratio
1973 498 2035 547 de
2057 501 2270 549 emissa-

1326 565 1402 614 rio
1433 564 1571 613 lacus
1593 564 1773 613 Albani
1794 580 1823 614 a
1843 566 2085 615 Romanis
2112 568 2266 628 facto,

1326 634 1389 683 de
1409 634 1567 683 divin.
1586 634 1634 697 1,
1655 635 1739 697 44,
1766 632 1878 683 100.
1914 635 1988 687 lb,
2002 636 2053 697 2,
2072 635 2157 700 32,
2179 630 2291 695 605.

1258 700 1517 752 Veientes
1550 703 1813 751 restituere
1843 703 1895 752 in
1917 708 2132 769 regnum
2148 706 2270 753 ‘Iar-

1327 772 1552 833 quinium
1566 768 1851 835 Superbum
1864 786 1963 821 non
1978 780 2269 837 potuerunt,

1325 840 1527 889 Tuscul.
1564 838 1627 899 3,
1667 842 1743 903 12,
1780 842 1863 889 27.
1886 869 1957 878 -
1974 842 2154 890 Eorum
2177 858 2271 891 rex

1326 908 1450 958 Lars
1470 908 1766 958 Tolumnius
1784 947 1797 972 ‚
1818 910 2043 974 Philipp.
2066 910 2118 970 9,
2146 912 2191 971 l,
2213 913 2264 960 4.

1260 975 1489 1028 Veiento
1509 978 1664 1027 iudex
1685 994 1733 1031 a.
1756 994 1807 1027 ιι.
1834 994 1879 1027 5.
1910 979 2047 1039 701.,
2068 981 2133 1029 ad
2160 981 2267 1030 Att.

1325 1050 1377 1106 4,
1405 1046 1497 1105 16,·
1526 1046 1577 1097 6.
1615 1056 1688 1083 ·-
1725 1048 1937 1097 Bibulus
1959 1048 2133 1113 Syriae
2154 1064 2270 1113 pro-

1324 1116 1521 1165 vinciae
1595 1116 1862 1166 discedens
1929 1118 2264 1185 Veientonem

1326 1184 1577 1248 praefecit
1600 1199 1647 1234 a.
1672 1202 1722 1236 ιι.
1748 1200 1790 1234 5.
1808 1186 1951 1249 704,,
1973 1188 2047 1235 lb.
2071 1188 2120 1247 7,
2144 1186 2193 1249 3,
2213 1186 2267 1239 6.

1258 1250 1506 1315 Veiovis,
1529 1255 1591 1302 de
1610 1268 1662 1302 n.
1687 1255 1737 1304 d.
1766 1254 1818 1317 3,
1843 1258 1931 1315 24,
1956 1254 2039 1304 62.

1261 1320 1579 1385 Velabrum,
1595 1324 1740 1371 vicus
1753 1322 1944 1372 Romae
1964 1324 2029 1371 ad
2044 1324 2268 1373 Tiberim

1329 1393 1472 1439 iuxta
1490 1390 1814 1439 Aventinum.
1854 1418 1911 1427 --
1938 1391 2137 1441 Mulieri
2172 1391 2270 1441 La-

1329 1460 1520 1509 rentiae
1541 1459 1805 1523 pontifices
1827 1461 1887 1510 ad
1920 1475 2059 1509 aram
2092 1462 2142 1510 in
2170 1463 2270 1511 Ve-

1328 1528 1472 1577 labro
1495 1527 1661 1577 facere
1680 1528 1878 1591 solent,
1910 1528 2003 1593 Ep.
2040 1530 2105 1579 ad
2126 1529 2268 1583 Brut.

1261 1664 1445 1729 Velia,
1480 1665 1669 1715 Romae
1699 1668 1840 1732 regio
1870 1667 2078 1726 editior,
2123 1668 2265 1716 Pala.

1329 1737 1438 1783 tino
1456 1736 1617 1786 monti
1642 1737 1943 1800 propinqua.
2001 1736 2073 1785 Eo
2092 1735 2143 1785 P.
2168 1739 2270 1787 Va-

1330 1803 1487 1853 lerius
1500 1804 1755 1855 Publicola
1769 1806 1923 1855 aedes
1935 1819 2054 1853 suas
2070 1805 2268 1866 detulit,

1330 1874 1393 1923 de
1417 1889 1457 1927 r.
1480 1886 1533 1938 P.
1566 1875 1617 1937 2,
1658 1872 1743 1934 31,
1776 1874 1860 1926 53.
1889 1902 1955 1910 -
1988 1873 2043 1921 P.
2067 1873 2273 1923 Valerio

1332 1957 1423 2007 pro
1458 1944 1694 1992 maximis
1726 1945 1777 1992 in
1809 1959 1913 1992 rem
1940 1941 2083 2008 publ.
2115 1945 2269 1992 bene-

1329 2013 1457 2061 ficiis
1492 2012 1609 2062 data
1630 2013 1809 2062 domus
1832 2023 1907 2062 est
1938 2015 1988 2060 in
2009 2012 2155 2061 Velia
2173 2027 2273 2076 pu-

1334 2081 1490 2144 blice,
1516 2082 1577 2130 de
1594 2081 1805 2146 harusp.
1822 2097 1960 2146 resp.
1982 2079 2033 2138 8,
2060 2082 2140 2134 16.

1264 2149 1453 2213 Velia,
1490 2152 1609 2200 olim
1644 2151 1791 2209 Elea,
1828 2151 2071 2216 oppidum
2105 2151 2271 2199 Luca-

1332 2221 1445 2268 niae
1475 2220 1542 2270 ad
1572 2219 1797 2269 Haletem
1842 2235 1887 2268 s.
1916 2219 2140 2270 Heletem
2176 2219 2271 2269 flu·-

1332 2290 1487 2352 vium‚
1512 2289 1576 2337 ad
1603 2289 1726 2338 fam.
1747 2290 1796 2349 7,
1821 2287 1903 2349 19,
1928 2289 1974 2340 1.
2012 2290 2086 2338 lb.
2112 2288 2196 2346 20,
2219 2287 2269 2336 1.

1330 2385 1399 2394 --
1427 2359 1580 2422 topic.
1619 2358 1665 2418 l,
1697 2359 1747 2407 5.
1792 2357 1858 2407 ad
1877 2359 1981 2406 Att.
2008 2357 2090 2416 16,
2128 2356 2181 2420 6,
2218 2355 2268 2408 1.

1332 2429 1481 2476 Verr.
1496 2434 1715 2475 accusat.
1733 2427 1783 2489 2,
1804 2425 1889 2490 40
1910 2423 1995 2477 99.
2020 2427 2095 2476 rb.
2120 2427 2170 2486 5,
2186 2425 2271 2483 17,

1268 2531 1581 2626 Velienses,
1620 2565 1741 2612 olim
1770 2563 1997 2626 Eleates,
2021 2562 2197 2612 Veliae
2229 2577 2274 2611 5.

1340 2633 1488 2682 Fleae
1508 2632 1718 2691 incolae
1738 2633 1805 2681 ad
1825 2622 1946 2684 fam.
1962 2599 2013 2692 7,
2036 2632 2122 2692 20,
2154 2631 2199 2682 1

1267 2697 1545 2751 Veliensis
1582 2701 1838 2751 foederata
1858 2702 2053 2750 civitas.
2107 2668 2189 2748 'Ex
2214 2714 2277 2749 ea

1336 2771 1635 2835 plerumque
1660 2771 1963 2835 adsumptae
1976 2770 2173 2820 Cereris
2193 2783 2276 2818 sa-

1337 2840 1580 2897 cerdote8‚
1599 2854 1692 2904 pro
1714 2840 1871 2890 Balbo
1895 2841 1982 2895 24.
2015 2838 2100 2888 55.

1269 2906 1463 2958 Velina
1480 2910 1661 2968 tribus,
1686 2909 1751 2958 ad
1767 2910 1873 2962 Att.
1896 2912 1947 2972 4,
1979 2907 2062 2964 15,
2082 2907 2133 2958 9.

1269 2973 1494 3027 Velinus
1520 2979 1661 3027 lacus
1692 2992 1851 3042 prope
1877 2977 2049 3024 Reate.
2100 2973 2277 3023 Reati-

1336 3061 1515 3095 norum
1555 3046 1761 3110 publica
1808 3060 1964 3094 causa
2006 3044 2068 3093 de
2106 3042 2281 3092 Velini

1336 3115 1625 3164 fluminibus
1647 3113 1967 3175 etctiniculi3‚
1982 3126 2073 3176 pto
2088 3110 2284 3184 Scauro

1339 3184 1391 3240 2,
1410 3184 1497 3234 27.
1538 3183 1599 3234 cl
1624 3183 1813 3235 adAtt.
1836 3185 1885 3233 4.
1912 3149 1992 3241 15,
2025 3181 2077 3232 5.

1271 3249 1336 3300 C.
1360 3219 1605 3301 Velleius
1625 3259 1846 3311 senator,
1866 3250 2152 3314 EpicuriuS,
2174 3249 2283 3297 dis-

1342 3329 1526 3383 putans
1562 3320 1822 3369 inducitur
1852 3321 1901 3369 in
1932 3318 2074 3368 libiis
2105 3318 2168 3367 de
2194 3333 2281 3366 na-

1342 3398 1454 3436 tura
1467 3389 1693 3447 deorum,
1712 3389 1775 3438 de
1794 3404 1846 3437 n.
1871 3389 1920 3439 d.
1938 3385 2049 3448 1,6,
2063 3386 2115 3440 5.
2134 3414 2204 3423 -
2219 3387 2283 3434 L.

1346 3456 1516 3507 Crassi
1552 3459 1765 3508 oratoris
1792 3455 2057 3507 familiaris
2077 3493 2090 3515 ,
2128 3456 2203 3508 Ib.
2236 3457 2276 3513 1.
