2500 3850
298 221 417 282 166

291 387 583 439 Halienus.
620 389 685 438 V.
708 383 964 436 Alienus.

290 455 611 508 Halimetus
627 491 641 518 ,
662 456 729 504 ad
752 457 855 504 Ait.
880 457 931 519 4,
957 457 1038 507 12.

290 522 651 588 Haluntium,
677 526 923 590 oppidum
944 524 1146 573 Siciliae
1168 525 1300 573 inter

295 636 303 648 ,
358 596 653 660 Lilybaeum
696 602 746 642 et
782 593 1041 655 Pelorum,
1096 591 1298 642 difficili

361 679 576 713 ascensu
597 671 746 726 atque
766 664 924 712 arduo
940 701 955 723 ,
974 663 1121 714 Verr.
1148 677 1299 711 accu-

358 742 453 782 sat.
479 735 539 794 4,
564 731 630 782 23
645 768 659 792 ,
682 731 767 784 51.
788 758 859 768 ——
882 732 1157 782 HaLuntina
1176 731 1299 779 civi-

358 811 465 860 tae,
491 803 562 851 lb.
583 800 634 862 3,
656 799 741 862 43,
773 801 887 851 103.

292 871 475 937 Halys
492 907 506 932 ,
554 869 935 932 Paphlagoniae
977 870 1187 934 fluviuS,
1236 869 1300 918 de

362 941 519 992 divin.
543 940 591 998 2,
614 939 699 996 56,
724 940 839 988 115.

292 1005 586 1058 Hamilcar
646 1008 1097 1072 Karthaginiensis.
1178 1008 1301 1056 Eius

278 1062 313 1108 Ρ
360 1079 612 1128 somnium
644 1077 692 1124 in
728 1078 993 1127 obsidione
1022 1075 1302 1142 Syracusa-

362 1162 471 1196 rum
488 1183 503 1206 ,
526 1147 590 1195 de
612 1146 770 1196 divin.
798 1146 846 1210 1,
868 1147 954 1209 24,
976 1146 1061 1196 50.

291 1212 601 1275 Hamilcar,
624 1214 915 1264 Hannibalis
940 1224 1100 1280 pater,
1129 1216 1191 1264 de
1210 1213 1297 1264 off.

361 1285 409 1346 3,
434 1283 519 1344 26,
538 1283 625 1336 99.

290 1353 599 1417 Hammon,
640 1354 765 1402 deus
806 1354 997 1417 Libyae
1016 1393 1027 1411 ,
1076 1353 1301 1416 luppiter

358 1423 631 1480 Hammon,
665 1424 729 1472 de
748 1439 797 1471 n.
822 1425 871 1472 d.
898 1424 943 1484 1,
966 1425 1061 1484 29,
1093 1421 1178 1473 82.
1217 1422 1300 1470 vel

359 1493 608 1540 Hammon
637 1491 941 1556 simpliciter
970 1493 1032 1540 de
1063 1491 1223 1540 divin.
1248 1491 1296 1550 1,

363 1563 387 1609 1
405 1597 419 1621 ,
444 1560 493 1611 3.
530 1562 603 1609 lb.
632 1561 678 1618 1,
701 1561 784 1619 43,
806 1562 891 1612 95.
933 1562 997 1609 V.
1024 1556 1292 1624 Iuppiter.

288 1626 661 1680 Hammonius
681 1627 953 1678 Ptolemaei
968 1627 1299 1678 Alexandrini

358 1699 497 1760 regis
519 1698 747 1760 legatus,
772 1698 840 1746 ad
858 1697 979 1746 fam.
1004 1697 1029 1747 1
1046 1734 1061 1757 ,
1088 1697 1133 1759 1,
1162 1697 1207 1745 1.
1228 1721 1299 1732 —-

358 1767 567 1815 libertus
603 1765 924 1830 Cleopatrae,
964 1766 1031 1815 ad
1067 1768 1167 1814 Att.
1213 1765 1295 1823 15,

288 1900 590 1955 Hannibal.
634 1901 870 1953 Summus
908 1903 1295 1970 Karthaginien-

358 1975 491 2021 sium
512 1988 541 2023 a
562 1974 669 2022 suis
694 1974 889 2023 civibus
910 1975 1099 2023 eiectus
1123 1990 1151 2023 e
1172 1975 1297 2023 civi-

357 2052 475 2104 tate,
498 2056 587 2105 pro
610 2042 739 2093 Sest.
767 2042 853 2104 68,
882 2042 997 2093 142.
1021 2070 1087 2079 —-
1107 2043 1297 2091 Hanni-

360 2110 466 2170 bal,
498 2113 818 2176 imperatoris
868 2112 1185 2177 exemplum,
1232 2112 1296 2161 de

357 2188 483 2230 orat.
519 2181 545 2229 1
568 2216 581 2238 ,
607 2179 702 2245 48,
726 2178 849 2231 210.
878 2206 948 2217 --
968 2180 1298 2246 comparatur

358 2264 469 2298 cum
491 2248 697 2313 Pyrrho,
720 2258 775 2297 ut
796 2259 1003 2314 propter
1020 2250 1295 2300 crudelita-

355 2327 455 2366 tem
496 2326 719 2379 notetur,
766 2319 829 2368 de
857 2321 963 2371 am.
1002 2320 1066 2378 8,
1103 2319 1189 2371 28.
1222 2346 1294 2355 -—

356 2388 597 2437 Hannibal
628 2388 877 2448 crudeliS,
910 2388 975 2438 de
1006 2388 1089 2439 off.
1120 2390 1176 2452 1,
1211 2389 1290 2447 12,

353 2456 438 2509 38.
474 2484 547 2496 —-
573 2456 827 2523 Callidus,
855 2459 929 2507 lb.
956 2459 980 2507 1
998 2496 1015 2523 ,
1047 2458 1144 2514 30,
1170 2456 1287 2507 108.

352 2548 421 2562 --
452 2527 575 2575 Eius
607 2529 800 2576 somnia
824 2542 855 2575 a
877 2526 1081 2585 Sileno,
1117 2525 1290 2578 Caelio

352 2596 619 2659 Antipatro
634 2632 648 2653 ‚
671 2596 954 2657 Agathocle
972 2603 1175 2645 narrata
1190 2631 1205 2655 ‚
1226 2596 1292 2644 de

352 2663 510 2711 divin.
535 2663 583 2724 1,
604 2666 690 2723 24,
710 2664 779 2713 48
799 2678 911 2726 sqq.
933 2692 998 2701 -
1022 2666 1140 2713 Post
1160 2662 1290 2713 Can·

354 2744 561 2777 nensem
599 2746 822 2795 pugnam
856 2733 1031 2782 decem
1060 2734 1289 2798 captivos

340 2798 560 2846 Romam
604 2801 834 2849 astrictos
869 2802 1010 2851 misit
1054 2804 1162 2851 iure
1211 2803 1289 2851 iu-

350 2866 509 2915 rando
531 2875 626 2915 etc.
642 2904 656 2930 ,
696 2869 758 2917 de
779 2868 862 2917 off.
888 2870 914 2918 1
932 2906 947 2932 ,
985 2868 1048 2919 13
1064 2908 1077 2930 ,
1110 2870 1197 2923 40.
1219 2897 1287 2905 -

350 2936 424 2986 De
452 2950 513 2983 ea
529 2950 583 2984 re
602 2938 725 2999 quid
743 2937 983 3000 Polybius
1014 2946 1065 2986 et
1092 2938 1286 2987 Acilius

350 3005 677 3067 tradiderint,
713 3006 776 3055 de
805 3005 891 3055 off.
914 3004 973 3068 3,
998 3005 1090 3064 32,
1118 3006 1289 3057 113—-

352 3073 469 3123 115.
493 3098 564 3109 —
584 3075 905 3125 vastationes
922 3111 935 3134 ,
964 3076 1146 3125 caedes
1164 3112 1179 3137 ,
1204 3091 1286 3124 ra·

351 3142 499 3205 pinas
516 3158 617 3191 non
635 3142 854 3193 faciebat
873 3143 1139 3204 Hannibal,
1164 3146 1287 3206 quia

347 3210 503 3261 multa
532 3212 598 3261 ad
626 3226 775 3261 usum
805 3211 1122 3273 reservabat,
1160 3213 1285 3262 Phi-

349 3280 477 3343 lipp.
499 3281 547 3333 5.
570 3279 620 3340 9,
642 3281 726 3331 25.
750 3307 820 3318 —
838 3282 921 3331 Ad
943 3297 1057 3331 eum
1077 3282 1286 3331 miserat.

342 3348 470 3396 -olim
504 3356 733 3408 senatus,
763 3358 819 3399 ut
844 3366 875 3400 a
896 3350 1123 3414 Sagunto
1145 3366 1284 3400 rece-

341 3417 513 3477 deret,
548 3417 768 3481 legatos:
808 3421 924 3482 qui,
961 3422 1005 3469 si
1036 3418 1281 3469 Hannibal

347 3499 445 3533 non
504 3495 723 3548 pareret,
786 3486 1143 3553 Karthaginem
1209 3490 1282 3536 ire

865 231 1213 278 HALIENUS
1236 250 1324 264 --·
1346 229 1788 284 HASDRUBAL.

1440 386 1564 434 iussi
1609 393 1778 447 erant,
1819 387 1893 436 lb.
1936 385 2000 444 5,
2047 383 2139 446 10,
2179 387 2267 438 27.
2316 413 2383 424 -

1437 453 1566 503 Belli
1598 455 1774 504 Punici
1809 455 2049 514 secundi,
2089 455 2228 515 qtmd
2262 469 2386 503 cou-

1437 531 1516 572 tra
1581 522 1836 573 Romanos
1898 522 2145 571 Hannibal
2202 524 2383 587 gessit,

1441 608 1595 643 causa
1644 591 1739 641 l‘uit
1787 590 2001 656 Sagunti
2045 592 2380 656 oppugnatiO.

1439 662 1592 710 Recte
1618 661 1684 710 ad
1705 676 1820 710 eum
1842 661 1994 724 legati
2014 659 2188 719 missi,
2211 661 2290 709 Ib.
2315 687 2383 698 —

1438 730 1767 779 Hannibalem
1803 729 2094 778 iuveniliter
2120 729 2385 778 exsultan-

1437 807 1537 848 tem
1558 798 1804 864 patientia
1826 799 2086 849 molliebat
2107 797 2166 856 Q.
2191 797 2385 847 Fabius

1441 868 1735 928 Cunctator,
1764 869 1828 917 de
1847 883 1954 916 sen.
1976 870 2028 930 4,
2053 865 2132 916 10.
2156 893 2220 901 —
2245 867 2386 916 Han-

1439 937 1580 986 nibal
1599 936 1890 986 Marcellum
1919 935 2199 998 interemit,
2237 937 2302 985 de
2327 951 2382 988 n,

1440 1008 1492 1061 d.
1526 1005 1586 1066 3,
1619 1005 1716 1067 32,
1747 1004 1832 1057 80.
1865 1033 1930 1042 -—-
1963 1004 2211 1054 Luxuries
2232 1003 2388 1054 Cam—

1439 1090 1576 1140 pana
1631 1075 1959 1124 Hannibalem
2019 1073 2179 1124 armis
2227 1076 2388 1122 etiam

1439 1152 1546 1193 tum
1576 1145 1824 1193 invictum
1858 1145 2116 1208 voluptate
2147 1143 2294 1206 vicit,
2319 1143 2386 1192 de

1438 1215 1552 1278 lege
1581 1227 1687 1278 agr.
1711 1215 1771 1277 2,
1793 1213 1888 1274 35,
1921 1213 2007 1265 95.
2034 1241 2096 1250 -
2121 1210 2386 1278 Scipionis
2445 1255 2448 1260 .

1439 1283 1646 1331 maioris
1665 1281 1876 1331 consilio
1896 1297 1957 1332 ac
1973 1283 2158 1332 virtute
2178 1281 2229 1330 in
2244 1281 2387 1330 Afri-

1441 1368 1549 1402 cam
1581 1352 1750 1401 redire
1780 1361 1931 1414 atque
1957 1365 2023 1400 ex
2052 1351 2199 1400 ltalia
2233 1351 2386 1401 deee-

1441 1422 1560 1471 dere
1591 1430 1796 1472 coactus
1825 1427 1928 1480 est,
1949 1423 2000 1469 in
2024 1419 2171 1472 Catil.
2195 1421 2258 1482 4,
2294 1419 2379 1483 10,

1439 1493 1524 1541 21.
1558 1518 1624 1526 -
1662 1489 1909 1540 Hannibal
1945 1489 2255 1554 Karthagine
2293 1505 2384 1540 ex-

1437 1561 1617 1624 pulsus
1662 1559 1920 1623 Ephesum
1966 1560 2030 1608 ad
2069 1557 2382 1609 Antiochum

1441 1631 1591 1678 venit.
1637 1629 1822 1678 Derisit
1856 1628 2212 1678 Phormionem
2239 1627 2384 1678 Peri·

1437 1699 1710 1764 pateticum
1732 1699 1903 1764 inepte
1923 1699 1985 1748 de
2005 1699 2142 1748 omni
2164 1713 2222 1747 re
2245 1699 2383 1748 mili·

1435 1769 1529 1817 tari
1550 1767 1920 1816 declamantem
1937 1805 1952 1827 ,
1973 1767 2036 1817 de
2058 1776 2184 1816 orat.
2207 1767 2268 1826 2,
2294 1767 2378 1820 18.

1437 1837 1523 1887 75.
1553 1862 1620 1871 ——
1640 1835 1960 1900 Responsum
1993 1838 2056 1884 ab
2086 1853 2144 1886 eo
2167 1837 2380 1886 Prusiae

1437 1906 1642 1969 datum,
1671 1905 1734 1955 de
1765 1906 1922 1955 divin.
1957 1906 2020 1973 2,
2059 1906 2152 1975 24,
2193 1907 2279 1955 52.
2313 1933 2382 1941 -

1437 1976 1719 2025 ‘Hannibal
1770 1976 1837 2025 ad
1891 1984 2064 2039 portas
2079 1980 2116 2040 ⁹,
2166 1989 2384 2039 prover-

1436 2045 1594 2103 bium,
1617 2045 1680 2093 de
1697 2044 1786 2095 fin.
1807 2046 1858 2104 4,
1879 2044 1928 2107 9,
1950 2045 2036 2097 22.
2060 2070 2126 2079 -
2147 2045 2270 2093 Eius
2291 2060 2380 2092 co-

1435 2114 1653 2163 hortatio
1703 2114 2034 2177 imperatoria
2081 2114 2220 2179 apud
2277 2113 2382 2161 En-

1435 2184 1575 2231 nium
1591 2219 1604 2241 ,
1633 2198 1724 2245 pro
1745 2182 1901 2231 Balbo
1921 2184 2018 2242 22,
2042 2181 2126 2232 51.
2150 2209 2224 2221 -—-
2239 2182 2381 2231 Rhe-

1438 2261 1601 2300 torum
1623 2251 2011 2301 deliberationes
2037 2251 2101 2299 de
2122 2253 2232 2300 eius
2254 2266 2381 2300 con-

1437 2319 1584 2381 siliis,
1607 2322 1670 2369 ad
1685 2321 1802 2373 Her.
1821 2319 1873 2380 3,
1887 2322 1937 2381 2,
1953 2322 2004 2370 2.
2030 2320 2093 2369 de
2107 2322 2208 2369 inv.
2225 2320 2274 2382 1,
2293 2320 2379 2379 12,

1436 2390 1518 2443 17.
1540 2389 1616 2439 lb.
1636 2389 1785 2449 2‚57‚
1801 2390 1920 2442 171.
1944 2388 2168 2449 defiu.5,
2183 2389 2268 2449 24,
2288 2389 2376 2439 70.

1361 2456 1580 2507 Hanno.
1631 2458 1858 2523 Epistola
1904 2456 2272 2507 Anacharsidis
2311 2459 2380 2507 ad

1432 2542 1544 2575 eum
1567 2528 1753 2588 missa,
1773 2526 1981 2576 Tuscnl.
2005 2527 2056 2586 5,
2079 2526 2168 2584 32,
2189 2526 2277 2577 90.

1359 2594 1706 2646 Harmodius
1747 2604 1796 2645 et
1832 2597 2113 2659 Aristogito
2164 2593 2378 2645 Graecis

1429 2666 1482 2712 in
1521 2680 1634 2729 ore,
1673 2666 1794 2727 quia
1833 2668 2048 2729 patriam
2063 2700 2078 2725 ‚
2103 2662 2376 2729 ,Athena5,

1429 2734 1598 2785 occiso
1653 2733 1944 2798 Hipparcho
2009 2732 2376 2792 liberaverunt,

1427 2800 1628 2853 Tuscul.
1659 2802 1706 2862 1,
1726 2801 1812 2862 49,
1839 2802 1958 2854 116.

1357 2869 1640 2936 Harpalus
1656 2906 1670 2933 ,
1691 2871 1880 2935 praedo
1901 2871 2027 2920 felix
2051 2872 2375 2935 temporibus

1427 2940 1711 2989 Alexandri
1729 2940 1901 3005 Magni
1917 2976 1932 2998 ,
1949 2939 2198 3005 Diogenis
2221 2940 2286 2989 de
2315 2954 2375 2990 eo

1428 3009 1646 3067 dictum,
1667 3010 1732 3058 de
1751 3023 1802 3078 n.
1828 3009 1879 3061 d.
1903 3008 1954 3069 3,
1974 3007 2061 3068 34,
2083 3005 2170 3059 83.

1355 3076 1671 3140 Harpalus,
1727 3091 1906 3126 servus
1959 3076 2218 3126 Ciceronis
2234 3113 2250 3139 ,
2309 3076 2375 3125 ad

1429 3144 1549 3194 fam.
1577 3146 1658 3205 16,
1681 3148 1766 3209 24,
1792 3145 1842 3194 1.
2129 3194 2135 3198 .

1356 3213 1712 3277 Hasdrubal,
1751 3214 2013 3263 Hannonis
2055 3211 2192 3261 filius
2208 3246 2226 3271 ,
2266 3211 2375 3260 dux

1425 3282 1923 3348 Karthaginiensium
1988 3280 2120 3330 bello
2175 3278 2372 3331 Punico

1405 3352 1622 3414 ⁸primo,
1662 3352 1716 3400 in
1753 3349 1936 3401 Sicilia
1967 3348 2158 3399 bellum
2188 3350 2371 3413 gessit,

1421 3420 1566 3469 Verr.
1591 3428 1812 3470 accusat.
1837 3420 1888 3479 3,
1911 3420 1998 3477 54,
2023 3418 2142 3468 125.

1352 3484 1704 3551 Hasdrubal,
1725 3488 1831 3538 dux
1857 3486 2374 3552 Karthaginiensium

2496 752 2500 858 ἓ
