2500 3850
810 188 898 235 10.
930 189 1185 236 MARIUS
1216 209 1300 218 —
1329 188 1562 236 MARsi.
2017 229 2024 236 .
2179 171 2299 234 243

298 361 350 394 n.
372 361 416 394 c.
437 335 558 394 672.
596 345 647 394 in
667 346 967 408 magistratu
996 358 1096 394 una
1122 360 1235 394 cum

299 413 497 477 collega
525 415 719 462 occisus
739 449 752 471 ,
790 413 853 462 de
889 413 1001 478 lege
1033 427 1143 476 agr.
1181 411 1231 474 3,

300 482 364 545 2,
406 480 457 532 6.
525 482 747 530 Vocatur
781 481 1003 530 ‘Marius
1052 482 1228 545 alter’,

296 549 518 626 Philipp.
535 547 619 609 13,
648 551 694 617 1,
721 550 769 599 l.

177 615 185 620 “
230 632 290 686 C.
315 631 532 685 Marius
553 633 615 684 G.
634 632 698 684 F.
724 634 785 684 G.
808 634 872 686 N.
896 635 1229 701 (Pseudoma-

291 700 441 768 rius),
477 718 525 752 a.
550 719 601 753 ιι.
626 712 671 758 c.
698 702 815 754 709.
894 706 1026 764 Quid
1054 704 1226 755 Cicero

293 788 342 822 a.
372 787 423 822 u.
460 788 506 821 c.
528 772 651 824 709.
704 780 911 838 rogatus
945 789 977 822 a
1003 773 1228 824 Pseudo-

294 843 490 904 mario,
526 851 582 890 ut
631 856 686 889 se
734 841 1028 892 defenderet
1055 880 1069 902 ,
1103 843 1229 891 scri-

294 911 478 974 pserit,
514 911 580 960 ad
600 911 704 959 Att.
729 910 823 972 12,
844 910 941 972 49,
966 911 1013 960 1.
1070 911 1138 964 cf.
1162 911 1224 960 de

290 994 351 1030 eo
371 979 444 1028 lb.
469 978 561 1038 14,
592 979 653 1042 6,
679 979 727 1032 1.
764 1004 835 1016 —
870 979 945 1028 De
976 981 1084 1028 eius
1103 994 1227 1029 nece

290 1062 383 1112 per
401 1047 745 1108 Dolabellam,
774 1047 845 1102 lb.
870 1048 953 1106 14,
973 1051 1023 1108 7,
1047 1045 1094 1099 1.
1151 1049 1225 1101 lb.

294 1116 377 1175 14,
394 1115 445 1174 8,
473 1117 519 1165 1.
556 1141 615 1153 -
638 1116 809 1166 Uncus
824 1118 1078 1180 impactus
1097 1125 1173 1166 est
1196 1133 1227 1166 a

290 1186 358 1238 M.
383 1185 604 1234 Antonio
635 1194 684 1234 et
712 1187 770 1236 P.
796 1185 1061 1236 Dolabella
1089 1184 1227 1250 fugi-

288 1255 398 1318 tivq
430 1253 534 1316 illi,
573 1256 659 1318 qui
688 1255 740 1303 in
772 1254 825 1304 G.
852 1255 999 1303 Marii
1042 1268 1226 1303 nomen

290 1324 570 1385 invaserat,
608 1323 829 1388 Philipp.
856 1323 902 1383 1,
924 1325 975 1382 2,
1001 1324 1050 1373 5.

218 1406 285 1458 L.
306 1405 525 1456 Marius
544 1406 608 1457 1..
630 1405 697 1456 F.
720 1416 958 1469 quaestor
973 1443 987 1468 ,
1022 1423 1225 1457 succes-

290 1490 375 1525 sor
395 1473 484 1524 Cn.
506 1473 737 1526 Sallustii
762 1478 811 1526 in
844 1476 990 1542 Syria
1019 1479 1223 1541 provin-

292 1547 400 1605 cia,
440 1543 507 1592 ad
526 1543 645 1593 fam.
670 1545 722 1605 2,
745 1544 827 1604 17,
850 1546 900 1596 5.

218 1609 298 1662 Μ.
335 1609 579 1674 Marius,
624 1627 715 1676 pro
750 1613 1033 1664 Valentinis
1083 1614 1223 1680 apud

290 1681 346 1729 C.
368 1683 580 1731 Verrem
605 1679 803 1731 locutus
834 1689 936 1745 est,
964 1685 1111 1736 Verr.
1138 1698 1222 1732 ac-

290 1758 450 1800 cusat.
475 1750 523 1813 5,
556 1748 637 1811 16,
657 1749 743 1802 40.

216 1815 295 1871 Μ.
318 1815 555 1882 Marius,
575 1817 839 1870 familiaris
861 1818 1133 1882 Ciceronis,
1156 1821 1223 1870 ad

288 1901 438 1950 quem
467 1893 583 1939 sunt
613 1889 679 1938 ad
704 1888 827 1945 fam.
855 1891 907 1943 7.
954 1903 1036 1954 ep.
1064 1890 1214 1942 1-4,

286 1957 499 2007 Facetae
526 1956 701 2008 laudes
721 1960 770 2009 ei
797 1960 1117 2018 tribuuntur,
1156 1960 1221 2009 ad

286 2025 345 2084 Q.
356 2026 422 2075 fr.
439 2028 491 2086 2,
507 2023 540 2075 8
552 2025 695 2091 (10),
708 2030 759 2079 2.
776 2055 845 2067 —-
862 2028 921 2078 Et
932 2027 1222 2079 valetudine

164 2097 189 2127 ⁹
284 2102 335 2143 et
352 2104 529 2145 natura
548 2096 874 2161 imbecillior,
913 2098 986 2146 Ib.
1006 2098 1056 2160 S.
1078 2096 1129 2148 3.
1151 2123 1221 2133 -

285 2162 360 2213 De
384 2163 543 2213 Mario
571 2167 777 2229 scripsit
808 2165 983 2216 Cicero
1022 2166 1088 2215 ad
1116 2166 1221 2215 Do-

286 2232 521 2282 labellam
559 2236 970 2293 accuratissime,
1008 2234 1073 2283 ad
1112 2236 1215 2285 Att.
1246 2250 1256 2255 ·

213 2300 596 2433 Seffffissfus,
638 2370 836 2435 legatus
857 2370 1146 2420 Dolabellae
1166 2386 1213 2421 a.

282 2454 333 2491 u.
360 2454 403 2487 c.
428 2439 547 2499 711,
584 2440 649 2488 ad
670 2438 791 2491 fam.
820 2439 900 2498 12,
924 2438 1007 2502 15,
1026 2439 1077 2489 5.

213 2518 283 2571 Τ.
305 2517 541 2585 Marius,
580 2521 645 2571 ad
664 2520 785 2570 fam.
811 2522 860 2585 5,
885 2522 969 2583 20,
990 2524 1043 2572 4.

208 2604 293 2657 Μ.
316 2604 534 2658 Marius
556 2604 939 2659 Gratidianus.
973 2608 1214 2669 Brut.45,

285 2674 404 2727 168.
444 2703 511 2713 —
560 2678 872 2742 Aptissimus
914 2676 1217 2727 turbulentis

282 2746 628 2807 contionibus,
673 2745 809 2795 Brut.
845 2746 938 2808 62,
990 2745 1112 2798 223.
1150 2774 1216 2782 —

282 2812 545 2863 Excitabat
570 2814 755 2863 fluctus
792 2816 845 2863 in
873 2816 1126 2882 simpulo,
1164 2824 1219 2864 ut

282 2882 485 2939 dicitur,
525 2882 812 2945 Gratidius,
843 2899 979 2947 -quos
1009 2891 1127 2950 post
1157 2886 1216 2933 fi-

281 2951 381 3003 lius
412 2951 522 3001 eius
546 2951 739 3002 Marius
767 2954 820 3004 in
839 2954 1047 3019 Aegaeo
1076 2954 1215 3004 exci-

277 3021 404 3071 tavit
442 3022 596 3083 mari,
635 3022 699 3073 de
718 3021 821 3087 leg.
844 3022 902 3083 3,
928 3022 1011 3085 16,
1032 3020 1118 3075 36.
1146 3051 1214 3060 -—

278 3090 337 3139 In
366 3097 605 3155 praetura
641 3092 861 3141 edictum
892 3091 957 3141 de
979 3108 1036 3143 re
1065 3106 1210 3141 num-

276 3160 440 3209 maria
481 3174 597 3209 cum
644 3162 854 3211 caeteris
891 3162 1209 3225 praetoribus

281 3235 329 3276 et
355 3228 573 3291 tribunis
609 3228 749 3293 plebi
780 3244 1043 3279 commune
1072 3229 1209 3283 solus

277 3297 517 3359 proponit
552 3296 733 3348 callide
772 3306 820 3347 et
850 3314 911 3349 ea
934 3314 990 3348 re
1020 3301 1211 3364 gratio-

280 3364 517 3415 sissimus
551 3365 675 3432 fuit,
715 3367 779 3417 de
810 3367 895 3417 off.
917 3366 971 3429 3,
1001 3368 1088 3427 20,
1120 3367 1207 3421 80.

278 3460 349 3471 —-
366 3434 505 3485 Idem
525 3432 681 3485 homo‘
697 3438 990 3486 carissimus
1017 3437 1211 3504 populo

1374 341 1626 403 Romano‘,
1664 356 1694 390 a
1724 341 1940 392 Catilina
1968 343 2155 392 vitibus
2193 357 2305 390 cae-

1371 428 1460 461 sus
1500 420 1549 460 et
1585 409 1933 460 crudelissime
1982 412 2205 468 occisus),
2245 409 2304 469 Q.

1373 480 1478 530 Cic.
1505 479 1567 529 de
1588 486 1692 544 pet.
1721 491 1863 528 cons.
1884 479 1944 542 3,
1970 479 2052 530 10.
2073 505 2144 516 —-
2181 480 2304 529 Eius

1370 549 1432 598 lis
1452 564 1566 598 cum
1585 549 1639 597 C.
1664 546 1843 612 Sergio
1865 545 2018 598 Orata
2033 584 2046 610 ,
2084 548 2147 597 de
2175 555 2302 598 orat.

1371 618 1420 680 1,
1443 616 1528 677 39,
1557 618 1675 666 177.
1717 617 1780 666 de
1806 617 1889 670 off.
1923 615 1981 676 3,
2007 615 2100 676 16,
2120 616 2207 669 67.
2239 641 2298 654 --

1365 685 1675 735 Memoratur
1703 687 1856 735 etiam
1895 687 1958 735 de
1987 693 2111 734 orat.
2143 686 2194 746 2,
2215 687 2303 746 65,

1297 819 1636 886 Marrucini,
1673 823 1856 888 populi
1873 822 2048 873 Italiae
2071 823 2137 873 ad
2166 837 2304 870 mare

1365 891 1708 941 Hadriaticum
1742 907 1906 957 prope
1932 893 2178 942 Aternum
2209 890 2306 940 ssu-

1370 961 1539 1024 vium,
1577 975 1790 1022 quorum
1827 967 1979 1025 caput
2027 960 2124 1009 fuit
2151 960 2304 1008 Teate

1367 1028 1784 1088 Marrucinorum,
1824 1029 2046 1094 Philipp.
2069 1031 2119 1088 7,
2141 1029 2190 1088 8,
2211 1027 2299 1080 23.

1366 1112 1460 1162 pro
1483 1097 1709 1148 Cluentio
1727 1097 1796 1149 69
1811 1134 1825 1158 ,
1849 1097 1966 1148 197.

1296 1165 1471 1230 Mars,
1508 1168 1644 1216 Iovis
1665 1175 1713 1215 et
1735 1168 1942 1217 lunonis
1962 1166 2114 1215 filius.
2170 1166 2304 1214 Mars

1367 1242 1416 1284 et
1433 1235 1607 1284 Venus
1638 1237 1784 1285 tertia
1813 1243 2053 1300 parentes
2085 1235 2304 1284 Antero-

1365 1307 1450 1368 tiS,
1490 1304 1553 1353 de
1589 1319 1639 1352 n.
1663 1305 1714 1353 d.
1740 1303 1790 1364 3,
1811 1303 1898 1364 23,
1921 1304 2004 1355 59.
2038 1331 2102 1341 —
2144 1301 2298 1367 Mars,

1368 1380 1513 1438 pater
1533 1373 1752 1434 Romuli,
1791 1373 1853 1422 de
1871 1387 1914 1426 r,
1934 1388 1988 1437 p.
2010 1373 2062 1435 2,
2085 1373 2136 1434 2,
2158 1373 2212 1420 4.
2233 1397 2306 1409 —-

1363 1441 1538 1490 Martis
1555 1440 1798 1505 templum
1821 1441 1888 1490 ad
1906 1442 2040 1491 viam
2058 1442 2298 1504 Appiam,

1363 1510 1430 1559 ad
1444 1509 1502 1568 Q.
1519 1508 1582 1559 fr.
1595 1507 1647 1570 3,
1673 1513 1722 1569 7,
1748 1510 1798 1562 1.
1815 1537 1882 1546 --
1902 1508 2081 1559 Martis
2098 1510 2301 1572 signum

1365 1578 1464 1628 sibi
1481 1579 1619 1642 pacis
1639 1579 1830 1628 auctori
1851 1589 2075 1643 emptum
2095 1592 2208 1628 esse
2223 1577 2300 1626 Ci-

1366 1662 1477 1696 ceio
1501 1661 1597 1696 non
1617 1648 1814 1711 probat,
1843 1648 1911 1698 ad
1933 1647 2059 1697 fam.
2081 1646 2131 1706 7,
2148 1645 2235 1706 23,
2249 1649 2299 1699 2.

1362 1741 1432 1750 -—·
1451 1715 1584 1766 Mars
1608 1730 1709 1796 pro
1725 1717 1876 1795 bello,
1914 1717 1981 1767 ad
1997 1716 2111 1766 Her.
2133 1717 2184 1780 4,
2213 1684 2298 1778 32,

1361 1783 1444 1834 43.
1465 1811 1534 1821 —
1551 1777 1745 1842 Ξυνὸς
1754 1753 2068 1844 Ἐνυάλιος,
2101 1784 2167 1833 ad
2193 1785 2298 1834 Att.

1364 1854 1414 1913 7,
1435 1851 1485 1918 8,
1506 1856 1560 1905 4.
1583 1881 1648 1889 —
1672 1853 1846 1904 Omnis
1873 1854 1994 1904 belli
2011 1853 2146 1903 Mars
2163 1866 2301 1902 com·

1363 1923 1531 1973 munis
1552 1960 1566 1984 ,
1605 1923 1674 1973 ad
1693 1923 1818 1977 fam.
1839 1922 1904 1985 6,
1943 1926 2011 1986 4,
2047 1923 2092 1973 1.
2151 1921 2214 1976 cl.
2237 1922 2302 1972 de

1365 1998 1491 2041 orat.
1525 1991 1576 2056 3,
1595 1994 1681 2056 42,
1708 1994 1824 2044 167.
1883 2008 1976 2059 pro
1995 1992 2181 2041 Milone
2212 1992 2300 2051 21,

1360 2060 1445 2111 56.
1467 2087 1538 2096 -
1569 2060 1702 2111 Mars
1723 2063 1838 2125 ipse
1859 2076 1921 2111 ex
1953 2060 2064 2111 acie
2085 2061 2301 2110 tortissi-

1359 2145 1498 2180 mum
1547 2145 1796 2193 quemque
1838 2130 2101 2195 pignerari
2149 2128 2297 2188 solet,

1358 2198 1584 2263 Philipp.
1623 2198 1715 2259 14,
1766 2200 1859 2279 12,
1900 2198 1988 2253 32.
2043 2226 2110 2234 -
2165 2198 2299 2247 Mar-

1357 2269 1428 2316 tis
1461 2268 1621 2334 stella,
1667 2262 1931 2333 πυρόεις,
1971 2268 2034 2318 de
2071 2282 2122 2316 n.
2153 2267 2202 2316 d.
2247 2268 2297 2324 2,

1359 2336 1456 2401 20,
1478 2336 1566 2389 53.
1617 2337 1689 2386 I.b
1722 2338 1770 2400 2,
1811 2336 1897 2397 46,
1939 2334 2055 2386 119.
2077 2334 2299 2383 *Mar-

1355 2405 1422 2453 tis
1455 2404 1602 2455 stella
1634 2403 1786 2454 rutila
1810 2402 2169 2465 horribilisque
2195 2410 2296 2452 ter-

1357 2474 1460 2533 riS,
1499 2473 1563 2522 de
1592 2489 1634 2521 r.
1669 2488 1720 2537 p.
1755 2472 1807 2531 6,
1832 2473 1912 2536 17,
1937 2472 2022 2522 17.
2052 2498 2118 2507 -—-
2139 2470 2298 2520 Stella

1264 2538 1269 2543 '
1357 2540 1530 2589 Martis
1574 2540 1841 2590 Saturnive
1878 2541 1946 2590 ad
1989 2548 2129 2590 ortus
2169 2555 2297 2604 pue-

1357 2624 1528 2729 gtgrum
1565 2610 1842 2669 contraria,
1881 2609 1944 2659 de
1976 2609 2081 2662 div.
2119 2607 2168 2671 1,
2205 2608 2293 2669 39,

1286 2740 1504 2810 Marsi,
1552 2747 1772 2813 populus
1811 2747 1979 2808 Latii,
2034 2763 2067 2797 a
2109 2748 2296 2810 quibus

1357 2816 1587 2865 Italicum
1607 2818 1716 2867 sive
1738 2817 1932 2867 sociale
1949 2814 2138 2867 bellum
2163 2817 2295 2866 Mar-

1356 2885 1519 2935 sicum
1547 2886 1850 2949 aliquotiens
1883 2901 1916 2935 a
1949 2885 2189 2937 Cicerone
2216 2886 2291 2935 di-

1355 2954 1506 3016 citur,
1538 2955 1676 3017 quod
1704 2957 1816 3005 eius
1833 2954 2102 3021 praecipui
2120 2963 2294 3003 aucto-

1353 3038 1437 3073 res
1471 2992 1693 3074 fuerunt.
1725 3051 1791 3061 —-
1829 3023 1985 3091 Marsi
2007 3030 2056 3074 et
2072 3022 2291 3087 Peligni,

1352 3092 1756 3155 fortissimiviri,
1785 3082 1960 3141 eorum
1987 3092 2149 3142 tribus
2171 3091 2293 3140 Ser-

1352 3163 1457 3227 gia,
1471 3163 1525 3211 in
1538 3162 1803 3212 Vatinium
1826 3160 1909 3221 15,
1922 3156 2009 3210 36.
2026 3184 2095 3195 -
2114 3160 2294 3209 ‘Marsi

1351 3233 1607 3295 augures’
1649 3229 1978 3292 contemptim
2019 3229 2155 3293 apud
2189 3228 2292 3277 En-

1353 3299 1492 3348 nium
1513 3300 1566 3348 in
1577 3297 1780 3359 Satiris,
1819 3298 1954 3361 quod
1973 3297 2294 3363 superstitio·

1354 3367 1505 3418 nibus
1542 3367 1822 3430 antiquitus
1862 3380 2107 3431 perquam
2147 3376 2292 3416 erant

1353 3436 1530 3501 dediti,
1570 3436 1887 3558 demmin&
1914 3435 2140 3503 58,132.
