<?xml version="1.0" encoding="UTF-8"?>
<!DOCTYPE html PUBLIC "-//W3C//DTD XHTML 1.0 Transitional//EN"
    "http://www.w3.org/TR/xhtml1/DTD/xhtml1-transitional.dtd">
<html xmlns="http://www.w3.org/1999/xhtml" xml:lang="en" lang="en">
 <head>
  <title>
</title>
<meta http-equiv="Content-Type" content="text/html;charset=utf-8" />
  <meta name='ocr-system' content='tesseract 3.04.00' />
  <meta name='ocr-capabilities' content='ocr_page ocr_carea ocr_par ocr_line ocrx_word'/>
</head>
<body>
  <div class='ocr_page' id='page_1' title='image "./scriptaquaemans04mlgoog_0311.png"; bbox 0 0 2500 3850; ppageno 0'>
   <div class='ocr_carea' id='block_1_1' title="bbox 24 166 2235 239">
    <p class='ocr_par' dir='ltr' id='par_1_1' title="bbox 24 166 2235 239">
     <span class='ocr_line' id='line_1_1' title="bbox 24 166 2235 239; baseline 0.002 -15"><span class='ocrx_word' id='word_1_1' title='bbox 24 190 27 239; x_wconf 54' lang='grc' dir='ltr'><strong>ρ</strong></span> <span class='ocrx_word' id='word_1_2' title='bbox 767 178 878 225; x_wconf 65' lang='lat' dir='ltr'><strong>cx.</strong></span> <span class='ocrx_word' id='word_1_3' title='bbox 914 176 1259 225; x_wconf 69' lang='lat' dir='ltr'><strong>pommus</strong></span> <span class='ocrx_word' id='word_1_4' title='bbox 1301 177 1607 225; x_wconf 76' lang='lat' dir='ltr'><strong>MAGNUS.</strong></span> <span class='ocrx_word' id='word_1_5' title='bbox 2112 166 2235 229; x_wconf 88' lang='grc'><strong>305</strong></span> 
     </span>
    </p>
   </div>
   <div class='ocr_carea' id='block_1_2' title="bbox 23 333 1161 1224">
    <p class='ocr_par' dir='ltr' id='par_1_2' title="bbox 223 333 1160 469">
     <span class='ocr_line' id='line_1_2' title="bbox 223 333 1160 389; baseline 0.002 -8"><span class='ocrx_word' id='word_1_6' title='bbox 223 335 308 389; x_wconf 79' lang='grc'><strong>45,</strong></span> <span class='ocrx_word' id='word_1_7' title='bbox 347 360 414 371; x_wconf 90' lang='grc'><strong>--</strong></span> <span class='ocrx_word' id='word_1_8' title='bbox 447 333 572 383; x_wconf 88' lang='lat' dir='ltr'><strong>Eius</strong></span> <span class='ocrx_word' id='word_1_9' title='bbox 611 348 724 382; x_wconf 88' lang='lat' dir='ltr'><strong>cum</strong></span> <span class='ocrx_word' id='word_1_10' title='bbox 758 334 1034 383; x_wconf 87' lang='lat' dir='ltr'><strong>Posidonio</strong></span> <span class='ocrx_word' id='word_1_11' title='bbox 1076 348 1160 383; x_wconf 71' lang='lat' dir='ltr'><strong>ae-</strong></span> 
     </span>
     <span class='ocr_line' id='line_1_3' title="bbox 224 402 1158 469; baseline -0.003 -16"><span class='ocrx_word' id='word_1_12' title='bbox 224 410 446 469; x_wconf 84' lang='lat' dir='ltr'><strong>grotante</strong></span> <span class='ocrx_word' id='word_1_13' title='bbox 469 418 652 459; x_wconf 79' lang='lat' dir='ltr'><strong>Serme,</strong></span> <span class='ocrx_word' id='word_1_14' title='bbox 668 402 870 457; x_wconf 80' lang='lat' dir='ltr'><strong>Tuscul,</strong></span> <span class='ocrx_word' id='word_1_15' title='bbox 893 404 944 465; x_wconf 99' lang='grc'><strong>2,</strong></span> <span class='ocrx_word' id='word_1_16' title='bbox 967 403 1052 463; x_wconf 88' lang='grc'><strong>25,</strong></span> <span class='ocrx_word' id='word_1_17' title='bbox 1073 402 1158 453; x_wconf 90' lang='grc'><strong>61.</strong></span> 
     </span>
    </p>

    <p class='ocr_par' dir='ltr' id='par_1_3' title="bbox 224 469 1160 591">
     <span class='ocr_line' id='line_1_4' title="bbox 224 469 1160 591; baseline -0.002 -71"><span class='ocrx_word' id='word_1_18' title='bbox 224 499 287 589; x_wconf 46' lang='grc' dir='ltr'><strong>ἦ·</strong></span> <span class='ocrx_word' id='word_1_19' title='bbox 341 472 538 535; x_wconf 80' lang='lat' dir='ltr'>Hospes</span> <span class='ocrx_word' id='word_1_20' title='bbox 591 469 1160 591; x_wconf 52' lang='lat' dir='ltr'><strong>Sthgnii4ghe1rffiitani’</strong></span> 
     </span>
    </p>

    <p class='ocr_par' dir='ltr' id='par_1_4' title="bbox 352 547 1161 589">
     <span class='ocr_line' id='line_1_5' title="bbox 352 547 1161 589; baseline -0.002 -12"><span class='ocrx_word' id='word_1_21' title='bbox 352 576 363 588; x_wconf 66' lang='grc'><strong>,</strong></span> <span class='ocrx_word' id='word_1_22' title='bbox 498 575 500 577; x_wconf 79' lang='grc'>,</span> <span class='ocrx_word' id='word_1_23' title='bbox 603 547 634 586; x_wconf 73' lang='lat' dir='ltr'><strong>t,</strong></span> <span class='ocrx_word' id='word_1_24' title='bbox 901 568 906 572; x_wconf 83' lang='lat'><strong>.</strong></span> <span class='ocrx_word' id='word_1_25' title='bbox 1031 576 1044 589; x_wconf 63' lang='lat'><strong>·</strong></span> <span class='ocrx_word' id='word_1_26' title='bbox 1094 568 1161 575; x_wconf 81' lang='lat'><strong>—</strong></span> 
     </span>
    </p>

    <p class='ocr_par' dir='ltr' id='par_1_5' title="bbox 222 554 1158 672">
     <span class='ocr_line' id='line_1_6' title="bbox 222 554 1158 672; baseline 0 -14"><span class='ocrx_word' id='word_1_27' title='bbox 222 556 371 658; x_wconf 47' lang='grc' dir='ltr'><strong>Ριξξι</strong></span> <span class='ocrx_word' id='word_1_28' title='bbox 413 554 746 672; x_wconf 50' lang='lat' dir='ltr'><strong>{cculsgoeioz</strong></span> <span class='ocrx_word' id='word_1_29' title='bbox 800 576 885 657; x_wconf 56' lang='lat' dir='ltr'><strong>ad,</strong></span> <span class='ocrx_word' id='word_1_30' title='bbox 905 608 1023 661; x_wconf 80' lang='lat' dir='ltr'><strong>fam.</strong></span> <span class='ocrx_word' id='word_1_31' title='bbox 1075 607 1158 670; x_wconf 84' lang='lat'><strong>13,</strong></span> 
     </span>
    </p>

    <p class='ocr_par' dir='ltr' id='par_1_6' title="bbox 23 677 1160 1224">
     <span class='ocr_line' id='line_1_7' title="bbox 24 677 1160 739; baseline 0 -14"><span class='ocrx_word' id='word_1_32' title='bbox 24 718 27 725; x_wconf 92' lang='lat'><strong>.</strong></span> <span class='ocrx_word' id='word_1_33' title='bbox 221 678 315 739; x_wconf 90' lang='grc'><strong>41,</strong></span> <span class='ocrx_word' id='word_1_34' title='bbox 359 679 406 730; x_wconf 91' lang='grc'><strong>1.</strong></span> <span class='ocrx_word' id='word_1_35' title='bbox 452 705 516 713; x_wconf 84' lang='grc'><strong>-</strong></span> <span class='ocrx_word' id='word_1_36' title='bbox 559 677 620 731; x_wconf 92' lang='lat' dir='ltr'><strong>L.</strong></span> <span class='ocrx_word' id='word_1_37' title='bbox 655 677 834 728; x_wconf 87' lang='lat' dir='ltr'><strong>Flacco</strong></span> <span class='ocrx_word' id='word_1_38' title='bbox 889 678 1160 727; x_wconf 89' lang='lat' dir='ltr'><strong>vehemen-</strong></span> 
     </span>
     <span class='ocr_line' id='line_1_8' title="bbox 24 732 1154 821; baseline 0.003 -26"><span class='ocrx_word' id='word_1_39' title='bbox 24 732 27 821; x_wconf 54' lang='grc'><strong>1</strong></span> <span class='ocrx_word' id='word_1_40' title='bbox 225 756 297 797; x_wconf 87' lang='lat' dir='ltr'><strong>ter</strong></span> <span class='ocrx_word' id='word_1_41' title='bbox 324 746 593 806; x_wconf 75' lang='lat' dir='ltr'><strong>inimicUS,</strong></span> <span class='ocrx_word' id='word_1_42' title='bbox 631 762 722 812; x_wconf 90' lang='lat' dir='ltr'><strong>pro</strong></span> <span class='ocrx_word' id='word_1_43' title='bbox 758 747 936 797; x_wconf 85' lang='lat' dir='ltr'><strong>Flacco</strong></span> <span class='ocrx_word' id='word_1_44' title='bbox 974 748 1025 808; x_wconf 88' lang='grc'><strong>6,</strong></span> <span class='ocrx_word' id='word_1_45' title='bbox 1071 747 1154 798; x_wconf 88' lang='grc'><strong>14.</strong></span> 
     </span>
     <span class='ocr_line' id='line_1_9' title="bbox 24 814 1157 889; baseline 0 -26"><span class='ocrx_word' id='word_1_46' title='bbox 24 824 26 889; x_wconf 59' lang='lat' dir='ltr'>y</span> <span class='ocrx_word' id='word_1_47' title='bbox 169 842 284 879; x_wconf 78' lang='lat'><strong>.···</strong></span> <span class='ocrx_word' id='word_1_48' title='bbox 341 814 711 879; x_wconf 87' lang='lat' dir='ltr'><strong>Theophanum</strong></span> <span class='ocrx_word' id='word_1_49' title='bbox 778 815 1157 879; x_wconf 74' lang='lat' dir='ltr'><strong>Mytilenaeum,</strong></span> 
     </span>
     <span class='ocr_line' id='line_1_10' title="bbox 24 886 1160 948; baseline -0.003 -14"><span class='ocrx_word' id='word_1_50' title='bbox 24 892 26 913; x_wconf 67' lang='lat'><em>³</em></span> <span class='ocrx_word' id='word_1_51' title='bbox 217 886 514 948; x_wconf 80' lang='lat' dir='ltr'><strong>scriptorem</strong></span> <span class='ocrx_word' id='word_1_52' title='bbox 577 899 745 933; x_wconf 87' lang='lat' dir='ltr'><strong>rerum</strong></span> <span class='ocrx_word' id='word_1_53' title='bbox 800 900 1002 935; x_wconf 90' lang='lat' dir='ltr'><strong>suarum</strong></span> <span class='ocrx_word' id='word_1_54' title='bbox 1034 921 1049 948; x_wconf 93' lang='lat'><strong>,</strong></span> <span class='ocrx_word' id='word_1_55' title='bbox 1108 886 1160 931; x_wconf 91' lang='lat' dir='ltr'><strong>in</strong></span> 
     </span>
     <span class='ocr_line' id='line_1_11' title="bbox 24 952 1158 1034; baseline 0 -32"><span class='ocrx_word' id='word_1_56' title='bbox 24 970 27 1025; x_wconf 52' lang='lat' dir='ltr'><strong><em>g</em></strong></span> <span class='ocrx_word' id='word_1_57' title='bbox 221 954 451 1033; x_wconf 80' lang='lat' dir='ltr'><strong>contione</strong></span> <span class='ocrx_word' id='word_1_58' title='bbox 491 952 706 1034; x_wconf 79' lang='lat' dir='ltr'><strong>militum</strong></span> <span class='ocrx_word' id='word_1_59' title='bbox 755 954 957 1007; x_wconf 84' lang='lat' dir='ltr'><strong>civitate</strong></span> <span class='ocrx_word' id='word_1_60' title='bbox 1001 954 1158 1003; x_wconf 87' lang='lat' dir='ltr'><strong>dona-</strong></span> 
     </span>
     <span class='ocr_line' id='line_1_12' title="bbox 23 1022 1158 1157; baseline -0.001 -17"><span class='ocrx_word' id='word_1_61' title='bbox 23 1028 27 1157; x_wconf 47' lang='grc'><strong>11</strong></span> <span class='ocrx_word' id='word_1_62' title='bbox 211 1022 725 1155; x_wconf 46' lang='grc' dir='ltr'><strong>ἶΐῃέἰρΐὲιὼὲἐῖῖῧιῗ</strong></span> <span class='ocrx_word' id='word_1_63' title='bbox 775 1022 845 1139; x_wconf 61' lang='lat'>111?</span> <span class='ocrx_word' id='word_1_64' title='bbox 868 1024 1158 1156; x_wconf 52' lang='lat' dir='ltr'><strong>⁹P0213peius</strong></span> 
     </span>
     <span class='ocr_line' id='line_1_13' title="bbox 24 1159 1154 1224; baseline 0.004 -17"><span class='ocrx_word' id='word_1_65' title='bbox 24 1176 26 1179; x_wconf 63' lang='grc'>’</span> <span class='ocrx_word' id='word_1_66' title='bbox 219 1159 466 1224; x_wconf 86' lang='lat' dir='ltr'><strong>appellat,</strong></span> <span class='ocrx_word' id='word_1_67' title='bbox 516 1160 786 1219; x_wconf 83' lang='lat' dir='ltr'><strong>iudicatiO,</strong></span> <span class='ocrx_word' id='word_1_68' title='bbox 838 1162 902 1210; x_wconf 88' lang='lat' dir='ltr'><strong>ad</strong></span> <span class='ocrx_word' id='word_1_69' title='bbox 941 1160 1062 1209; x_wconf 83' lang='lat' dir='ltr'><strong>fam.</strong></span> <span class='ocrx_word' id='word_1_70' title='bbox 1106 1160 1154 1219; x_wconf 86' lang='lat'><strong>3,</strong></span> 
     </span>
    </p>
   </div>
   <div class='ocr_carea' id='block_1_3' title="bbox 217 1227 1214 1295">
    <p class='ocr_par' dir='ltr' id='par_1_7' title="bbox 217 1227 1214 1295">
     <span class='ocr_line' id='line_1_14' title="bbox 217 1227 1214 1295; baseline -0.004 -16"><span class='ocrx_word' id='word_1_71' title='bbox 217 1229 280 1289; x_wconf 83' lang='lat'><strong>9,</strong></span> <span class='ocrx_word' id='word_1_72' title='bbox 324 1228 374 1277; x_wconf 84' lang='lat'><strong>2.</strong></span> <span class='ocrx_word' id='word_1_73' title='bbox 414 1255 479 1263; x_wconf 91' lang='lat'>—</span> <span class='ocrx_word' id='word_1_74' title='bbox 515 1227 768 1279; x_wconf 84' lang='lat' dir='ltr'>Ciceronis</span> <span class='ocrx_word' id='word_1_75' title='bbox 799 1230 866 1279; x_wconf 85' lang='lat' dir='ltr'><strong>ad</strong></span> <span class='ocrx_word' id='word_1_76' title='bbox 903 1246 1017 1279; x_wconf 91' lang='lat' dir='ltr'><strong>eum</strong></span> <span class='ocrx_word' id='word_1_77' title='bbox 1049 1231 1156 1295; x_wconf 90' lang='lat' dir='ltr'><strong>epi-</strong></span> <span class='ocrx_word' id='word_1_78' title='bbox 1209 1245 1214 1251; x_wconf 66' lang='lat'><strong>⁴</strong></span> 
     </span>
    </p>
   </div>
   <div class='ocr_carea' id='block_1_4' title="bbox 214 1296 1154 1502">
    <p class='ocr_par' dir='ltr' id='par_1_8' title="bbox 214 1296 1154 1502">
     <span class='ocr_line' id='line_1_15' title="bbox 214 1296 1154 1364; baseline 0.002 -19"><span class='ocrx_word' id='word_1_79' title='bbox 214 1296 368 1355; x_wconf 87' lang='lat' dir='ltr'><strong>stola,</strong></span> <span class='ocrx_word' id='word_1_80' title='bbox 395 1296 580 1362; x_wconf 83' lang='lat' dir='ltr'>fragm.</span> <span class='ocrx_word' id='word_1_81' title='bbox 604 1314 658 1362; x_wconf 88' lang='lat' dir='ltr'><strong>p.</strong></span> <span class='ocrx_word' id='word_1_82' title='bbox 688 1299 806 1349; x_wconf 89' lang='grc'><strong>215.</strong></span> <span class='ocrx_word' id='word_1_83' title='bbox 830 1325 896 1335; x_wconf 92' lang='grc'><strong>-</strong></span> <span class='ocrx_word' id='word_1_84' title='bbox 928 1298 1154 1364; x_wconf 88' lang='lat' dir='ltr'><strong>Amplis-</strong></span> 
     </span>
     <span class='ocr_line' id='line_1_16' title="bbox 216 1366 1151 1433; baseline 0.006 -20"><span class='ocrx_word' id='word_1_85' title='bbox 216 1366 378 1414; x_wconf 85' lang='lat' dir='ltr'><strong>simae</strong></span> <span class='ocrx_word' id='word_1_86' title='bbox 416 1366 523 1415; x_wconf 89' lang='lat' dir='ltr'><strong>eius</strong></span> <span class='ocrx_word' id='word_1_87' title='bbox 562 1368 768 1429; x_wconf 65' lang='lat' dir='ltr'><strong>laudes»,</strong></span> <span class='ocrx_word' id='word_1_88' title='bbox 810 1368 875 1417; x_wconf 86' lang='lat' dir='ltr'><strong>de</strong></span> <span class='ocrx_word' id='word_1_89' title='bbox 903 1368 1028 1433; x_wconf 85' lang='lat' dir='ltr'><strong>imp.</strong></span> <span class='ocrx_word' id='word_1_90' title='bbox 1061 1367 1151 1419; x_wconf 90' lang='lat' dir='ltr'><strong>Cn.</strong></span> 
     </span>
     <span class='ocr_line' id='line_1_17' title="bbox 215 1434 1153 1502; baseline 0.003 -19"><span class='ocrx_word' id='word_1_91' title='bbox 215 1436 390 1498; x_wconf 86' lang='lat' dir='ltr'><strong>Pomp.</strong></span> <span class='ocrx_word' id='word_1_92' title='bbox 435 1434 492 1494; x_wconf 91' lang='lat'><strong>1,</strong></span> <span class='ocrx_word' id='word_1_93' title='bbox 549 1436 574 1485; x_wconf 92' lang='lat' dir='ltr'><strong>l</strong></span> <span class='ocrx_word' id='word_1_94' title='bbox 619 1450 733 1499; x_wconf 88' lang='lat' dir='ltr'><strong>sqq.</strong></span> <span class='ocrx_word' id='word_1_95' title='bbox 775 1466 846 1475; x_wconf 88' lang='lat'>—</span> <span class='ocrx_word' id='word_1_96' title='bbox 882 1437 1153 1502; x_wconf 87' lang='lat' dir='ltr'><strong>Pompeius</strong></span> 
     </span>
    </p>
   </div>
   <div class='ocr_carea' id='block_1_5' title="bbox 117 1503 1199 1577">
    <p class='ocr_par' dir='ltr' id='par_1_9' title="bbox 117 1503 1199 1577">
     <span class='ocr_line' id='line_1_18' title="bbox 117 1503 1199 1577; baseline 0.003 -25"><span class='ocrx_word' id='word_1_97' title='bbox 117 1522 121 1527; x_wconf 88' lang='lat'><strong>·</strong></span> <span class='ocrx_word' id='word_1_98' title='bbox 215 1504 468 1552; x_wconf 86' lang='lat' dir='ltr'><strong>ornandus</strong></span> <span class='ocrx_word' id='word_1_99' title='bbox 512 1503 608 1553; x_wconf 82' lang='lat' dir='ltr'><strong>fuit</strong></span> <span class='ocrx_word' id='word_1_100' title='bbox 656 1507 708 1553; x_wconf 91' lang='lat' dir='ltr'><strong>in</strong></span> <span class='ocrx_word' id='word_1_101' title='bbox 755 1506 961 1555; x_wconf 84' lang='lat' dir='ltr'><strong>Manilia</strong></span> <span class='ocrx_word' id='word_1_102' title='bbox 1017 1507 1199 1577; x_wconf 49' lang='lat' dir='ltr'><strong>leges</strong></span> 
     </span>
    </p>
   </div>
   <div class='ocr_carea' id='block_1_6' title="bbox 209 1571 1156 1848">
    <p class='ocr_par' dir='ltr' id='par_1_10' title="bbox 209 1571 1156 1848">
     <span class='ocr_line' id='line_1_19' title="bbox 215 1571 1154 1632; baseline 0.007 -11"><span class='ocrx_word' id='word_1_103' title='bbox 215 1581 340 1623; x_wconf 88' lang='lat' dir='ltr'><strong>orat.</strong></span> <span class='ocrx_word' id='word_1_104' title='bbox 381 1571 478 1632; x_wconf 85' lang='lat'><strong>29,</strong></span> <span class='ocrx_word' id='word_1_105' title='bbox 519 1572 634 1622; x_wconf 87' lang='grc'><strong>102.</strong></span> <span class='ocrx_word' id='word_1_106' title='bbox 671 1598 736 1609; x_wconf 83' lang='lat'><strong>—-</strong></span> <span class='ocrx_word' id='word_1_107' title='bbox 774 1575 896 1625; x_wconf 87' lang='lat' dir='ltr'><strong>Eius</strong></span> <span class='ocrx_word' id='word_1_108' title='bbox 933 1575 1154 1627; x_wconf 76' lang='lat' dir='ltr'><strong>felicitas</strong></span> 
     </span>
     <span class='ocr_line' id='line_1_20' title="bbox 209 1642 1152 1711; baseline 0.008 -23"><span class='ocrx_word' id='word_1_109' title='bbox 209 1642 556 1706; x_wconf 87' lang='lat' dir='ltr'><strong>praedicatur,</strong></span> <span class='ocrx_word' id='word_1_110' title='bbox 599 1642 660 1691; x_wconf 88' lang='lat' dir='ltr'><strong>de</strong></span> <span class='ocrx_word' id='word_1_111' title='bbox 695 1644 818 1709; x_wconf 89' lang='lat' dir='ltr'><strong>imp.</strong></span> <span class='ocrx_word' id='word_1_112' title='bbox 847 1644 940 1708; x_wconf 36' lang='lat' dir='ltr'><strong>Gns..</strong></span> <span class='ocrx_word' id='word_1_113' title='bbox 968 1647 1152 1711; x_wconf 84' lang='lat' dir='ltr'><strong>Pomp.</strong></span> 
     </span>
     <span class='ocr_line' id='line_1_21' title="bbox 217 1709 1156 1779; baseline 0.006 -20"><span class='ocrx_word' id='word_1_114' title='bbox 217 1709 298 1772; x_wconf 87' lang='grc'><strong>16,</strong></span> <span class='ocrx_word' id='word_1_115' title='bbox 314 1710 400 1759; x_wconf 90' lang='grc'><strong>47.</strong></span> <span class='ocrx_word' id='word_1_116' title='bbox 413 1736 482 1745; x_wconf 86' lang='grc'><strong>-</strong></span> <span class='ocrx_word' id='word_1_117' title='bbox 502 1709 588 1759; x_wconf 90' lang='lat' dir='ltr'><strong>Cn.</strong></span> <span class='ocrx_word' id='word_1_118' title='bbox 612 1709 912 1779; x_wconf 61' lang='lat' dir='ltr'><strong>Pompeius,</strong></span> <span class='ocrx_word' id='word_1_119' title='bbox 930 1717 1156 1765; x_wconf 87' lang='lat' dir='ltr'><strong>omnium</strong></span> 
     </span>
     <span class='ocr_line' id='line_1_22' title="bbox 210 1776 1152 1848; baseline 0.006 -21"><span class='ocrx_word' id='word_1_120' title='bbox 210 1780 476 1843; x_wconf 83' lang='lat' dir='ltr'><strong>gentium,</strong></span> <span class='ocrx_word' id='word_1_121' title='bbox 530 1776 1152 1848; x_wconf 52' lang='lat' dir='ltr'><strong>pmniungfsaeculorum,</strong></span> 
     </span>
    </p>
   </div>
   <div class='ocr_carea' id='block_1_7' title="bbox 210 1848 1154 2059">
    <p class='ocr_par' dir='ltr' id='par_1_11' title="bbox 210 1848 1154 2059">
     <span class='ocr_line' id='line_1_23' title="bbox 213 1848 1154 1918; baseline 0.005 -21"><span class='ocrx_word' id='word_1_122' title='bbox 213 1848 377 1897; x_wconf 86' lang='lat' dir='ltr'><strong>omnis</strong></span> <span class='ocrx_word' id='word_1_123' title='bbox 453 1850 660 1899; x_wconf 70' lang='lat' dir='ltr'><strong>memori</strong></span> <span class='ocrx_word' id='word_1_124' title='bbox 699 1849 734 1905; x_wconf 58' lang='lat' dir='ltr'><strong>‘e</strong></span> <span class='ocrx_word' id='word_1_125' title='bbox 800 1856 948 1905; x_wconf 79' lang='lat' dir='ltr'><strong>facile</strong></span> <span class='ocrx_word' id='word_1_126' title='bbox 1015 1855 1154 1918; x_wconf 89' lang='lat' dir='ltr'><strong>prin-</strong></span> 
     </span>
     <span class='ocr_line' id='line_1_24' title="bbox 210 1869 1150 2042; baseline 0.011 -78"><span class='ocrx_word' id='word_1_127' title='bbox 210 1933 356 1997; x_wconf 80' lang='lat' dir='ltr'><strong>cepS,</strong></span> <span class='ocrx_word' id='word_1_128' title='bbox 395 1869 751 2042; x_wconf 51' lang='lat' dir='ltr'><strong>pfflin</strong></span> <span class='ocrx_word' id='word_1_129' title='bbox 787 1941 897 1975; x_wconf 90' lang='lat' dir='ltr'><strong>sen.</strong></span> <span class='ocrx_word' id='word_1_130' title='bbox 921 1923 970 1984; x_wconf 87' lang='grc'><strong>3,</strong></span> <span class='ocrx_word' id='word_1_131' title='bbox 1003 1923 1053 1975; x_wconf 82' lang='lat'><strong>5.</strong></span> <span class='ocrx_word' id='word_1_132' title='bbox 1092 1950 1150 1960; x_wconf 90' lang='lat'>—</span> 
     </span>
     <span class='ocr_line' id='line_1_25' title="bbox 211 1985 1154 2059; baseline 0.008 -20"><span class='ocrx_word' id='word_1_133' title='bbox 211 1985 337 2035; x_wconf 81' lang='lat' dir='ltr'><strong>Ems</strong></span> <span class='ocrx_word' id='word_1_134' title='bbox 381 1987 452 2050; x_wconf 70' lang='lat' dir='ltr'><strong>la:</strong></span> <span class='ocrx_word' id='word_1_135' title='bbox 513 2007 594 2059; x_wconf 74' lang='lat' dir='ltr'><strong>es,</strong></span> <span class='ocrx_word' id='word_1_136' title='bbox 633 1995 704 2043; x_wconf 91' lang='lat' dir='ltr'><strong>Ib.</strong></span> <span class='ocrx_word' id='word_1_137' title='bbox 746 1995 806 2044; x_wconf 97' lang='grc'><strong>11</strong></span> <span class='ocrx_word' id='word_1_138' title='bbox 831 2032 846 2056; x_wconf 91' lang='grc'><strong>,</strong></span> <span class='ocrx_word' id='word_1_139' title='bbox 885 1993 969 2047; x_wconf 86' lang='grc'><strong>29.</strong></span> <span class='ocrx_word' id='word_1_140' title='bbox 1036 2002 1154 2058; x_wconf 88' lang='lat' dir='ltr'><strong>post</strong></span> 
     </span>
    </p>
   </div>
   <div class='ocr_carea' id='block_1_8' title="bbox 193 2056 1160 2403">
    <p class='ocr_par' dir='ltr' id='par_1_12' title="bbox 202 2056 1160 2268">
     <span class='ocr_line' id='line_1_26' title="bbox 203 2056 1153 2123; baseline -0.001 -11"><span class='ocrx_word' id='word_1_141' title='bbox 203 2056 317 2105; x_wconf 78' lang='lat' dir='ltr'><strong>red·</strong></span> <span class='ocrx_word' id='word_1_142' title='bbox 435 2061 573 2120; x_wconf 87' lang='lat' dir='ltr'><strong>Quir.</strong></span> <span class='ocrx_word' id='word_1_143' title='bbox 601 2065 665 2123; x_wconf 87' lang='lat'><strong>7,</strong></span> <span class='ocrx_word' id='word_1_144' title='bbox 704 2063 784 2114; x_wconf 83' lang='lat'><strong>16.</strong></span> <span class='ocrx_word' id='word_1_145' title='bbox 821 2091 891 2100; x_wconf 94' lang='lat'><strong>——</strong></span> <span class='ocrx_word' id='word_1_146' title='bbox 937 2063 1012 2112; x_wconf 93' lang='lat' dir='ltr'><strong>De</strong></span> <span class='ocrx_word' id='word_1_147' title='bbox 1043 2065 1153 2112; x_wconf 88' lang='lat' dir='ltr'><strong>eius</strong></span> 
     </span>
     <span class='ocr_line' id='line_1_27' title="bbox 210 2125 1149 2193; baseline 0.002 -12"><span class='ocrx_word' id='word_1_148' title='bbox 210 2125 260 2174; x_wconf 74' lang='grc' dir='ltr'><strong>(ἱὶ</strong></span> <span class='ocrx_word' id='word_1_149' title='bbox 335 2133 422 2181; x_wconf 85' lang='lat' dir='ltr'><strong>ndi</strong></span> <span class='ocrx_word' id='word_1_150' title='bbox 441 2131 680 2182; x_wconf 79' lang='lat' dir='ltr'><strong>facultate</strong></span> <span class='ocrx_word' id='word_1_151' title='bbox 703 2140 752 2182; x_wconf 88' lang='lat' dir='ltr'><strong>et</strong></span> <span class='ocrx_word' id='word_1_152' title='bbox 771 2135 984 2193; x_wconf 87' lang='lat' dir='ltr'><strong>actione,</strong></span> <span class='ocrx_word' id='word_1_153' title='bbox 1008 2131 1149 2183; x_wconf 86' lang='lat' dir='ltr'><strong>Brut.</strong></span> 
     </span>
     <span class='ocr_line' id='line_1_28' title="bbox 202 2193 1160 2268; baseline 0 -18"><span class='ocrx_word' id='word_1_154' title='bbox 202 2193 236 2243; x_wconf 84' lang='grc'><strong>6</strong></span> <span class='ocrx_word' id='word_1_155' title='bbox 297 2239 312 2262; x_wconf 94' lang='grc'><strong>,</strong></span> <span class='ocrx_word' id='word_1_156' title='bbox 349 2199 468 2252; x_wconf 87' lang='grc'><strong>239.</strong></span> <span class='ocrx_word' id='word_1_157' title='bbox 503 2226 574 2237; x_wconf 88' lang='lat'><strong>--</strong></span> <span class='ocrx_word' id='word_1_158' title='bbox 608 2201 730 2250; x_wconf 90' lang='lat' dir='ltr'><strong>Eius</strong></span> <span class='ocrx_word' id='word_1_159' title='bbox 759 2216 842 2250; x_wconf 90' lang='lat' dir='ltr'><strong>res</strong></span> <span class='ocrx_word' id='word_1_160' title='bbox 879 2209 1052 2268; x_wconf 84' lang='lat' dir='ltr'><strong>gestae</strong></span> <span class='ocrx_word' id='word_1_161' title='bbox 1079 2208 1160 2250; x_wconf 85' lang='lat' dir='ltr'><strong>at-</strong></span> 
     </span>
    </p>

    <p class='ocr_par' dir='ltr' id='par_1_13' title="bbox 193 2269 1153 2403">
     <span class='ocr_line' id='line_1_29' title="bbox 249 2269 1153 2333; baseline 0.003 -16"><span class='ocrx_word' id='word_1_162' title='bbox 249 2285 314 2318; x_wconf 87' lang='lat' dir='ltr'><strong>ue</strong></span> <span class='ocrx_word' id='word_1_163' title='bbox 357 2269 566 2318; x_wconf 86' lang='lat' dir='ltr'><strong>virtutes</strong></span> <span class='ocrx_word' id='word_1_164' title='bbox 605 2270 788 2319; x_wconf 87' lang='lat' dir='ltr'><strong>iisdem</strong></span> <span class='ocrx_word' id='word_1_165' title='bbox 841 2272 1025 2333; x_wconf 88' lang='lat' dir='ltr'><strong>quibus</strong></span> <span class='ocrx_word' id='word_1_166' title='bbox 1069 2285 1153 2320; x_wconf 90' lang='lat' dir='ltr'><strong>so-</strong></span> 
     </span>
     <span class='ocr_line' id='line_1_30' title="bbox 193 2338 1152 2403; baseline 0.003 -18"><span class='ocrx_word' id='word_1_167' title='bbox 193 2366 212 2398; x_wconf 47' lang='lat' dir='ltr'>s</span> <span class='ocrx_word' id='word_1_168' title='bbox 237 2339 280 2386; x_wconf 87' lang='lat' dir='ltr'><strong>is</strong></span> <span class='ocrx_word' id='word_1_169' title='bbox 336 2353 512 2386; x_wconf 89' lang='lat' dir='ltr'><strong>cursus</strong></span> <span class='ocrx_word' id='word_1_170' title='bbox 558 2338 852 2403; x_wconf 85' lang='lat' dir='ltr'><strong>regionibus</strong></span> <span class='ocrx_word' id='word_1_171' title='bbox 895 2340 1152 2390; x_wconf 89' lang='lat' dir='ltr'><strong>continen—</strong></span> 
     </span>
    </p>
   </div>
   <div class='ocr_carea' id='block_1_9' title="bbox 23 2405 1155 3561">
    <p class='ocr_par' dir='ltr' id='par_1_14' title="bbox 163 2405 1147 2477">
     <span class='ocr_line' id='line_1_31' title="bbox 163 2405 1147 2477; baseline 0 -21"><span class='ocrx_word' id='word_1_172' title='bbox 163 2420 190 2477; x_wconf 49' lang='lat' dir='ltr'><strong>s)</strong></span> <span class='ocrx_word' id='word_1_173' title='bbox 211 2414 318 2469; x_wconf 84' lang='lat' dir='ltr'><strong>tur,</strong></span> <span class='ocrx_word' id='word_1_174' title='bbox 359 2408 412 2454; x_wconf 76' lang='lat' dir='ltr'><strong>in</strong></span> <span class='ocrx_word' id='word_1_175' title='bbox 433 2405 578 2456; x_wconf 83' lang='lat' dir='ltr'><strong>Catil.</strong></span> <span class='ocrx_word' id='word_1_176' title='bbox 615 2410 680 2466; x_wconf 90' lang='lat'><strong>4,</strong></span> <span class='ocrx_word' id='word_1_177' title='bbox 722 2407 814 2469; x_wconf 89' lang='lat'><strong>10,</strong></span> <span class='ocrx_word' id='word_1_178' title='bbox 856 2408 942 2458; x_wconf 85' lang='lat'><strong>21.</strong></span> <span class='ocrx_word' id='word_1_179' title='bbox 970 2434 1034 2444; x_wconf 90' lang='lat'><strong>-—</strong></span> <span class='ocrx_word' id='word_1_180' title='bbox 1059 2407 1147 2457; x_wconf 89' lang='lat' dir='ltr'><strong>Cn.</strong></span> 
     </span>
    </p>

    <p class='ocr_par' dir='ltr' id='par_1_15' title="bbox 151 2475 1153 2540">
     <span class='ocr_line' id='line_1_32' title="bbox 151 2475 1153 2540; baseline 0.002 -16"><span class='ocrx_word' id='word_1_181' title='bbox 151 2483 166 2540; x_wconf 64' lang='grc' dir='ltr'><em>ξ</em></span> <span class='ocrx_word' id='word_1_182' title='bbox 209 2475 486 2540; x_wconf 88' lang='lat' dir='ltr'><strong>Pompeius</strong></span> <span class='ocrx_word' id='word_1_183' title='bbox 516 2475 790 2540; x_wconf 84' lang='lat' dir='ltr'><strong>tripertitas</strong></span> <span class='ocrx_word' id='word_1_184' title='bbox 821 2477 958 2527; x_wconf 89' lang='lat' dir='ltr'><strong>orbis</strong></span> <span class='ocrx_word' id='word_1_185' title='bbox 993 2485 1153 2526; x_wconf 85' lang='lat' dir='ltr'><strong>terra·-</strong></span> 
     </span>
    </p>

    <p class='ocr_par' dir='ltr' id='par_1_16' title="bbox 139 2545 1153 2610">
     <span class='ocr_line' id='line_1_33' title="bbox 139 2545 1153 2610; baseline 0.002 -18"><span class='ocrx_word' id='word_1_186' title='bbox 139 2548 152 2580; x_wconf 66' lang='lat'>5</span> <span class='ocrx_word' id='word_1_187' title='bbox 210 2560 328 2594; x_wconf 87' lang='lat' dir='ltr'><strong>rum</strong></span> <span class='ocrx_word' id='word_1_188' title='bbox 367 2545 483 2596; x_wconf 85' lang='lat' dir='ltr'><strong>oras</strong></span> <span class='ocrx_word' id='word_1_189' title='bbox 531 2551 679 2608; x_wconf 87' lang='lat' dir='ltr'><strong>atque</strong></span> <span class='ocrx_word' id='word_1_190' title='bbox 719 2547 956 2610; x_wconf 82' lang='lat' dir='ltr'><strong>regiones</strong></span> <span class='ocrx_word' id='word_1_191' title='bbox 996 2546 1153 2594; x_wconf 83' lang='lat' dir='ltr'><strong>tribus</strong></span> 
     </span>
    </p>

    <p class='ocr_par' dir='ltr' id='par_1_17' title="bbox 127 2587 1155 2680">
     <span class='ocr_line' id='line_1_34' title="bbox 127 2587 1155 2680; baseline 0.002 -18"><span class='ocrx_word' id='word_1_192' title='bbox 127 2587 150 2668; x_wconf 69' lang='grc'><strong><em>(</em></strong></span> <span class='ocrx_word' id='word_1_193' title='bbox 207 2614 482 2680; x_wconf 80' lang='lat' dir='ltr'><strong>triumphis</strong></span> <span class='ocrx_word' id='word_1_194' title='bbox 533 2614 796 2663; x_wconf 86' lang='lat' dir='ltr'><strong>adiunctas</strong></span> <span class='ocrx_word' id='word_1_195' title='bbox 831 2614 952 2663; x_wconf 89' lang='lat' dir='ltr'><strong>huic</strong></span> <span class='ocrx_word' id='word_1_196' title='bbox 992 2616 1155 2679; x_wconf 88' lang='lat' dir='ltr'><strong>impe-</strong></span> 
     </span>
    </p>

    <p class='ocr_par' dir='ltr' id='par_1_18' title="bbox 97 2673 1148 2784">
     <span class='ocr_line' id='line_1_35' title="bbox 97 2673 1148 2784; baseline 0.004 -52"><span class='ocrx_word' id='word_1_197' title='bbox 97 2673 161 2784; x_wconf 49' lang='lat'><em>)</em></span> <span class='ocrx_word' id='word_1_198' title='bbox 209 2685 291 2733; x_wconf 89' lang='lat' dir='ltr'><strong>rio</strong></span> <span class='ocrx_word' id='word_1_199' title='bbox 329 2685 552 2746; x_wconf 30' lang='lat' dir='ltr'><strong>not-avit,</strong></span> <span class='ocrx_word' id='word_1_200' title='bbox 589 2697 682 2748; x_wconf 89' lang='lat' dir='ltr'><strong>pro</strong></span> <span class='ocrx_word' id='word_1_201' title='bbox 723 2681 854 2732; x_wconf 79' lang='lat' dir='ltr'><strong>Sest.</strong></span> <span class='ocrx_word' id='word_1_202' title='bbox 892 2683 989 2744; x_wconf 86' lang='lat'><strong>61,</strong></span> <span class='ocrx_word' id='word_1_203' title='bbox 1029 2682 1148 2736; x_wconf 85' lang='lat'><strong>129.</strong></span> 
     </span>
    </p>

    <p class='ocr_par' dir='ltr' id='par_1_19' title="bbox 103 2751 1150 2817">
     <span class='ocr_line' id='line_1_36' title="bbox 103 2751 1150 2817; baseline 0.002 -17"><span class='ocrx_word' id='word_1_204' title='bbox 103 2795 107 2800; x_wconf 89' lang='grc'><em>,</em></span> <span class='ocrx_word' id='word_1_205' title='bbox 205 2781 283 2791; x_wconf 97' lang='grc'>-</span> <span class='ocrx_word' id='word_1_206' title='bbox 328 2753 418 2806; x_wconf 88' lang='lat' dir='ltr'><strong>Cn.</strong></span> <span class='ocrx_word' id='word_1_207' title='bbox 457 2753 730 2816; x_wconf 88' lang='lat' dir='ltr'><strong>Pompeius</strong></span> <span class='ocrx_word' id='word_1_208' title='bbox 776 2751 957 2817; x_wconf 89' lang='lat' dir='ltr'><strong>populi</strong></span> <span class='ocrx_word' id='word_1_209' title='bbox 1005 2754 1150 2802; x_wconf 90' lang='lat' dir='ltr'><strong>Rom.</strong></span> 
     </span>
    </p>

    <p class='ocr_par' dir='ltr' id='par_1_20' title="bbox 85 2815 1152 2893">
     <span class='ocr_line' id='line_1_37' title="bbox 85 2815 1152 2893; baseline -0.001 -21"><span class='ocrx_word' id='word_1_210' title='bbox 85 2815 114 2893; x_wconf 49' lang='grc' dir='ltr'><strong>,ἕ</strong></span> <span class='ocrx_word' id='word_1_211' title='bbox 203 2824 482 2886; x_wconf 89' lang='lat' dir='ltr'><strong>imperium</strong></span> <span class='ocrx_word' id='word_1_212' title='bbox 521 2837 619 2871; x_wconf 89' lang='lat' dir='ltr'><strong>non</strong></span> <span class='ocrx_word' id='word_1_213' title='bbox 649 2829 898 2871; x_wconf 88' lang='lat' dir='ltr'><strong>terrarum</strong></span> <span class='ocrx_word' id='word_1_214' title='bbox 927 2823 1152 2887; x_wconf 85' lang='lat' dir='ltr'><strong>regioni-</strong></span> 
     </span>
    </p>

    <p class='ocr_par' dir='ltr' id='par_1_21' title="bbox 95 2890 1152 2955">
     <span class='ocr_line' id='line_1_38' title="bbox 95 2890 1152 2955; baseline 0 -15"><span class='ocrx_word' id='word_1_215' title='bbox 95 2921 102 2926; x_wconf 93' lang='lat'>·</span> <span class='ocrx_word' id='word_1_216' title='bbox 206 2893 326 2951; x_wconf 74' lang='lat' dir='ltr'><strong>buS,</strong></span> <span class='ocrx_word' id='word_1_217' title='bbox 366 2891 459 2940; x_wconf 82' lang='lat' dir='ltr'><strong>sed</strong></span> <span class='ocrx_word' id='word_1_218' title='bbox 497 2890 623 2940; x_wconf 87' lang='lat' dir='ltr'><strong>caeli</strong></span> <span class='ocrx_word' id='word_1_219' title='bbox 649 2893 882 2955; x_wconf 86' lang='lat' dir='ltr'><strong>partibus</strong></span> <span class='ocrx_word' id='word_1_220' title='bbox 914 2893 1152 2941; x_wconf 87' lang='lat' dir='ltr'><strong>termina-</strong></span> 
     </span>
    </p>

    <p class='ocr_par' dir='ltr' id='par_1_22' title="bbox 83 2935 1149 3026">
     <span class='ocr_line' id='line_1_39' title="bbox 83 2935 1149 3026; baseline -0.001 -17"><span class='ocrx_word' id='word_1_221' title='bbox 83 2935 108 3018; x_wconf 57' lang='lat'>?</span> <span class='ocrx_word' id='word_1_222' title='bbox 203 2961 316 3019; x_wconf 85' lang='lat' dir='ltr'><strong>vit,</strong></span> <span class='ocrx_word' id='word_1_223' title='bbox 349 2958 411 3007; x_wconf 87' lang='lat' dir='ltr'><strong>de</strong></span> <span class='ocrx_word' id='word_1_224' title='bbox 436 2974 538 3008; x_wconf 85' lang='lat' dir='ltr'><strong>aer.</strong></span> <span class='ocrx_word' id='word_1_225' title='bbox 561 2959 626 3010; x_wconf 83' lang='lat' dir='ltr'><strong>al.</strong></span> <span class='ocrx_word' id='word_1_226' title='bbox 648 2958 757 3012; x_wconf 85' lang='lat' dir='ltr'><strong>Mil,</strong></span> <span class='ocrx_word' id='word_1_227' title='bbox 791 2960 976 3026; x_wconf 81' lang='lat' dir='ltr'><strong>fragm.</strong></span> <span class='ocrx_word' id='word_1_228' title='bbox 1001 2962 1058 3024; x_wconf 91' lang='lat' dir='ltr'><strong>l,</strong></span> <span class='ocrx_word' id='word_1_229' title='bbox 1097 2962 1149 3012; x_wconf 84' lang='lat'><strong>2.</strong></span> 
     </span>
    </p>

    <p class='ocr_par' dir='ltr' id='par_1_23' title="bbox 49 3024 1153 3118">
     <span class='ocr_line' id='line_1_40' title="bbox 49 3024 1153 3118; baseline 0.002 -40"><span class='ocrx_word' id='word_1_230' title='bbox 49 3024 99 3118; x_wconf 46' lang='grc' dir='ltr'><em>μ</em></span> <span class='ocrx_word' id='word_1_231' title='bbox 201 3046 263 3095; x_wconf 87' lang='lat' dir='ltr'><strong>p.</strong></span> <span class='ocrx_word' id='word_1_232' title='bbox 303 3027 422 3078; x_wconf 88' lang='grc'><strong>219.</strong></span> <span class='ocrx_word' id='word_1_233' title='bbox 479 3055 546 3064; x_wconf 85' lang='lat'><strong>—</strong></span> <span class='ocrx_word' id='word_1_234' title='bbox 595 3027 766 3094; x_wconf 83' lang='lat' dir='ltr'><strong>Magni</strong></span> <span class='ocrx_word' id='word_1_235' title='bbox 804 3028 1024 3080; x_wconf 88' lang='lat' dir='ltr'><strong>honores</strong></span> <span class='ocrx_word' id='word_1_236' title='bbox 1058 3030 1153 3080; x_wconf 85' lang='lat' dir='ltr'><strong>ha-</strong></span> 
     </span>
    </p>

    <p class='ocr_par' dir='ltr' id='par_1_24' title="bbox 24 3096 1152 3166">
     <span class='ocr_line' id='line_1_41' title="bbox 24 3096 1152 3166; baseline 0.005 -24"><span class='ocrx_word' id='word_1_237' title='bbox 24 3119 59 3166; x_wconf 25' lang='grc' dir='ltr'><strong>ἰ»</strong></span> <span class='ocrx_word' id='word_1_238' title='bbox 203 3099 306 3146; x_wconf 84' lang='lat' dir='ltr'><strong>biti</strong></span> <span class='ocrx_word' id='word_1_239' title='bbox 347 3096 436 3148; x_wconf 87' lang='lat' dir='ltr'><strong>Cn.</strong></span> <span class='ocrx_word' id='word_1_240' title='bbox 489 3097 763 3162; x_wconf 88' lang='lat' dir='ltr'><strong>Pompeio,</strong></span> <span class='ocrx_word' id='word_1_241' title='bbox 825 3114 980 3161; x_wconf 89' lang='lat' dir='ltr'><strong>quum</strong></span> <span class='ocrx_word' id='word_1_242' title='bbox 1017 3104 1152 3150; x_wconf 84' lang='lat' dir='ltr'><strong>esset</strong></span> 
     </span>
    </p>

    <p class='ocr_par' dir='ltr' id='par_1_25' title="bbox 23 3151 1147 3238">
     <span class='ocr_line' id='line_1_42' title="bbox 23 3151 1147 3238; baseline 0.004 -25"><span class='ocrx_word' id='word_1_243' title='bbox 23 3151 58 3238; x_wconf 45' lang='lat' dir='ltr'>f</span> <span class='ocrx_word' id='word_1_244' title='bbox 203 3167 545 3231; x_wconf 77' lang='lat' dir='ltr'><strong>adolescens,</strong></span> <span class='ocrx_word' id='word_1_245' title='bbox 611 3175 661 3216; x_wconf 86' lang='lat' dir='ltr'><strong>et</strong></span> <span class='ocrx_word' id='word_1_246' title='bbox 735 3169 938 3231; x_wconf 86' lang='lat' dir='ltr'><strong>quidem</strong></span> <span class='ocrx_word' id='word_1_247' title='bbox 1004 3171 1147 3218; x_wconf 86' lang='lat' dir='ltr'><strong>iure:</strong></span> 
     </span>
    </p>

    <p class='ocr_par' dir='ltr' id='par_1_26' title="bbox 198 3234 1152 3301">
     <span class='ocr_line' id='line_1_43' title="bbox 198 3234 1152 3301; baseline 0.006 -18"><span class='ocrx_word' id='word_1_248' title='bbox 198 3236 446 3285; x_wconf 84' lang='lat' dir='ltr'><strong>subvenit</strong></span> <span class='ocrx_word' id='word_1_249' title='bbox 490 3234 624 3285; x_wconf 88' lang='lat' dir='ltr'><strong>enim</strong></span> <span class='ocrx_word' id='word_1_250' title='bbox 668 3237 742 3286; x_wconf 87' lang='lat' dir='ltr'><strong>rei</strong></span> <span class='ocrx_word' id='word_1_251' title='bbox 786 3237 1042 3301; x_wconf 84' lang='lat' dir='ltr'><strong>publicae.</strong></span> <span class='ocrx_word' id='word_1_252' title='bbox 1081 3265 1152 3274; x_wconf 89' lang='lat'><strong>—-</strong></span> 
     </span>
    </p>

    <p class='ocr_par' dir='ltr' id='par_1_27' title="bbox 202 3302 1151 3357">
     <span class='ocr_line' id='line_1_44' title="bbox 202 3302 1151 3357; baseline 0.007 -7"><span class='ocrx_word' id='word_1_253' title='bbox 202 3329 278 3339; x_wconf 91' lang='lat'><strong>—-</strong></span> <span class='ocrx_word' id='word_1_254' title='bbox 318 3303 401 3353; x_wconf 87' lang='lat' dir='ltr'><strong>Ad</strong></span> <span class='ocrx_word' id='word_1_255' title='bbox 433 3305 494 3354; x_wconf 80' lang='lat'><strong>1..</strong></span> <span class='ocrx_word' id='word_1_256' title='bbox 524 3302 696 3354; x_wconf 78' lang='lat' dir='ltr'><strong>Sullae</strong></span> <span class='ocrx_word' id='word_1_257' title='bbox 735 3307 1016 3357; x_wconf 84' lang='lat' dir='ltr'><strong>maximum</strong></span> <span class='ocrx_word' id='word_1_258' title='bbox 1055 3309 1151 3356; x_wconf 90' lang='lat' dir='ltr'><strong>im-</strong></span> 
     </span>
    </p>

    <p class='ocr_par' dir='ltr' id='par_1_28' title="bbox 200 3371 1152 3437">
     <span class='ocr_line' id='line_1_45' title="bbox 200 3371 1152 3437; baseline 0.006 -16"><span class='ocrx_word' id='word_1_259' title='bbox 200 3371 406 3437; x_wconf 89' lang='lat' dir='ltr'><strong>perium</strong></span> <span class='ocrx_word' id='word_1_260' title='bbox 436 3374 774 3436; x_wconf 83' lang='lat' dir='ltr'><strong>victoremque</strong></span> <span class='ocrx_word' id='word_1_261' title='bbox 809 3379 1043 3426; x_wconf 87' lang='lat' dir='ltr'><strong>accessit.</strong></span> <span class='ocrx_word' id='word_1_262' title='bbox 1081 3401 1152 3413; x_wconf 82' lang='lat'>—</span> 
     </span>
    </p>

    <p class='ocr_par' dir='ltr' id='par_1_29' title="bbox 201 3441 1148 3561">
     <span class='ocr_line' id='line_1_46' title="bbox 201 3441 1148 3512; baseline 0.004 -22"><span class='ocrx_word' id='word_1_263' title='bbox 201 3441 634 3490; x_wconf 84' lang='lat' dir='ltr'><strong>Adversariorum</strong></span> <span class='ocrx_word' id='word_1_264' title='bbox 682 3445 913 3508; x_wconf 87' lang='lat' dir='ltr'><strong>partibus</strong></span> <span class='ocrx_word' id='word_1_265' title='bbox 969 3460 1148 3512; x_wconf 82' lang='lat' dir='ltr'><strong>agrum</strong></span> 
     </span>
     <span class='ocr_line' id='line_1_47' title="bbox 274 3523 490 3561; baseline -0.005 -1"><span class='ocrx_word' id='word_1_266' title='bbox 274 3523 490 3561; x_wconf 68' lang='lat'><strong>01013120.</strong></span> 
     </span>
    </p>
   </div>
   <div class='ocr_carea' id='block_1_10' title="bbox 1291 334 2237 1991">
    <p class='ocr_par' dir='ltr' id='par_1_30' title="bbox 1291 334 2237 1991">
     <span class='ocr_line' id='line_1_48' title="bbox 1303 334 2237 384; baseline 0.001 -1"><span class='ocrx_word' id='word_1_267' title='bbox 1303 336 1543 383; x_wconf 85' lang='lat' dir='ltr'><strong>Picenum</strong></span> <span class='ocrx_word' id='word_1_268' title='bbox 1613 334 1788 383; x_wconf 88' lang='lat' dir='ltr'><strong>habuit</strong></span> <span class='ocrx_word' id='word_1_269' title='bbox 1840 334 2117 384; x_wconf 86' lang='lat' dir='ltr'><strong>inimicum.</strong></span> <span class='ocrx_word' id='word_1_270' title='bbox 2166 360 2237 371; x_wconf 90' lang='lat'><em>-</em></span> 
     </span>
     <span class='ocr_line' id='line_1_49' title="bbox 1302 401 2236 468; baseline 0.001 -18"><span class='ocrx_word' id='word_1_271' title='bbox 1302 402 1447 452; x_wconf 90' lang='lat' dir='ltr'><strong>Illius</strong></span> <span class='ocrx_word' id='word_1_272' title='bbox 1475 403 1656 468; x_wconf 89' lang='lat' dir='ltr'><strong>opibus</strong></span> <span class='ocrx_word' id='word_1_273' title='bbox 1677 402 1817 452; x_wconf 88' lang='lat' dir='ltr'><strong>Sulla</strong></span> <span class='ocrx_word' id='word_1_274' title='bbox 1834 403 2083 466; x_wconf 82' lang='lat' dir='ltr'><strong>regnavit,</strong></span> <span class='ocrx_word' id='word_1_275' title='bbox 2120 401 2236 453; x_wconf 85' lang='lat' dir='ltr'><strong>Phi-</strong></span> 
     </span>
     <span class='ocr_line' id='line_1_50' title="bbox 1304 470 2237 537; baseline -0.001 -17"><span class='ocrx_word' id='word_1_276' title='bbox 1304 472 1429 537; x_wconf 89' lang='lat' dir='ltr'><strong>lipp.</strong></span> <span class='ocrx_word' id='word_1_277' title='bbox 1453 472 1503 535; x_wconf 85' lang='lat'><strong>5,</strong></span> <span class='ocrx_word' id='word_1_278' title='bbox 1538 472 1618 532; x_wconf 89' lang='lat'><strong>16,</strong></span> <span class='ocrx_word' id='word_1_279' title='bbox 1657 470 1723 521; x_wconf 87' lang='lat'><strong>43</strong></span> <span class='ocrx_word' id='word_1_280' title='bbox 1746 487 1857 535; x_wconf 85' lang='lat' dir='ltr'><strong>sqq.</strong></span> <span class='ocrx_word' id='word_1_281' title='bbox 1883 498 1948 507; x_wconf 86' lang='lat'><strong>--</strong></span> <span class='ocrx_word' id='word_1_282' title='bbox 1974 472 2065 524; x_wconf 90' lang='lat' dir='ltr'><strong>Cn.</strong></span> <span class='ocrx_word' id='word_1_283' title='bbox 2087 472 2237 520; x_wconf 89' lang='lat' dir='ltr'><strong>Pom-</strong></span> 
     </span>
     <span class='ocr_line' id='line_1_51' title="bbox 1300 540 2233 605; baseline -0.001 -16"><span class='ocrx_word' id='word_1_284' title='bbox 1300 544 1476 605; x_wconf 87' lang='lat' dir='ltr'><strong>peius,</strong></span> <span class='ocrx_word' id='word_1_285' title='bbox 1514 542 1805 605; x_wconf 85' lang='lat' dir='ltr'><strong>provinciae</strong></span> <span class='ocrx_word' id='word_1_286' title='bbox 1826 540 2029 589; x_wconf 81' lang='lat' dir='ltr'><strong>Siciliae</strong></span> <span class='ocrx_word' id='word_1_287' title='bbox 2060 555 2233 590; x_wconf 85' lang='lat' dir='ltr'><strong>neces-</strong></span> 
     </span>
     <span class='ocr_line' id='line_1_52' title="bbox 1301 610 2236 674; baseline 0.001 -16"><span class='ocrx_word' id='word_1_288' title='bbox 1301 610 1496 670; x_wconf 86' lang='lat' dir='ltr'><strong>sarius,</strong></span> <span class='ocrx_word' id='word_1_289' title='bbox 1536 610 1671 673; x_wconf 86' lang='lat' dir='ltr'><strong>quod</strong></span> <span class='ocrx_word' id='word_1_290' title='bbox 1702 611 1751 659; x_wconf 89' lang='lat' dir='ltr'><strong>in</strong></span> <span class='ocrx_word' id='word_1_291' title='bbox 1788 624 1847 659; x_wconf 84' lang='lat' dir='ltr'><strong>ea</strong></span> <span class='ocrx_word' id='word_1_292' title='bbox 1878 624 1969 674; x_wconf 91' lang='lat' dir='ltr'><strong>pro</strong></span> <span class='ocrx_word' id='word_1_293' title='bbox 2004 618 2236 673; x_wconf 81' lang='lat' dir='ltr'><strong>praetore</strong></span> 
     </span>
     <span class='ocr_line' id='line_1_53' title="bbox 1300 676 2231 743; baseline 0.002 -14"><span class='ocrx_word' id='word_1_294' title='bbox 1300 679 1494 739; x_wconf 85' lang='lat' dir='ltr'><strong>fuerat,</strong></span> <span class='ocrx_word' id='word_1_295' title='bbox 1520 680 1665 731; x_wconf 87' lang='lat' dir='ltr'><strong>Verr.</strong></span> <span class='ocrx_word' id='word_1_296' title='bbox 1687 686 1906 728; x_wconf 85' lang='lat' dir='ltr'><strong>accusat.</strong></span> <span class='ocrx_word' id='word_1_297' title='bbox 1934 676 1995 738; x_wconf 82' lang='lat'><strong>3,</strong></span> <span class='ocrx_word' id='word_1_298' title='bbox 2034 680 2097 729; x_wconf 87' lang='grc'><strong>16</strong></span> <span class='ocrx_word' id='word_1_299' title='bbox 2108 716 2123 743; x_wconf 93' lang='grc'><strong>,</strong></span> <span class='ocrx_word' id='word_1_300' title='bbox 2146 680 2231 731; x_wconf 89' lang='grc'><strong>42.</strong></span> 
     </span>
     <span class='ocr_line' id='line_1_54' title="bbox 1302 746 2235 809; baseline -0.002 -12"><span class='ocrx_word' id='word_1_301' title='bbox 1302 748 1366 797; x_wconf 90' lang='lat' dir='ltr'><strong>cl.</strong></span> <span class='ocrx_word' id='word_1_302' title='bbox 1392 750 1459 798; x_wconf 92' lang='lat' dir='ltr'><strong>ib.</strong></span> <span class='ocrx_word' id='word_1_303' title='bbox 1482 746 1530 806; x_wconf 85' lang='lat'><strong>3,</strong></span> <span class='ocrx_word' id='word_1_304' title='bbox 1555 747 1637 809; x_wconf 89' lang='grc'><strong>18,</strong></span> <span class='ocrx_word' id='word_1_305' title='bbox 1660 748 1745 798; x_wconf 86' lang='grc'><strong>45.</strong></span> <span class='ocrx_word' id='word_1_306' title='bbox 1778 775 1845 783; x_wconf 89' lang='grc'>-</span> <span class='ocrx_word' id='word_1_307' title='bbox 1877 746 2061 808; x_wconf 84' lang='lat' dir='ltr'><strong>Civile,</strong></span> <span class='ocrx_word' id='word_1_308' title='bbox 2099 746 2235 796; x_wconf 83' lang='lat' dir='ltr'><strong>Afri-</strong></span> 
     </span>
     <span class='ocr_line' id='line_1_55' title="bbox 1302 817 2236 883; baseline -0.003 -16"><span class='ocrx_word' id='word_1_309' title='bbox 1302 832 1483 867; x_wconf 90' lang='lat' dir='ltr'><strong>canum</strong></span> <span class='ocrx_word' id='word_1_310' title='bbox 1504 854 1517 876; x_wconf 92' lang='lat'><strong>,</strong></span> <span class='ocrx_word' id='word_1_311' title='bbox 1568 817 1951 883; x_wconf 77' lang='lat' dir='ltr'><strong>Transalpinam</strong></span> <span class='ocrx_word' id='word_1_312' title='bbox 1977 854 1989 877; x_wconf 90' lang='lat'>‚</span> <span class='ocrx_word' id='word_1_313' title='bbox 2055 817 2236 881; x_wconf 87' lang='lat' dir='ltr'><strong>Hispa-</strong></span> 
     </span>
     <span class='ocr_line' id='line_1_56' title="bbox 1299 886 2235 948; baseline 0 -13"><span class='ocrx_word' id='word_1_314' title='bbox 1299 890 1477 937; x_wconf 88' lang='lat' dir='ltr'><strong>niense</strong></span> <span class='ocrx_word' id='word_1_315' title='bbox 1510 888 1721 936; x_wconf 81' lang='lat' dir='ltr'><strong>mixtum</strong></span> <span class='ocrx_word' id='word_1_316' title='bbox 1742 902 1804 936; x_wconf 83' lang='lat' dir='ltr'><strong>ex</strong></span> <span class='ocrx_word' id='word_1_317' title='bbox 1828 886 1971 939; x_wconf 83' lang='lat' dir='ltr'><strong>civili</strong></span> <span class='ocrx_word' id='word_1_318' title='bbox 2002 895 2151 948; x_wconf 84' lang='lat' dir='ltr'><strong>atque</strong></span> <span class='ocrx_word' id='word_1_319' title='bbox 2172 901 2235 935; x_wconf 83' lang='lat' dir='ltr'><strong>ex</strong></span> 
     </span>
     <span class='ocr_line' id='line_1_57' title="bbox 1299 956 2234 1016; baseline -0.002 -11"><span class='ocrx_word' id='word_1_320' title='bbox 1299 956 1704 1007; x_wconf 81' lang='lat' dir='ltr'><strong>bellicosissimis</strong></span> <span class='ocrx_word' id='word_1_321' title='bbox 1755 956 2043 1005; x_wconf 86' lang='lat' dir='ltr'><strong>nationibus</strong></span> <span class='ocrx_word' id='word_1_322' title='bbox 2059 992 2072 1016; x_wconf 96' lang='lat'><strong>,</strong></span> <span class='ocrx_word' id='word_1_323' title='bbox 2128 970 2234 1004; x_wconf 84' lang='lat' dir='ltr'><strong>ser-</strong></span> 
     </span>
     <span class='ocr_line' id='line_1_58' title="bbox 1298 1023 2235 1084; baseline -0.002 -8"><span class='ocrx_word' id='word_1_324' title='bbox 1298 1026 1420 1084; x_wconf 82' lang='lat' dir='ltr'><strong>vile,</strong></span> <span class='ocrx_word' id='word_1_325' title='bbox 1477 1025 1657 1076; x_wconf 83' lang='lat' dir='ltr'><strong>navale</strong></span> <span class='ocrx_word' id='word_1_326' title='bbox 1697 1026 1883 1075; x_wconf 88' lang='lat' dir='ltr'><strong>bellum</strong></span> <span class='ocrx_word' id='word_1_327' title='bbox 1923 1039 2019 1075; x_wconf 93' lang='lat' dir='ltr'><strong>non</strong></span> <span class='ocrx_word' id='word_1_328' title='bbox 2069 1023 2235 1074; x_wconf 90' lang='lat' dir='ltr'><strong>solum</strong></span> 
     </span>
     <span class='ocr_line' id='line_1_59' title="bbox 1300 1096 2235 1160; baseline -0.003 -15"><span class='ocrx_word' id='word_1_329' title='bbox 1300 1104 1445 1160; x_wconf 85' lang='lat' dir='ltr'><strong>gesta</strong></span> <span class='ocrx_word' id='word_1_330' title='bbox 1472 1096 1534 1143; x_wconf 88' lang='lat' dir='ltr'><strong>ab</strong></span> <span class='ocrx_word' id='word_1_331' title='bbox 1556 1111 1615 1147; x_wconf 92' lang='lat' dir='ltr'><strong>eo</strong></span> <span class='ocrx_word' id='word_1_332' title='bbox 1639 1110 1765 1155; x_wconf 83' lang='lat' dir='ltr'><strong>unc,</strong></span> <span class='ocrx_word' id='word_1_333' title='bbox 1805 1096 1896 1145; x_wconf 88' lang='lat' dir='ltr'><strong>sed</strong></span> <span class='ocrx_word' id='word_1_334' title='bbox 1930 1096 2079 1143; x_wconf 86' lang='lat' dir='ltr'><strong>etiam</strong></span> <span class='ocrx_word' id='word_1_335' title='bbox 2118 1107 2235 1143; x_wconf 89' lang='lat' dir='ltr'><strong>con-</strong></span> 
     </span>
     <span class='ocr_line' id='line_1_60' title="bbox 1296 1160 2230 1229; baseline -0.002 -16"><span class='ocrx_word' id='word_1_336' title='bbox 1296 1164 1457 1227; x_wconf 81' lang='lat' dir='ltr'><strong>fecta,</strong></span> <span class='ocrx_word' id='word_1_337' title='bbox 1480 1164 1542 1213; x_wconf 86' lang='lat' dir='ltr'><strong>de</strong></span> <span class='ocrx_word' id='word_1_338' title='bbox 1562 1165 1685 1229; x_wconf 89' lang='lat' dir='ltr'><strong>imp.</strong></span> <span class='ocrx_word' id='word_1_339' title='bbox 1720 1163 1807 1213; x_wconf 91' lang='lat' dir='ltr'><strong>Cn.</strong></span> <span class='ocrx_word' id='word_1_340' title='bbox 1832 1164 2011 1229; x_wconf 90' lang='lat' dir='ltr'><strong>Pomp.</strong></span> <span class='ocrx_word' id='word_1_341' title='bbox 2040 1163 2122 1222; x_wconf 91' lang='grc'><strong>10,</strong></span> <span class='ocrx_word' id='word_1_342' title='bbox 2146 1160 2230 1212; x_wconf 88' lang='grc'><strong>28.</strong></span> 
     </span>
     <span class='ocr_line' id='line_1_61' title="bbox 1293 1230 2231 1298; baseline -0.005 -15"><span class='ocrx_word' id='word_1_343' title='bbox 1293 1262 1363 1270; x_wconf 92' lang='lat'><strong>—-</strong></span> <span class='ocrx_word' id='word_1_344' title='bbox 1398 1235 1635 1285; x_wconf 76' lang='lat' dir='ltr'><strong>caeterae</strong></span> <span class='ocrx_word' id='word_1_345' title='bbox 1656 1234 1766 1282; x_wconf 91' lang='lat' dir='ltr'><strong>eius</strong></span> <span class='ocrx_word' id='word_1_346' title='bbox 1790 1248 1873 1289; x_wconf 69' lang='lat' dir='ltr'><strong>res</strong></span> <span class='ocrx_word' id='word_1_347' title='bbox 1912 1239 2115 1298; x_wconf 79' lang='lat' dir='ltr'><strong>gestae,</strong></span> <span class='ocrx_word' id='word_1_348' title='bbox 2157 1230 2231 1283; x_wconf 89' lang='lat' dir='ltr'><strong>Ib.</strong></span> 
     </span>
     <span class='ocr_line' id='line_1_62' title="bbox 1292 1299 2234 1367; baseline -0.005 -16"><span class='ocrx_word' id='word_1_349' title='bbox 1292 1319 1334 1351; x_wconf 89' lang='lat' dir='ltr'><strong>c.</strong></span> <span class='ocrx_word' id='word_1_350' title='bbox 1360 1302 1440 1367; x_wconf 90' lang='grc'><strong>11,</strong></span> <span class='ocrx_word' id='word_1_351' title='bbox 1464 1312 1563 1361; x_wconf 75' lang='lat' dir='ltr'><strong>etc.</strong></span> <span class='ocrx_word' id='word_1_352' title='bbox 1582 1326 1665 1342; x_wconf 53' lang='lat'><strong><em>“⁴—-</em></strong></span> <span class='ocrx_word' id='word_1_353' title='bbox 1695 1304 1982 1353; x_wconf 84' lang='lat' dir='ltr'><strong>Praedones</strong></span> <span class='ocrx_word' id='word_1_354' title='bbox 2002 1299 2234 1349; x_wconf 84' lang='lat' dir='ltr'><strong>Cilicien-</strong></span> 
     </span>
     <span class='ocr_line' id='line_1_63' title="bbox 1294 1367 2235 1436; baseline 0.001 -16"><span class='ocrx_word' id='word_1_355' title='bbox 1294 1372 1473 1436; x_wconf 44' lang='lat' dir='ltr'><strong>sesjab‘</strong></span> <span class='ocrx_word' id='word_1_356' title='bbox 1490 1390 1548 1424; x_wconf 89' lang='lat' dir='ltr'><strong>eo</strong></span> <span class='ocrx_word' id='word_1_357' title='bbox 1570 1371 1827 1429; x_wconf 85' lang='lat' dir='ltr'><strong>debellati,</strong></span> <span class='ocrx_word' id='word_1_358' title='bbox 1856 1373 1928 1424; x_wconf 91' lang='lat' dir='ltr'><strong>Ib.</strong></span> <span class='ocrx_word' id='word_1_359' title='bbox 1946 1370 2028 1428; x_wconf 93' lang='grc'><strong>12,</strong></span> <span class='ocrx_word' id='word_1_360' title='bbox 2054 1367 2140 1421; x_wconf 88' lang='grc'><strong>35.</strong></span> <span class='ocrx_word' id='word_1_361' title='bbox 2164 1394 2235 1407; x_wconf 85' lang='grc'><strong>-··</strong></span> 
     </span>
     <span class='ocr_line' id='line_1_64' title="bbox 1291 1434 2235 1504; baseline -0.007 -11"><span class='ocrx_word' id='word_1_362' title='bbox 1291 1434 1379 1493; x_wconf 57' lang='grc' dir='ltr'><strong>Βίέ</strong></span> <span class='ocrx_word' id='word_1_363' title='bbox 1400 1443 1487 1491; x_wconf 89' lang='lat' dir='ltr'><strong>Cn.</strong></span> <span class='ocrx_word' id='word_1_364' title='bbox 1520 1442 1748 1504; x_wconf 88' lang='lat' dir='ltr'><strong>Pompeii</strong></span> <span class='ocrx_word' id='word_1_365' title='bbox 1779 1440 2005 1503; x_wconf 84' lang='lat' dir='ltr'><strong>imperiis</strong></span> <span class='ocrx_word' id='word_1_366' title='bbox 2043 1437 2235 1486; x_wconf 88' lang='lat' dir='ltr'><strong>tribuni</strong></span> 
     </span>
     <span class='ocr_line' id='line_1_65' title="bbox 1295 1504 2233 1577; baseline -0.007 -17"><span class='ocrx_word' id='word_1_367' title='bbox 1295 1512 1369 1577; x_wconf 90' lang='lat' dir='ltr'><strong>pl.</strong></span> <span class='ocrx_word' id='word_1_368' title='bbox 1392 1511 1667 1559; x_wconf 81' lang='lat' dir='ltr'><strong>turbulenti</strong></span> <span class='ocrx_word' id='word_1_369' title='bbox 1689 1509 1921 1557; x_wconf 88' lang='lat' dir='ltr'><strong>tulerunt.</strong></span> <span class='ocrx_word' id='word_1_370' title='bbox 1967 1506 2096 1554; x_wconf 87' lang='lat' dir='ltr'><strong>Nam</strong></span> <span class='ocrx_word' id='word_1_371' title='bbox 2118 1504 2233 1554; x_wconf 87' lang='lat' dir='ltr'><strong>Ser—</strong></span> 
     </span>
     <span class='ocr_line' id='line_1_66' title="bbox 1298 1575 2231 1639; baseline -0.009 -9"><span class='ocrx_word' id='word_1_372' title='bbox 1298 1581 1548 1630; x_wconf 87' lang='lat' dir='ltr'><strong>torianum</strong></span> <span class='ocrx_word' id='word_1_373' title='bbox 1574 1578 1762 1627; x_wconf 89' lang='lat' dir='ltr'><strong>bellum</strong></span> <span class='ocrx_word' id='word_1_374' title='bbox 1789 1592 1818 1627; x_wconf 85' lang='lat' dir='ltr'><strong>a</strong></span> <span class='ocrx_word' id='word_1_375' title='bbox 1840 1583 2018 1627; x_wconf 89' lang='lat' dir='ltr'><strong>senatu</strong></span> <span class='ocrx_word' id='word_1_376' title='bbox 2036 1575 2231 1639; x_wconf 88' lang='lat' dir='ltr'><strong>privato</strong></span> 
     </span>
     <span class='ocr_line' id='line_1_67' title="bbox 1296 1646 2233 1710; baseline -0.009 -10"><span class='ocrx_word' id='word_1_377' title='bbox 1296 1651 1468 1700; x_wconf 86' lang='lat' dir='ltr'><strong>datum</strong></span> <span class='ocrx_word' id='word_1_378' title='bbox 1489 1655 1580 1709; x_wconf 86' lang='lat' dir='ltr'><strong>est,</strong></span> <span class='ocrx_word' id='word_1_379' title='bbox 1615 1649 1737 1710; x_wconf 84' lang='lat' dir='ltr'><strong>quia</strong></span> <span class='ocrx_word' id='word_1_380' title='bbox 1768 1646 2005 1695; x_wconf 87' lang='lat' dir='ltr'><strong>consules</strong></span> <span class='ocrx_word' id='word_1_381' title='bbox 2030 1658 2233 1693; x_wconf 84' lang='lat' dir='ltr'><strong>recusa-</strong></span> 
     </span>
     <span class='ocr_line' id='line_1_68' title="bbox 1296 1715 2233 1781; baseline -0.006 -14"><span class='ocrx_word' id='word_1_382' title='bbox 1296 1719 1435 1779; x_wconf 86' lang='lat' dir='ltr'><strong>bant,</strong></span> <span class='ocrx_word' id='word_1_383' title='bbox 1457 1732 1611 1780; x_wconf 90' lang='lat' dir='ltr'><strong>quum</strong></span> <span class='ocrx_word' id='word_1_384' title='bbox 1630 1718 1691 1770; x_wconf 91' lang='lat' dir='ltr'><strong>L.</strong></span> <span class='ocrx_word' id='word_1_385' title='bbox 1712 1715 1979 1781; x_wconf 89' lang='lat' dir='ltr'><strong>Philippus</strong></span> <span class='ocrx_word' id='word_1_386' title='bbox 2001 1728 2093 1779; x_wconf 90' lang='lat' dir='ltr'><strong>pro</strong></span> <span class='ocrx_word' id='word_1_387' title='bbox 2113 1728 2233 1763; x_wconf 86' lang='lat' dir='ltr'><strong>con-</strong></span> 
     </span>
     <span class='ocr_line' id='line_1_69' title="bbox 1296 1784 2233 1849; baseline -0.005 -13"><span class='ocrx_word' id='word_1_388' title='bbox 1296 1787 1493 1837; x_wconf 88' lang='lat' dir='ltr'><strong>sulibus</strong></span> <span class='ocrx_word' id='word_1_389' title='bbox 1520 1802 1636 1835; x_wconf 88' lang='lat' dir='ltr'><strong>eum</strong></span> <span class='ocrx_word' id='word_1_390' title='bbox 1656 1802 1711 1835; x_wconf 87' lang='lat' dir='ltr'><strong>se</strong></span> <span class='ocrx_word' id='word_1_391' title='bbox 1736 1787 1933 1834; x_wconf 85' lang='lat' dir='ltr'><strong>mittere</strong></span> <span class='ocrx_word' id='word_1_392' title='bbox 1964 1784 2111 1849; x_wconf 79' lang='lat' dir='ltr'><strong>dixit,</strong></span> <span class='ocrx_word' id='word_1_393' title='bbox 2132 1796 2233 1832; x_wconf 89' lang='lat' dir='ltr'><strong>non</strong></span> 
     </span>
     <span class='ocr_line' id='line_1_70' title="bbox 1293 1850 2231 1923; baseline -0.001 -19"><span class='ocrx_word' id='word_1_394' title='bbox 1293 1871 1385 1923; x_wconf 89' lang='lat' dir='ltr'><strong>pro</strong></span> <span class='ocrx_word' id='word_1_395' title='bbox 1406 1856 1643 1917; x_wconf 88' lang='lat' dir='ltr'><strong>consule,</strong></span> <span class='ocrx_word' id='word_1_396' title='bbox 1687 1854 1908 1918; x_wconf 88' lang='lat' dir='ltr'><strong>Philipp.</strong></span> <span class='ocrx_word' id='word_1_397' title='bbox 1928 1853 1994 1921; x_wconf 41' lang='grc' dir='ltr'><strong>Ν11</strong></span> <span class='ocrx_word' id='word_1_398' title='bbox 2013 1889 2026 1913; x_wconf 93' lang='grc'><strong>,</strong></span> <span class='ocrx_word' id='word_1_399' title='bbox 2048 1850 2081 1901; x_wconf 85' lang='grc'>8</span> <span class='ocrx_word' id='word_1_400' title='bbox 2097 1888 2111 1911; x_wconf 88' lang='grc'><strong>,</strong></span> <span class='ocrx_word' id='word_1_401' title='bbox 2148 1851 2231 1903; x_wconf 89' lang='lat'><strong>18.</strong></span> 
     </span>
     <span class='ocr_line' id='line_1_71' title="bbox 1298 1920 2235 1991; baseline -0.007 -16"><span class='ocrx_word' id='word_1_402' title='bbox 1298 1953 1363 1962; x_wconf 85' lang='lat'><strong>--</strong></span> <span class='ocrx_word' id='word_1_403' title='bbox 1384 1925 1471 1976; x_wconf 88' lang='lat' dir='ltr'><strong>Gn.</strong></span> <span class='ocrx_word' id='word_1_404' title='bbox 1492 1927 1767 1991; x_wconf 87' lang='lat' dir='ltr'><strong>Pompeius</strong></span> <span class='ocrx_word' id='word_1_405' title='bbox 1788 1925 1953 1973; x_wconf 89' lang='lat' dir='ltr'><strong>occiso</strong></span> <span class='ocrx_word' id='word_1_406' title='bbox 1977 1920 2235 1986; x_wconf 84' lang='lat' dir='ltr'><strong>Perperna</strong></span> 
     </span>
    </p>
   </div>
   <div class='ocr_carea' id='block_1_11' title="bbox 1294 1991 2309 2060">
    <p class='ocr_par' dir='ltr' id='par_1_31' title="bbox 1294 1991 2309 2060">
     <span class='ocr_line' id='line_1_72' title="bbox 1294 1991 2309 2060; baseline -0.008 -15"><span class='ocrx_word' id='word_1_407' title='bbox 1294 1995 1573 2060; x_wconf 85' lang='lat' dir='ltr'><strong>permultos</strong></span> <span class='ocrx_word' id='word_1_408' title='bbox 1607 2010 1671 2044; x_wconf 85' lang='lat' dir='ltr'><strong>ex</strong></span> <span class='ocrx_word' id='word_1_409' title='bbox 1700 1994 1790 2043; x_wconf 88' lang='lat' dir='ltr'><strong>illo</strong></span> <span class='ocrx_word' id='word_1_410' title='bbox 1823 1991 2110 2042; x_wconf 82' lang='lat' dir='ltr'><strong>Sertoriano</strong></span> <span class='ocrx_word' id='word_1_411' title='bbox 2140 2003 2233 2038; x_wconf 87' lang='lat' dir='ltr'><strong>nu·</strong></span> <span class='ocrx_word' id='word_1_412' title='bbox 2306 2023 2309 2028; x_wconf 92' lang='lat'>-</span> 
     </span>
    </p>
   </div>
   <div class='ocr_carea' id='block_1_12' title="bbox 1288 2061 2235 3517">
    <p class='ocr_par' dir='ltr' id='par_1_32' title="bbox 1288 2061 2235 3517">
     <span class='ocr_line' id='line_1_73' title="bbox 1294 2061 2234 2114; baseline -0.007 0"><span class='ocrx_word' id='word_1_413' title='bbox 1294 2079 1433 2114; x_wconf 87' lang='lat' dir='ltr'><strong>mero</strong></span> <span class='ocrx_word' id='word_1_414' title='bbox 1470 2065 1689 2114; x_wconf 88' lang='lat' dir='ltr'><strong>militum</strong></span> <span class='ocrx_word' id='word_1_415' title='bbox 1718 2061 1888 2113; x_wconf 87' lang='lat' dir='ltr'><strong>salvos</strong></span> <span class='ocrx_word' id='word_1_416' title='bbox 1932 2061 2234 2110; x_wconf 88' lang='lat' dir='ltr'><strong>incolumes-</strong></span> 
     </span>
     <span class='ocr_line' id='line_1_74' title="bbox 1296 2128 2228 2198; baseline -0.006 -15"><span class='ocrx_word' id='word_1_417' title='bbox 1296 2149 1393 2198; x_wconf 89' lang='lat' dir='ltr'><strong>que</strong></span> <span class='ocrx_word' id='word_1_418' title='bbox 1424 2137 1661 2192; x_wconf 87' lang='lat' dir='ltr'><strong>servavit,</strong></span> <span class='ocrx_word' id='word_1_419' title='bbox 1692 2147 1738 2182; x_wconf 81' lang='lat' dir='ltr'><strong>a.</strong></span> <span class='ocrx_word' id='word_1_420' title='bbox 1764 2148 1816 2185; x_wconf 87' lang='lat' dir='ltr'><strong>u.</strong></span> <span class='ocrx_word' id='word_1_421' title='bbox 1849 2148 1892 2183; x_wconf 89' lang='lat' dir='ltr'><strong>c.</strong></span> <span class='ocrx_word' id='word_1_422' title='bbox 1914 2128 2057 2192; x_wconf 65' lang='lat'><strong>682„</strong></span> <span class='ocrx_word' id='word_1_423' title='bbox 2085 2128 2228 2178; x_wconf 83' lang='lat' dir='ltr'><strong>Verr.</strong></span> 
     </span>
     <span class='ocr_line' id='line_1_75' title="bbox 1295 2199 2233 2262; baseline -0.006 -10"><span class='ocrx_word' id='word_1_424' title='bbox 1295 2212 1515 2253; x_wconf 86' lang='lat' dir='ltr'><strong>accusat.</strong></span> <span class='ocrx_word' id='word_1_425' title='bbox 1542 2203 1592 2262; x_wconf 86' lang='lat'><strong>5,</strong></span> <span class='ocrx_word' id='word_1_426' title='bbox 1618 2201 1702 2262; x_wconf 81' lang='lat'><strong>58,</strong></span> <span class='ocrx_word' id='word_1_427' title='bbox 1734 2201 1851 2252; x_wconf 85' lang='lat'><strong>153.</strong></span> <span class='ocrx_word' id='word_1_428' title='bbox 1873 2226 1943 2236; x_wconf 88' lang='lat'><strong>-—</strong></span> <span class='ocrx_word' id='word_1_429' title='bbox 1972 2199 2233 2249; x_wconf 77' lang='lat' dir='ltr'><strong>Exercitus</strong></span> 
     </span>
     <span class='ocr_line' id='line_1_76' title="bbox 1297 2267 2234 2337; baseline -0.01 -13"><span class='ocrx_word' id='word_1_430' title='bbox 1297 2273 1388 2324; x_wconf 86' lang='lat' dir='ltr'><strong>Gn.</strong></span> <span class='ocrx_word' id='word_1_431' title='bbox 1424 2273 1657 2337; x_wconf 86' lang='lat' dir='ltr'><strong>Pompeii</strong></span> <span class='ocrx_word' id='word_1_432' title='bbox 1696 2271 1947 2323; x_wconf 78' lang='lat' dir='ltr'><strong>maximus</strong></span> <span class='ocrx_word' id='word_1_433' title='bbox 1989 2267 2234 2318; x_wconf 79' lang='lat' dir='ltr'><strong>hiemavit</strong></span> 
     </span>
     <span class='ocr_line' id='line_1_77' title="bbox 1294 2335 2233 2402; baseline -0.007 -12"><span class='ocrx_word' id='word_1_434' title='bbox 1294 2343 1346 2390; x_wconf 92' lang='lat' dir='ltr'><strong>in</strong></span> <span class='ocrx_word' id='word_1_435' title='bbox 1394 2340 1555 2390; x_wconf 84' lang='lat' dir='ltr'><strong>Gallia</strong></span> <span class='ocrx_word' id='word_1_436' title='bbox 1593 2335 1660 2390; x_wconf 93' lang='lat' dir='ltr'><strong>M.</strong></span> <span class='ocrx_word' id='word_1_437' title='bbox 1706 2339 1910 2389; x_wconf 83' lang='lat' dir='ltr'><strong>Fonteio</strong></span> <span class='ocrx_word' id='word_1_438' title='bbox 1951 2339 2233 2402; x_wconf 71' lang='lat' dir='ltr'><strong>&#39;imperante</strong></span> 
     </span>
     <span class='ocr_line' id='line_1_78' title="bbox 1296 2405 2235 2473; baseline -0.005 -13"><span class='ocrx_word' id='word_1_439' title='bbox 1296 2425 1341 2460; x_wconf 84' lang='lat' dir='ltr'><strong>a.</strong></span> <span class='ocrx_word' id='word_1_440' title='bbox 1374 2425 1424 2458; x_wconf 92' lang='lat' dir='ltr'><strong>u.</strong></span> <span class='ocrx_word' id='word_1_441' title='bbox 1458 2425 1501 2460; x_wconf 89' lang='lat' dir='ltr'><strong>c.</strong></span> <span class='ocrx_word' id='word_1_442' title='bbox 1524 2409 1662 2469; x_wconf 73' lang='lat'>682„</span> <span class='ocrx_word' id='word_1_443' title='bbox 1700 2423 1791 2473; x_wconf 84' lang='lat' dir='ltr'><strong>pro</strong></span> <span class='ocrx_word' id='word_1_444' title='bbox 1814 2408 1955 2456; x_wconf 87' lang='lat' dir='ltr'><strong>Font.</strong></span> <span class='ocrx_word' id='word_1_445' title='bbox 1997 2407 2047 2470; x_wconf 88' lang='lat'><strong>3,</strong></span> <span class='ocrx_word' id='word_1_446' title='bbox 2073 2405 2123 2456; x_wconf 88' lang='grc'><strong>6.</strong></span> <span class='ocrx_word' id='word_1_447' title='bbox 2164 2430 2235 2442; x_wconf 92' lang='grc'><strong>--</strong></span> 
     </span>
     <span class='ocr_line' id='line_1_79' title="bbox 1295 2476 2234 2542; baseline -0.007 -14"><span class='ocrx_word' id='word_1_448' title='bbox 1295 2478 1386 2530; x_wconf 87' lang='lat' dir='ltr'><strong>Cn.</strong></span> <span class='ocrx_word' id='word_1_449' title='bbox 1435 2478 1707 2542; x_wconf 90' lang='lat' dir='ltr'><strong>Pompeius</strong></span> <span class='ocrx_word' id='word_1_450' title='bbox 1729 2514 1742 2538; x_wconf 96' lang='lat'><strong>,</strong></span> <span class='ocrx_word' id='word_1_451' title='bbox 1800 2491 1955 2538; x_wconf 88' lang='lat' dir='ltr'><strong>quum</strong></span> <span class='ocrx_word' id='word_1_452' title='bbox 2008 2476 2234 2538; x_wconf 88' lang='lat' dir='ltr'><strong>primum</strong></span> 
     </span>
     <span class='ocr_line' id='line_1_80' title="bbox 1295 2543 2234 2597; baseline -0.005 -1"><span class='ocrx_word' id='word_1_453' title='bbox 1295 2551 1578 2597; x_wconf 86' lang='lat' dir='ltr'><strong>contionem</strong></span> <span class='ocrx_word' id='word_1_454' title='bbox 1614 2547 1681 2596; x_wconf 86' lang='lat' dir='ltr'><strong>ad</strong></span> <span class='ocrx_word' id='word_1_455' title='bbox 1719 2546 1893 2595; x_wconf 89' lang='lat' dir='ltr'><strong>urbem</strong></span> <span class='ocrx_word' id='word_1_456' title='bbox 1930 2543 2106 2593; x_wconf 85' lang='lat' dir='ltr'><strong>consul</strong></span> <span class='ocrx_word' id='word_1_457' title='bbox 2145 2543 2234 2592; x_wconf 81' lang='lat' dir='ltr'><strong>‹ie-</strong></span> 
     </span>
     <span class='ocr_line' id='line_1_81' title="bbox 1294 2611 2232 2681; baseline -0.007 -14"><span class='ocrx_word' id='word_1_458' title='bbox 1294 2617 1527 2681; x_wconf 81' lang='lat' dir='ltr'><strong>signatus</strong></span> <span class='ocrx_word' id='word_1_459' title='bbox 1576 2630 1623 2664; x_wconf 87' lang='lat' dir='ltr'><strong>a.</strong></span> <span class='ocrx_word' id='word_1_460' title='bbox 1666 2631 1721 2668; x_wconf 85' lang='lat' dir='ltr'><strong>u.</strong></span> <span class='ocrx_word' id='word_1_461' title='bbox 1774 2631 1818 2664; x_wconf 87' lang='lat' dir='ltr'><strong>c.</strong></span> <span class='ocrx_word' id='word_1_462' title='bbox 1866 2611 1989 2664; x_wconf 89' lang='grc'><strong>683.</strong></span> <span class='ocrx_word' id='word_1_463' title='bbox 2036 2612 2232 2671; x_wconf 90' lang='lat' dir='ltr'><strong>habuit,</strong></span> 
     </span>
     <span class='ocr_line' id='line_1_82' title="bbox 1296 2685 2234 2747; baseline -0.004 -11"><span class='ocrx_word' id='word_1_464' title='bbox 1296 2686 1517 2736; x_wconf 80' lang='lat' dir='ltr'><strong>ostendit</strong></span> <span class='ocrx_word' id='word_1_465' title='bbox 1552 2700 1610 2734; x_wconf 90' lang='lat' dir='ltr'><strong>se</strong></span> <span class='ocrx_word' id='word_1_466' title='bbox 1646 2685 1967 2734; x_wconf 84' lang='lat' dir='ltr'><strong>tribuniciam</strong></span> <span class='ocrx_word' id='word_1_467' title='bbox 2008 2688 2234 2747; x_wconf 83' lang='lat' dir='ltr'><strong>potesta·</strong></span> 
     </span>
     <span class='ocr_line' id='line_1_83' title="bbox 1291 2751 2231 2814; baseline -0.006 -9"><span class='ocrx_word' id='word_1_468' title='bbox 1291 2763 1395 2805; x_wconf 90' lang='lat' dir='ltr'><strong>tem</strong></span> <span class='ocrx_word' id='word_1_469' title='bbox 1442 2756 1819 2814; x_wconf 84' lang='lat' dir='ltr'><strong>restituturum,</strong></span> <span class='ocrx_word' id='word_1_470' title='bbox 1858 2754 2004 2804; x_wconf 89' lang='lat' dir='ltr'><strong>Verr.</strong></span> <span class='ocrx_word' id='word_1_471' title='bbox 2044 2759 2137 2800; x_wconf 87' lang='lat' dir='ltr'><strong>act.</strong></span> <span class='ocrx_word' id='word_1_472' title='bbox 2183 2751 2231 2808; x_wconf 91' lang='grc'><strong>1,</strong></span> 
     </span>
     <span class='ocr_line' id='line_1_84' title="bbox 1295 2820 2232 2886; baseline -0.007 -12"><span class='ocrx_word' id='word_1_473' title='bbox 1295 2826 1378 2886; x_wconf 90' lang='grc'><strong>15,</strong></span> <span class='ocrx_word' id='word_1_474' title='bbox 1400 2824 1483 2876; x_wconf 86' lang='grc'><strong>45.</strong></span> <span class='ocrx_word' id='word_1_475' title='bbox 1506 2850 1563 2862; x_wconf 84' lang='grc'>-</span> <span class='ocrx_word' id='word_1_476' title='bbox 1588 2825 1661 2874; x_wconf 87' lang='lat' dir='ltr'><strong>Ea</strong></span> <span class='ocrx_word' id='word_1_477' title='bbox 1678 2823 1929 2874; x_wconf 80' lang='lat' dir='ltr'><strong>restitutio</strong></span> <span class='ocrx_word' id='word_1_478' title='bbox 1946 2828 2114 2870; x_wconf 85' lang='lat' dir='ltr'><strong>utrum</strong></span> <span class='ocrx_word' id='word_1_479' title='bbox 2133 2820 2232 2868; x_wconf 86' lang='lat' dir='ltr'><strong>uti-</strong></span> 
     </span>
     <span class='ocr_line' id='line_1_85' title="bbox 1295 2889 2232 2959; baseline -0.009 -16"><span class='ocrx_word' id='word_1_480' title='bbox 1295 2893 1359 2943; x_wconf 83' lang='lat' dir='ltr'><strong>lis</strong></span> <span class='ocrx_word' id='word_1_481' title='bbox 1392 2896 1463 2942; x_wconf 87' lang='lat' dir='ltr'><strong>rei</strong></span> <span class='ocrx_word' id='word_1_482' title='bbox 1491 2893 1634 2959; x_wconf 91' lang='lat' dir='ltr'><strong>publ.</strong></span> <span class='ocrx_word' id='word_1_483' title='bbox 1670 2893 1823 2943; x_wconf 83' lang='lat' dir='ltr'><strong>fuerit</strong></span> <span class='ocrx_word' id='word_1_484' title='bbox 1854 2905 2015 2942; x_wconf 89' lang='lat' dir='ltr'><strong>necne</strong></span> <span class='ocrx_word' id='word_1_485' title='bbox 2051 2889 2232 2940; x_wconf 80' lang='lat' dir='ltr'><strong>existi-</strong></span> 
     </span>
     <span class='ocr_line' id='line_1_86' title="bbox 1291 2955 2227 3028; baseline -0.007 -15"><span class='ocrx_word' id='word_1_486' title='bbox 1291 2971 1479 3025; x_wconf 85' lang='lat' dir='ltr'><strong>matur,</strong></span> <span class='ocrx_word' id='word_1_487' title='bbox 1521 2963 1584 3014; x_wconf 89' lang='lat' dir='ltr'><strong>de</strong></span> <span class='ocrx_word' id='word_1_488' title='bbox 1612 2963 1713 3028; x_wconf 89' lang='lat' dir='ltr'><strong>leg.</strong></span> <span class='ocrx_word' id='word_1_489' title='bbox 1748 2963 1797 3022; x_wconf 89' lang='lat'><strong>3,</strong></span> <span class='ocrx_word' id='word_1_490' title='bbox 1837 2961 1889 3021; x_wconf 86' lang='lat'><strong>9,</strong></span> <span class='ocrx_word' id='word_1_491' title='bbox 1922 2961 2007 3012; x_wconf 87' lang='grc'><strong>22.</strong></span> <span class='ocrx_word' id='word_1_492' title='bbox 2069 2958 2143 3007; x_wconf 86' lang='grc'><strong>11).</strong></span> <span class='ocrx_word' id='word_1_493' title='bbox 2178 2955 2227 3020; x_wconf 88' lang='grc'><strong>3,</strong></span> 
     </span>
     <span class='ocr_line' id='line_1_87' title="bbox 1294 3024 2232 3093; baseline -0.012 -10"><span class='ocrx_word' id='word_1_494' title='bbox 1294 3033 1387 3092; x_wconf 92' lang='grc'><strong>11,</strong></span> <span class='ocrx_word' id='word_1_495' title='bbox 1424 3032 1508 3084; x_wconf 89' lang='grc'><strong>26.</strong></span> <span class='ocrx_word' id='word_1_496' title='bbox 1550 3060 1615 3068; x_wconf 89' lang='grc'><strong>-</strong></span> <span class='ocrx_word' id='word_1_497' title='bbox 1654 3033 1747 3084; x_wconf 86' lang='lat' dir='ltr'><strong>Gn.</strong></span> <span class='ocrx_word' id='word_1_498' title='bbox 1776 3030 2048 3093; x_wconf 87' lang='lat' dir='ltr'><strong>Pompeius</strong></span> <span class='ocrx_word' id='word_1_499' title='bbox 2083 3024 2232 3074; x_wconf 83' lang='lat' dir='ltr'><strong>ludos</strong></span> 
     </span>
     <span class='ocr_line' id='line_1_88' title="bbox 1290 3095 2229 3166; baseline -0.012 -14"><span class='ocrx_word' id='word_1_500' title='bbox 1290 3103 1491 3152; x_wconf 83' lang='lat' dir='ltr'><strong>votivos</strong></span> <span class='ocrx_word' id='word_1_501' title='bbox 1537 3115 1629 3166; x_wconf 89' lang='lat' dir='ltr'><strong>per</strong></span> <span class='ocrx_word' id='word_1_502' title='bbox 1675 3101 1784 3151; x_wconf 85' lang='lat' dir='ltr'><strong>dies</strong></span> <span class='ocrx_word' id='word_1_503' title='bbox 1834 3097 1952 3150; x_wconf 90' lang='lat' dir='ltr'><strong>XV.</strong></span> <span class='ocrx_word' id='word_1_504' title='bbox 2005 3095 2229 3144; x_wconf 80' lang='lat' dir='ltr'><strong>facturus</strong></span> 
     </span>
     <span class='ocr_line' id='line_1_89' title="bbox 1292 3162 2231 3228; baseline -0.011 -8"><span class='ocrx_word' id='word_1_505' title='bbox 1292 3177 1401 3220; x_wconf 89' lang='lat' dir='ltr'><strong>erat</strong></span> <span class='ocrx_word' id='word_1_506' title='bbox 1442 3186 1487 3220; x_wconf 88' lang='lat' dir='ltr'><strong>a.</strong></span> <span class='ocrx_word' id='word_1_507' title='bbox 1510 3187 1562 3222; x_wconf 92' lang='lat' dir='ltr'><strong>u.</strong></span> <span class='ocrx_word' id='word_1_508' title='bbox 1590 3185 1632 3218; x_wconf 90' lang='lat' dir='ltr'><strong>c.</strong></span> <span class='ocrx_word' id='word_1_509' title='bbox 1654 3169 1775 3220; x_wconf 88' lang='grc'><strong>685.</strong></span> <span class='ocrx_word' id='word_1_510' title='bbox 1799 3203 1814 3228; x_wconf 90' lang='grc'><strong>,</strong></span> <span class='ocrx_word' id='word_1_511' title='bbox 1850 3167 1999 3216; x_wconf 91' lang='lat' dir='ltr'><strong>Verr.</strong></span> <span class='ocrx_word' id='word_1_512' title='bbox 2044 3171 2140 3213; x_wconf 86' lang='lat' dir='ltr'><strong>act.</strong></span> <span class='ocrx_word' id='word_1_513' title='bbox 2182 3162 2231 3224; x_wconf 91' lang='lat'><strong>1,</strong></span> 
     </span>
     <span class='ocr_line' id='line_1_90' title="bbox 1295 3234 2232 3300; baseline -0.01 -12"><span class='ocrx_word' id='word_1_514' title='bbox 1295 3239 1378 3300; x_wconf 89' lang='grc'><strong>16,</strong></span> <span class='ocrx_word' id='word_1_515' title='bbox 1424 3240 1505 3292; x_wconf 87' lang='grc'><strong>31.</strong></span> <span class='ocrx_word' id='word_1_516' title='bbox 1534 3238 1701 3287; x_wconf 81' lang='lat' dir='ltr'><strong>——Ad</strong></span> <span class='ocrx_word' id='word_1_517' title='bbox 1740 3237 1851 3286; x_wconf 87' lang='lat' dir='ltr'><strong>eius</strong></span> <span class='ocrx_word' id='word_1_518' title='bbox 1890 3234 2107 3300; x_wconf 83' lang='lat' dir='ltr'><strong>gloriam</strong></span> <span class='ocrx_word' id='word_1_519' title='bbox 2142 3247 2232 3280; x_wconf 88' lang='lat' dir='ltr'><strong>au·-</strong></span> 
     </span>
     <span class='ocr_line' id='line_1_91' title="bbox 1290 3300 2235 3372; baseline -0.01 -16"><span class='ocrx_word' id='word_1_520' title='bbox 1290 3308 1511 3372; x_wconf 83' lang='lat' dir='ltr'><strong>gendam</strong></span> <span class='ocrx_word' id='word_1_521' title='bbox 1546 3309 1768 3356; x_wconf 84' lang='lat' dir='ltr'><strong>maximo</strong></span> <span class='ocrx_word' id='word_1_522' title='bbox 1809 3305 1979 3354; x_wconf 87' lang='lat' dir='ltr'><strong>studio</strong></span> <span class='ocrx_word' id='word_1_523' title='bbox 2008 3318 2062 3352; x_wconf 86' lang='lat' dir='ltr'><strong>se</strong></span> <span class='ocrx_word' id='word_1_524' title='bbox 2092 3300 2235 3351; x_wconf 79' lang='lat' dir='ltr'><strong>dedit</strong></span> 
     </span>
     <span class='ocr_line' id='line_1_92' title="bbox 1293 3368 2232 3436; baseline -0.009 -11"><span class='ocrx_word' id='word_1_525' title='bbox 1293 3375 1467 3425; x_wconf 84' lang='lat' dir='ltr'><strong>Cicero</strong></span> <span class='ocrx_word' id='word_1_526' title='bbox 1499 3391 1545 3429; x_wconf 89' lang='lat' dir='ltr'><strong>a.</strong></span> <span class='ocrx_word' id='word_1_527' title='bbox 1578 3392 1629 3429; x_wconf 90' lang='lat' dir='ltr'><strong>u.</strong></span> <span class='ocrx_word' id='word_1_528' title='bbox 1666 3393 1708 3426; x_wconf 90' lang='lat' dir='ltr'><strong>c.</strong></span> <span class='ocrx_word' id='word_1_529' title='bbox 1738 3373 1859 3426; x_wconf 84' lang='lat'><strong>690.</strong></span> <span class='ocrx_word' id='word_1_530' title='bbox 1886 3413 1899 3436; x_wconf 91' lang='lat'><strong>,</strong></span> <span class='ocrx_word' id='word_1_531' title='bbox 1946 3372 2006 3431; x_wconf 89' lang='lat' dir='ltr'><strong>Q.</strong></span> <span class='ocrx_word' id='word_1_532' title='bbox 2041 3371 2143 3422; x_wconf 88' lang='lat' dir='ltr'><strong>Cic.</strong></span> <span class='ocrx_word' id='word_1_533' title='bbox 2167 3368 2232 3418; x_wconf 77' lang='lat' dir='ltr'><strong>de</strong></span> 
     </span>
     <span class='ocr_line' id='line_1_93' title="bbox 1288 3441 2231 3517; baseline -0.003 -23"><span class='ocrx_word' id='word_1_534' title='bbox 1288 3452 1393 3517; x_wconf 86' lang='lat' dir='ltr'><strong>pet.</strong></span> <span class='ocrx_word' id='word_1_535' title='bbox 1422 3459 1558 3496; x_wconf 87' lang='lat' dir='ltr'><strong>cons.</strong></span> <span class='ocrx_word' id='word_1_536' title='bbox 1591 3447 1651 3509; x_wconf 87' lang='lat'><strong>4,</strong></span> <span class='ocrx_word' id='word_1_537' title='bbox 1674 3445 1753 3496; x_wconf 85' lang='grc'><strong>14.</strong></span> <span class='ocrx_word' id='word_1_538' title='bbox 1822 3445 1900 3498; x_wconf 89' lang='grc'><strong>11).</strong></span> <span class='ocrx_word' id='word_1_539' title='bbox 1932 3443 2016 3501; x_wconf 83' lang='grc'><strong>31,</strong></span> <span class='ocrx_word' id='word_1_540' title='bbox 2043 3441 2130 3492; x_wconf 84' lang='grc'><strong>51.</strong></span> <span class='ocrx_word' id='word_1_541' title='bbox 2156 3463 2231 3477; x_wconf 92' lang='lat'><strong>--</strong></span> 
     </span>
    </p>
   </div>
  </div>
 </body>
</html>
