<?xml version="1.0" encoding="UTF-8"?>
<!DOCTYPE html PUBLIC "-//W3C//DTD XHTML 1.0 Transitional//EN"
    "http://www.w3.org/TR/xhtml1/DTD/xhtml1-transitional.dtd">
<html xmlns="http://www.w3.org/1999/xhtml" xml:lang="en" lang="en">
 <head>
  <title>
</title>
<meta http-equiv="Content-Type" content="text/html;charset=utf-8" />
  <meta name='ocr-system' content='tesseract 3.04.00' />
  <meta name='ocr-capabilities' content='ocr_page ocr_carea ocr_par ocr_line ocrx_word'/>
</head>
<body>
  <div class='ocr_page' id='page_1' title='image "./scriptaquaemans04mlgoog_0250.png"; bbox 0 0 2500 3850; ppageno 0'>
   <div class='ocr_carea' id='block_1_1' title="bbox 223 155 344 216">
    <p class='ocr_par' dir='ltr' id='par_1_1' title="bbox 223 155 344 216">
     <span class='ocr_line' id='line_1_1' title="bbox 223 155 344 216; baseline 0.017 -2"><span class='ocrx_word' id='word_1_1' title='bbox 223 155 344 216; x_wconf 84' lang='lat'><strong>244</strong></span> 
     </span>
    </p>
   </div>
   <div class='ocr_carea' id='block_1_2' title="bbox 220 319 1230 594">
    <p class='ocr_par' dir='ltr' id='par_1_2' title="bbox 220 319 1230 594">
     <span class='ocr_line' id='line_1_2' title="bbox 220 319 1230 384; baseline -0.002 -11"><span class='ocrx_word' id='word_1_2' title='bbox 220 319 529 373; x_wconf 84' lang='lat' dir='ltr'><strong>Mars-icum</strong></span> <span class='ocrx_word' id='word_1_3' title='bbox 556 322 788 384; x_wconf 87' lang='lat' dir='ltr'><strong>bellum,</strong></span> <span class='ocrx_word' id='word_1_4' title='bbox 818 323 951 372; x_wconf 87' lang='lat' dir='ltr'><strong>idem</strong></span> <span class='ocrx_word' id='word_1_5' title='bbox 982 323 1118 384; x_wconf 86' lang='lat' dir='ltr'><strong>quod</strong></span> <span class='ocrx_word' id='word_1_6' title='bbox 1149 337 1230 371; x_wconf 73' lang='lat' dir='ltr'><strong>so-</strong></span> 
     </span>
     <span class='ocr_line' id='line_1_3' title="bbox 292 390 1225 454; baseline 0 -14"><span class='ocrx_word' id='word_1_7' title='bbox 292 393 421 442; x_wconf 76' lang='lat' dir='ltr'><strong>ciale</strong></span> <span class='ocrx_word' id='word_1_8' title='bbox 451 392 561 440; x_wconf 85' lang='lat' dir='ltr'><strong>sivs</strong></span> <span class='ocrx_word' id='word_1_9' title='bbox 590 390 823 442; x_wconf 79' lang='lat' dir='ltr'><strong>Italicum</strong></span> <span class='ocrx_word' id='word_1_10' title='bbox 845 428 857 449; x_wconf 97' lang='lat'><strong>,</strong></span> <span class='ocrx_word' id='word_1_11' title='bbox 898 393 962 442; x_wconf 87' lang='lat' dir='ltr'><strong>de</strong></span> <span class='ocrx_word' id='word_1_12' title='bbox 993 392 1149 440; x_wconf 83' lang='lat' dir='ltr'><strong>divin.</strong></span> <span class='ocrx_word' id='word_1_13' title='bbox 1179 392 1225 454; x_wconf 91' lang='lat'><strong>1,</strong></span> 
     </span>
     <span class='ocr_line' id='line_1_4' title="bbox 289 459 1229 525; baseline -0.003 -15"><span class='ocrx_word' id='word_1_14' title='bbox 289 461 375 523; x_wconf 87' lang='lat'>44,</span> <span class='ocrx_word' id='word_1_15' title='bbox 409 459 494 512; x_wconf 83' lang='lat'><strong>99.</strong></span> <span class='ocrx_word' id='word_1_16' title='bbox 560 462 632 514; x_wconf 89' lang='lat' dir='ltr'><strong>Ib.</strong></span> <span class='ocrx_word' id='word_1_17' title='bbox 662 464 723 522; x_wconf 84' lang='lat'><strong>2,</strong></span> <span class='ocrx_word' id='word_1_18' title='bbox 764 462 849 523; x_wconf 83' lang='lat'><strong>27,</strong></span> <span class='ocrx_word' id='word_1_19' title='bbox 886 459 971 510; x_wconf 81' lang='lat'><strong>59.</strong></span> <span class='ocrx_word' id='word_1_20' title='bbox 1027 461 1087 509; x_wconf 89' lang='lat' dir='ltr'><strong>de</strong></span> <span class='ocrx_word' id='word_1_21' title='bbox 1118 460 1229 525; x_wconf 83' lang='lat' dir='ltr'><strong>lege</strong></span> 
     </span>
     <span class='ocr_line' id='line_1_5' title="bbox 292 529 948 594; baseline 0.009 -18"><span class='ocrx_word' id='word_1_22' title='bbox 292 531 494 594; x_wconf 80' lang='lat' dir='ltr'><strong>agraria</strong></span> <span class='ocrx_word' id='word_1_23' title='bbox 512 532 562 592; x_wconf 89' lang='lat'><strong>2,</strong></span> <span class='ocrx_word' id='word_1_24' title='bbox 583 530 669 591; x_wconf 85' lang='lat'><strong>33,</strong></span> <span class='ocrx_word' id='word_1_25' title='bbox 693 529 775 582; x_wconf 82' lang='lat'><strong>90.</strong></span> <span class='ocrx_word' id='word_1_26' title='bbox 811 538 858 579; x_wconf 89' lang='lat' dir='ltr'><strong>et</strong></span> <span class='ocrx_word' id='word_1_27' title='bbox 882 530 948 582; x_wconf 83' lang='lat' dir='ltr'><strong>al.</strong></span> 
     </span>
    </p>
   </div>
   <div class='ocr_carea' id='block_1_3' title="bbox 220 609 1228 731">
    <p class='ocr_par' dir='ltr' id='par_1_3' title="bbox 220 609 1228 731">
     <span class='ocr_line' id='line_1_6' title="bbox 220 609 1228 664; baseline 0 -2"><span class='ocrx_word' id='word_1_28' title='bbox 220 611 444 662; x_wconf 79' lang='lat' dir='ltr'><strong>Marsus</strong></span> <span class='ocrx_word' id='word_1_29' title='bbox 496 609 787 664; x_wconf 75' lang='lat' dir='ltr'><strong>Octavius.</strong></span> <span class='ocrx_word' id='word_1_30' title='bbox 842 615 907 660; x_wconf 72' lang='lat' dir='ltr'><strong>V.</strong></span> <span class='ocrx_word' id='word_1_31' title='bbox 956 611 1228 662; x_wconf 75' lang='lat' dir='ltr'><strong>Octavius</strong></span> 
     </span>
     <span class='ocr_line' id='line_1_7' title="bbox 291 680 535 731; baseline -0.008 -1"><span class='ocrx_word' id='word_1_32' title='bbox 291 680 535 731; x_wconf 83' lang='lat' dir='ltr'><strong>Marsus.</strong></span> 
     </span>
    </p>
   </div>
   <div class='ocr_carea' id='block_1_4' title="bbox 220 762 1231 2415">
    <p class='ocr_par' dir='ltr' id='par_1_4' title="bbox 220 762 1231 2205">
     <span class='ocr_line' id='line_1_8' title="bbox 220 762 1231 830; baseline -0.001 -15"><span class='ocrx_word' id='word_1_33' title='bbox 220 762 431 816; x_wconf 78' lang='lat' dir='ltr'><strong>Martia</strong></span> <span class='ocrx_word' id='word_1_34' title='bbox 470 765 625 830; x_wconf 83' lang='lat' dir='ltr'><strong>legio.</strong></span> <span class='ocrx_word' id='word_1_35' title='bbox 670 765 730 813; x_wconf 88' lang='lat' dir='ltr'><strong>Ei</strong></span> <span class='ocrx_word' id='word_1_36' title='bbox 768 780 1007 830; x_wconf 82' lang='lat' dir='ltr'><strong>praeesse</strong></span> <span class='ocrx_word' id='word_1_37' title='bbox 1034 767 1231 815; x_wconf 77' lang='lat' dir='ltr'>solebat</span> 
     </span>
     <span class='ocr_line' id='line_1_9' title="bbox 291 833 1228 900; baseline 0.001 -17"><span class='ocrx_word' id='word_1_38' title='bbox 291 850 337 884; x_wconf 87' lang='lat' dir='ltr'><strong>a.</strong></span> <span class='ocrx_word' id='word_1_39' title='bbox 357 848 409 899; x_wconf 79' lang='lat' dir='ltr'><strong>n.</strong></span> <span class='ocrx_word' id='word_1_40' title='bbox 426 849 467 883; x_wconf 92' lang='lat' dir='ltr'><strong>c.</strong></span> <span class='ocrx_word' id='word_1_41' title='bbox 489 835 611 884; x_wconf 88' lang='lat'><strong>711.</strong></span> <span class='ocrx_word' id='word_1_42' title='bbox 642 833 752 885; x_wconf 89' lang='lat' dir='ltr'><strong>Ser.</strong></span> <span class='ocrx_word' id='word_1_43' title='bbox 770 833 1031 900; x_wconf 77' lang='lat' dir='ltr'><strong>Sulpicius</strong></span> <span class='ocrx_word' id='word_1_44' title='bbox 1050 833 1228 898; x_wconf 83' lang='lat' dir='ltr'><strong>Galba,</strong></span> 
     </span>
     <span class='ocr_line' id='line_1_10' title="bbox 292 901 1229 966; baseline 0.003 -15"><span class='ocrx_word' id='word_1_45' title='bbox 292 904 359 952; x_wconf 88' lang='lat' dir='ltr'><strong>ad</strong></span> <span class='ocrx_word' id='word_1_46' title='bbox 384 903 506 952; x_wconf 80' lang='lat' dir='ltr'><strong>fam.</strong></span> <span class='ocrx_word' id='word_1_47' title='bbox 543 903 624 966; x_wconf 85' lang='lat'><strong>10,</strong></span> <span class='ocrx_word' id='word_1_48' title='bbox 646 901 732 965; x_wconf 82' lang='lat'><strong>30,</strong></span> <span class='ocrx_word' id='word_1_49' title='bbox 755 903 803 956; x_wconf 90' lang='lat' dir='ltr'><strong>l.</strong></span> <span class='ocrx_word' id='word_1_50' title='bbox 834 931 899 940; x_wconf 87' lang='lat'>—</span> <span class='ocrx_word' id='word_1_51' title='bbox 936 902 1087 954; x_wconf 88' lang='lat' dir='ltr'><strong>Nulla</strong></span> <span class='ocrx_word' id='word_1_52' title='bbox 1110 919 1229 954; x_wconf 86' lang='lat' dir='ltr'><strong>con·</strong></span> 
     </span>
     <span class='ocr_line' id='line_1_11' title="bbox 294 972 1231 1038; baseline 0.001 -18"><span class='ocrx_word' id='word_1_53' title='bbox 294 972 494 1022; x_wconf 86' lang='lat' dir='ltr'><strong>dicione</strong></span> <span class='ocrx_word' id='word_1_54' title='bbox 515 973 682 1037; x_wconf 84' lang='lat' dir='ltr'><strong>potuit</strong></span> <span class='ocrx_word' id='word_1_55' title='bbox 714 972 781 1021; x_wconf 84' lang='lat' dir='ltr'><strong>ad</strong></span> <span class='ocrx_word' id='word_1_56' title='bbox 803 972 861 1022; x_wconf 87' lang='lat' dir='ltr'><strong>D.</strong></span> <span class='ocrx_word' id='word_1_57' title='bbox 888 974 1093 1022; x_wconf 87' lang='lat' dir='ltr'><strong>Brutum</strong></span> <span class='ocrx_word' id='word_1_58' title='bbox 1115 989 1231 1038; x_wconf 85' lang='lat' dir='ltr'><strong>per-</strong></span> 
     </span>
     <span class='ocr_line' id='line_1_12' title="bbox 293 1040 1227 1104; baseline 0.003 -14"><span class='ocrx_word' id='word_1_59' title='bbox 293 1042 432 1102; x_wconf 88' lang='lat' dir='ltr'><strong>duci,</strong></span> <span class='ocrx_word' id='word_1_60' title='bbox 459 1043 531 1092; x_wconf 92' lang='lat' dir='ltr'><strong>lb.</strong></span> <span class='ocrx_word' id='word_1_61' title='bbox 558 1040 639 1103; x_wconf 89' lang='grc'><strong>11,</strong></span> <span class='ocrx_word' id='word_1_62' title='bbox 668 1041 750 1098; x_wconf 92' lang='lat'><strong>14,</strong></span> <span class='ocrx_word' id='word_1_63' title='bbox 772 1041 820 1089; x_wconf 86' lang='grc'><strong>2.</strong></span> <span class='ocrx_word' id='word_1_64' title='bbox 869 1041 939 1091; x_wconf 92' lang='lat' dir='ltr'><strong>Ib.</strong></span> <span class='ocrx_word' id='word_1_65' title='bbox 966 1042 1047 1104; x_wconf 87' lang='grc'><strong>11,</strong></span> <span class='ocrx_word' id='word_1_66' title='bbox 1073 1041 1155 1103; x_wconf 88' lang='lat'><strong>19,</strong></span> <span class='ocrx_word' id='word_1_67' title='bbox 1182 1043 1227 1093; x_wconf 90' lang='grc'><strong>1.</strong></span> 
     </span>
     <span class='ocr_line' id='line_1_13' title="bbox 291 1108 1226 1176; baseline 0.002 -18"><span class='ocrx_word' id='word_1_68' title='bbox 291 1137 362 1144; x_wconf 89' lang='grc'>-</span> <span class='ocrx_word' id='word_1_69' title='bbox 378 1109 556 1159; x_wconf 87' lang='lat' dir='ltr'><strong>Martia</strong></span> <span class='ocrx_word' id='word_1_70' title='bbox 584 1108 717 1174; x_wconf 80' lang='lat' dir='ltr'><strong>legio</strong></span> <span class='ocrx_word' id='word_1_71' title='bbox 740 1123 894 1170; x_wconf 89' lang='lat' dir='ltr'><strong>quum</strong></span> <span class='ocrx_word' id='word_1_72' title='bbox 912 1109 1109 1160; x_wconf 84' lang='lat' dir='ltr'><strong>hostem</strong></span> <span class='ocrx_word' id='word_1_73' title='bbox 1132 1126 1226 1176; x_wconf 84' lang='lat' dir='ltr'><strong>po-</strong></span> 
     </span>
     <span class='ocr_line' id='line_1_14' title="bbox 290 1177 1225 1244; baseline 0.001 -17"><span class='ocrx_word' id='word_1_74' title='bbox 290 1178 399 1244; x_wconf 89' lang='lat' dir='ltr'><strong>puli</strong></span> <span class='ocrx_word' id='word_1_75' title='bbox 430 1177 646 1228; x_wconf 88' lang='lat' dir='ltr'><strong>Romani</strong></span> <span class='ocrx_word' id='word_1_76' title='bbox 683 1177 745 1225; x_wconf 88' lang='lat' dir='ltr'><strong>M.</strong></span> <span class='ocrx_word' id='word_1_77' title='bbox 790 1179 1063 1228; x_wconf 86' lang='lat' dir='ltr'><strong>Antonium</strong></span> <span class='ocrx_word' id='word_1_78' title='bbox 1095 1181 1225 1230; x_wconf 89' lang='lat' dir='ltr'><strong>iudi-</strong></span> 
     </span>
     <span class='ocr_line' id='line_1_15' title="bbox 292 1247 1225 1310; baseline 0.004 -16"><span class='ocrx_word' id='word_1_79' title='bbox 292 1255 486 1310; x_wconf 87' lang='lat' dir='ltr'><strong>casset,</strong></span> <span class='ocrx_word' id='word_1_80' title='bbox 513 1261 681 1296; x_wconf 86' lang='lat' dir='ltr'><strong>comes</strong></span> <span class='ocrx_word' id='word_1_81' title='bbox 709 1261 821 1296; x_wconf 85' lang='lat' dir='ltr'><strong>esse</strong></span> <span class='ocrx_word' id='word_1_82' title='bbox 839 1247 951 1299; x_wconf 90' lang='lat' dir='ltr'><strong>eius</strong></span> <span class='ocrx_word' id='word_1_83' title='bbox 978 1251 1225 1298; x_wconf 79' lang='lat' dir='ltr'><strong>amentiae</strong></span> 
     </span>
     <span class='ocr_line' id='line_1_16' title="bbox 290 1315 1220 1379; baseline 0.006 -16"><span class='ocrx_word' id='word_1_84' title='bbox 290 1315 480 1379; x_wconf 88' lang='lat' dir='ltr'><strong>noluit,</strong></span> <span class='ocrx_word' id='word_1_85' title='bbox 509 1316 712 1379; x_wconf 86' lang='lat' dir='ltr'><strong>reliquit</strong></span> <span class='ocrx_word' id='word_1_86' title='bbox 731 1317 987 1368; x_wconf 88' lang='lat' dir='ltr'><strong>consulem</strong></span> <span class='ocrx_word' id='word_1_87' title='bbox 1008 1334 1057 1370; x_wconf 88' lang='lat' dir='ltr'><strong>a.</strong></span> <span class='ocrx_word' id='word_1_88' title='bbox 1094 1335 1143 1370; x_wconf 88' lang='lat' dir='ltr'><strong>u.</strong></span> <span class='ocrx_word' id='word_1_89' title='bbox 1178 1335 1220 1369; x_wconf 86' lang='lat' dir='ltr'><strong>c.</strong></span> 
     </span>
     <span class='ocr_line' id='line_1_17' title="bbox 288 1385 1226 1450; baseline 0.002 -16"><span class='ocrx_word' id='word_1_90' title='bbox 288 1385 439 1448; x_wconf 80' lang='grc'><strong>710.,</strong></span> <span class='ocrx_word' id='word_1_91' title='bbox 469 1386 698 1435; x_wconf 85' lang='lat' dir='ltr'><strong>consedit</strong></span> <span class='ocrx_word' id='word_1_92' title='bbox 737 1385 899 1436; x_wconf 86' lang='lat' dir='ltr'><strong>Albae</strong></span> <span class='ocrx_word' id='word_1_93' title='bbox 939 1385 1027 1450; x_wconf 85' lang='lat' dir='ltr'><strong>(ad</strong></span> <span class='ocrx_word' id='word_1_94' title='bbox 1064 1387 1226 1437; x_wconf 87' lang='lat' dir='ltr'><strong>lacum</strong></span> 
     </span>
     <span class='ocr_line' id='line_1_18' title="bbox 291 1453 1221 1521; baseline 0.002 -17"><span class='ocrx_word' id='word_1_95' title='bbox 291 1453 595 1518; x_wconf 78' lang='lat' dir='ltr'><strong>Fucinum),</strong></span> <span class='ocrx_word' id='word_1_96' title='bbox 627 1453 847 1521; x_wconf 85' lang='lat' dir='ltr'><strong>Philipp.</strong></span> <span class='ocrx_word' id='word_1_97' title='bbox 875 1453 936 1510; x_wconf 86' lang='lat'><strong>3.</strong></span> <span class='ocrx_word' id='word_1_98' title='bbox 963 1455 1023 1519; x_wconf 85' lang='lat'><strong>3,</strong></span> <span class='ocrx_word' id='word_1_99' title='bbox 1048 1457 1100 1508; x_wconf 95' lang='grc'><strong>6.</strong></span> <span class='ocrx_word' id='word_1_100' title='bbox 1149 1458 1221 1506; x_wconf 90' lang='lat' dir='ltr'><strong>Ib.</strong></span> 
     </span>
     <span class='ocr_line' id='line_1_19' title="bbox 294 1523 1223 1589; baseline 0.003 -16"><span class='ocrx_word' id='word_1_101' title='bbox 294 1524 376 1582; x_wconf 84' lang='lat'><strong>15,</strong></span> <span class='ocrx_word' id='word_1_102' title='bbox 405 1523 487 1574; x_wconf 85' lang='lat'><strong>39.</strong></span> <span class='ocrx_word' id='word_1_103' title='bbox 548 1525 620 1574; x_wconf 88' lang='lat' dir='ltr'><strong>lb.</strong></span> <span class='ocrx_word' id='word_1_104' title='bbox 642 1527 693 1585; x_wconf 88' lang='grc'><strong>4,</strong></span> <span class='ocrx_word' id='word_1_105' title='bbox 720 1527 772 1589; x_wconf 89' lang='grc'><strong>2,</strong></span> <span class='ocrx_word' id='word_1_106' title='bbox 801 1524 852 1574; x_wconf 84' lang='grc'><strong>5,</strong></span> <span class='ocrx_word' id='word_1_107' title='bbox 922 1526 994 1576; x_wconf 89' lang='lat' dir='ltr'><strong>lb.</strong></span> <span class='ocrx_word' id='word_1_108' title='bbox 1020 1527 1071 1588; x_wconf 86' lang='grc'><strong>5,</strong></span> <span class='ocrx_word' id='word_1_109' title='bbox 1102 1527 1152 1587; x_wconf 88' lang='grc'><strong>2,</strong></span> <span class='ocrx_word' id='word_1_110' title='bbox 1173 1530 1223 1576; x_wconf 87' lang='grc'><strong>4.</strong></span> 
     </span>
     <span class='ocr_line' id='line_1_20' title="bbox 290 1592 1225 1661; baseline 0.002 -19"><span class='ocrx_word' id='word_1_111' title='bbox 290 1593 357 1642; x_wconf 89' lang='lat' dir='ltr'><strong>ad</strong></span> <span class='ocrx_word' id='word_1_112' title='bbox 376 1593 496 1641; x_wconf 78' lang='lat' dir='ltr'><strong>fam.</strong></span> <span class='ocrx_word' id='word_1_113' title='bbox 523 1592 606 1653; x_wconf 89' lang='lat'><strong>11,</strong></span> <span class='ocrx_word' id='word_1_114' title='bbox 636 1593 685 1654; x_wconf 85' lang='lat'><strong>7,</strong></span> <span class='ocrx_word' id='word_1_115' title='bbox 712 1593 761 1642; x_wconf 84' lang='lat'><strong>2.</strong></span> <span class='ocrx_word' id='word_1_116' title='bbox 780 1619 851 1628; x_wconf 87' lang='lat'>—</span> <span class='ocrx_word' id='word_1_117' title='bbox 874 1592 1054 1644; x_wconf 84' lang='lat' dir='ltr'><strong>Martia</strong></span> <span class='ocrx_word' id='word_1_118' title='bbox 1070 1594 1225 1661; x_wconf 79' lang='lat' dir='ltr'><strong>legin,</strong></span> 
     </span>
     <span class='ocr_line' id='line_1_21' title="bbox 292 1661 1226 1729; baseline 0.005 -20"><span class='ocrx_word' id='word_1_119' title='bbox 292 1662 541 1710; x_wconf 78' lang='lat' dir='ltr'><strong>libertatis</strong></span> <span class='ocrx_word' id='word_1_120' title='bbox 570 1661 751 1723; x_wconf 83' lang='lat' dir='ltr'><strong>avida,</strong></span> <span class='ocrx_word' id='word_1_121' title='bbox 792 1663 904 1712; x_wconf 86' lang='lat' dir='ltr'><strong>eius</strong></span> <span class='ocrx_word' id='word_1_122' title='bbox 925 1665 1143 1729; x_wconf 89' lang='lat' dir='ltr'><strong>impetus</strong></span> <span class='ocrx_word' id='word_1_123' title='bbox 1175 1666 1226 1713; x_wconf 90' lang='lat' dir='ltr'><strong>in</strong></span> 
     </span>
     <span class='ocr_line' id='line_1_22' title="bbox 288 1730 1224 1797; baseline 0.003 -19"><span class='ocrx_word' id='word_1_124' title='bbox 288 1730 485 1794; x_wconf 88' lang='lat' dir='ltr'><strong>proelio</strong></span> <span class='ocrx_word' id='word_1_125' title='bbox 524 1731 827 1790; x_wconf 85' lang='lat' dir='ltr'><strong>Mutinensi,</strong></span> <span class='ocrx_word' id='word_1_126' title='bbox 875 1731 1096 1797; x_wconf 89' lang='lat' dir='ltr'><strong>Philipp.</strong></span> <span class='ocrx_word' id='word_1_127' title='bbox 1143 1733 1224 1792; x_wconf 84' lang='grc'><strong>14,</strong></span> 
     </span>
     <span class='ocr_line' id='line_1_23' title="bbox 288 1796 1225 1858; baseline 0.001 -11"><span class='ocrx_word' id='word_1_128' title='bbox 288 1797 350 1858; x_wconf 86' lang='grc'><strong>9,</strong></span> <span class='ocrx_word' id='word_1_129' title='bbox 374 1797 458 1848; x_wconf 82' lang='grc'><strong>26.</strong></span> <span class='ocrx_word' id='word_1_130' title='bbox 488 1827 556 1838; x_wconf 91' lang='grc'><strong>--</strong></span> <span class='ocrx_word' id='word_1_131' title='bbox 583 1796 841 1849; x_wconf 83' lang='lat' dir='ltr'><strong>Ciceronis</strong></span> <span class='ocrx_word' id='word_1_132' title='bbox 880 1802 1127 1850; x_wconf 86' lang='lat' dir='ltr'><strong>sententia</strong></span> <span class='ocrx_word' id='word_1_133' title='bbox 1164 1803 1225 1850; x_wconf 86' lang='lat' dir='ltr'><strong>de</strong></span> 
     </span>
     <span class='ocr_line' id='line_1_24' title="bbox 291 1867 1222 1931; baseline 0.004 -16"><span class='ocrx_word' id='word_1_134' title='bbox 291 1868 403 1917; x_wconf 87' lang='lat' dir='ltr'><strong>eius</strong></span> <span class='ocrx_word' id='word_1_135' title='bbox 428 1867 619 1918; x_wconf 87' lang='lat' dir='ltr'><strong>meritis</strong></span> <span class='ocrx_word' id='word_1_136' title='bbox 652 1874 699 1916; x_wconf 89' lang='lat' dir='ltr'><strong>et</strong></span> <span class='ocrx_word' id='word_1_137' title='bbox 724 1867 904 1929; x_wconf 87' lang='lat' dir='ltr'><strong>laude,</strong></span> <span class='ocrx_word' id='word_1_138' title='bbox 932 1871 1005 1921; x_wconf 91' lang='lat' dir='ltr'><strong>Ib.</strong></span> <span class='ocrx_word' id='word_1_139' title='bbox 1034 1871 1114 1931; x_wconf 82' lang='lat'><strong>14,</strong></span> <span class='ocrx_word' id='word_1_140' title='bbox 1137 1870 1222 1931; x_wconf 89' lang='grc'><strong>14,</strong></span> 
     </span>
     <span class='ocr_line' id='line_1_25' title="bbox 290 1936 1224 1999; baseline -0.001 -10"><span class='ocrx_word' id='word_1_141' title='bbox 290 1936 375 1989; x_wconf 86' lang='grc'><strong>31.</strong></span> <span class='ocrx_word' id='word_1_142' title='bbox 435 1938 507 1988; x_wconf 90' lang='lat' dir='ltr'><strong>Ib.</strong></span> <span class='ocrx_word' id='word_1_143' title='bbox 536 1937 627 1997; x_wconf 88' lang='lat'><strong>14,</strong></span> <span class='ocrx_word' id='word_1_144' title='bbox 667 1938 765 1999; x_wconf 85' lang='lat'><strong>14,</strong></span> <span class='ocrx_word' id='word_1_145' title='bbox 793 1936 877 1989; x_wconf 83' lang='lat'><strong>38.</strong></span> <span class='ocrx_word' id='word_1_146' title='bbox 918 1966 983 1975; x_wconf 91' lang='lat'><strong>-—</strong></span> <span class='ocrx_word' id='word_1_147' title='bbox 1021 1939 1145 1989; x_wconf 90' lang='lat' dir='ltr'><strong>Eam</strong></span> <span class='ocrx_word' id='word_1_148' title='bbox 1174 1942 1224 1988; x_wconf 93' lang='lat' dir='ltr'><strong>in</strong></span> 
     </span>
     <span class='ocr_line' id='line_1_26' title="bbox 291 2005 1225 2071; baseline 0.004 -16"><span class='ocrx_word' id='word_1_149' title='bbox 291 2005 487 2071; x_wconf 89' lang='lat' dir='ltr'><strong>proelio</strong></span> <span class='ocrx_word' id='word_1_150' title='bbox 520 2007 794 2055; x_wconf 79' lang='lat' dir='ltr'><strong>Mutinensi</strong></span> <span class='ocrx_word' id='word_1_151' title='bbox 832 2009 1067 2058; x_wconf 84' lang='lat' dir='ltr'><strong>interisse</strong></span> <span class='ocrx_word' id='word_1_152' title='bbox 1098 2024 1225 2059; x_wconf 90' lang='lat' dir='ltr'><strong>nun-</strong></span> 
     </span>
     <span class='ocr_line' id='line_1_27' title="bbox 291 2074 1223 2192; baseline 0.008 -68"><span class='ocrx_word' id='word_1_153' title='bbox 291 2076 521 2192; x_wconf 57' lang='grc' dir='ltr'><strong>οὶὲιὺειιαι·</strong></span> <span class='ocrx_word' id='word_1_154' title='bbox 560 2074 815 2139; x_wconf 81' lang='lat' dir='ltr'><strong>Pollioni,</strong></span> <span class='ocrx_word' id='word_1_155' title='bbox 858 2076 924 2126; x_wconf 86' lang='lat' dir='ltr'><strong>ad</strong></span> <span class='ocrx_word' id='word_1_156' title='bbox 964 2077 1087 2131; x_wconf 79' lang='lat' dir='ltr'><strong>fam.</strong></span> <span class='ocrx_word' id='word_1_157' title='bbox 1142 2078 1223 2140; x_wconf 90' lang='grc'><strong>10,</strong></span> 
     </span>
     <span class='ocr_line' id='line_1_28' title="bbox 289 2142 445 2205; baseline 0.019 -12"><span class='ocrx_word' id='word_1_158' title='bbox 289 2142 321 2193; x_wconf 87' lang='grc'><strong>3</strong></span> <span class='ocrx_word' id='word_1_159' title='bbox 360 2178 374 2205; x_wconf 90' lang='grc'><strong>,</strong></span> <span class='ocrx_word' id='word_1_160' title='bbox 393 2146 445 2197; x_wconf 90' lang='lat'><strong>4.</strong></span> 
     </span>
    </p>

    <p class='ocr_par' dir='ltr' id='par_1_5' title="bbox 220 2206 1225 2415">
     <span class='ocr_line' id='line_1_29' title="bbox 220 2206 1225 2277; baseline 0.006 -18"><span class='ocrx_word' id='word_1_161' title='bbox 220 2206 431 2261; x_wconf 81' lang='lat' dir='ltr'><strong>Martia</strong></span> <span class='ocrx_word' id='word_1_162' title='bbox 461 2213 608 2277; x_wconf 87' lang='lat' dir='ltr'><strong>lupa,</strong></span> <span class='ocrx_word' id='word_1_163' title='bbox 636 2212 884 2263; x_wconf 79' lang='lat' dir='ltr'><strong>‘Romani</strong></span> <span class='ocrx_word' id='word_1_164' title='bbox 912 2217 1131 2267; x_wconf 85' lang='lat' dir='ltr'><strong>nominis</strong></span> <span class='ocrx_word' id='word_1_165' title='bbox 1150 2217 1225 2266; x_wconf 87' lang='lat' dir='ltr'><strong>al·</strong></span> 
     </span>
     <span class='ocr_line' id='line_1_30' title="bbox 292 2280 1223 2351; baseline 0.009 -23"><span class='ocrx_word' id='word_1_166' title='bbox 292 2282 393 2329; x_wconf 77' lang='lat' dir='ltr'><strong>trix</strong></span> <span class='ocrx_word' id='word_1_167' title='bbox 434 2280 665 2331; x_wconf 79' lang='lat' dir='ltr'><strong>fulminis</strong></span> <span class='ocrx_word' id='word_1_168' title='bbox 704 2284 807 2332; x_wconf 87' lang='lat' dir='ltr'><strong>ictu</strong></span> <span class='ocrx_word' id='word_1_169' title='bbox 842 2284 1062 2335; x_wconf 83' lang='lat' dir='ltr'><strong>concidit</strong></span> <span class='ocrx_word' id='word_1_170' title='bbox 1077 2289 1116 2351; x_wconf 77' lang='lat'><strong>⁹,</strong></span> <span class='ocrx_word' id='word_1_171' title='bbox 1161 2287 1223 2336; x_wconf 90' lang='lat' dir='ltr'><strong>de</strong></span> 
     </span>
     <span class='ocr_line' id='line_1_31' title="bbox 293 2350 736 2415; baseline 0.002 -16"><span class='ocrx_word' id='word_1_172' title='bbox 293 2350 451 2399; x_wconf 87' lang='lat' dir='ltr'><strong>divin.</strong></span> <span class='ocrx_word' id='word_1_173' title='bbox 473 2351 520 2414; x_wconf 93' lang='lat' dir='ltr'><strong>l,</strong></span> <span class='ocrx_word' id='word_1_174' title='bbox 552 2351 630 2415; x_wconf 84' lang='lat'><strong>12,</strong></span> <span class='ocrx_word' id='word_1_175' title='bbox 652 2352 736 2403; x_wconf 91' lang='grc'><strong>20.</strong></span> 
     </span>
    </p>
   </div>
   <div class='ocr_carea' id='block_1_5' title="bbox 220 2432 1223 2912">
    <p class='ocr_par' dir='ltr' id='par_1_6' title="bbox 221 2432 1223 2773">
     <span class='ocr_line' id='line_1_32' title="bbox 221 2432 1223 2505; baseline 0.005 -21"><span class='ocrx_word' id='word_1_176' title='bbox 221 2432 515 2485; x_wconf 78' lang='lat' dir='ltr'><strong>Martiales</strong></span> <span class='ocrx_word' id='word_1_177' title='bbox 552 2438 756 2499; x_wconf 88' lang='lat' dir='ltr'><strong>quidam</strong></span> <span class='ocrx_word' id='word_1_178' title='bbox 783 2438 956 2489; x_wconf 85' lang='lat' dir='ltr'><strong>Larini</strong></span> <span class='ocrx_word' id='word_1_179' title='bbox 1000 2440 1223 2505; x_wconf 88' lang='lat' dir='ltr'><strong>appella-</strong></span> 
     </span>
     <span class='ocr_line' id='line_1_33' title="bbox 294 2505 1223 2571; baseline 0.004 -18"><span class='ocrx_word' id='word_1_180' title='bbox 294 2505 473 2555; x_wconf 81' lang='lat' dir='ltr'><strong>bantur</strong></span> <span class='ocrx_word' id='word_1_181' title='bbox 491 2506 712 2555; x_wconf 91' lang='lat' dir='ltr'><strong>ministri</strong></span> <span class='ocrx_word' id='word_1_182' title='bbox 732 2508 926 2571; x_wconf 84' lang='lat' dir='ltr'><strong>publici</strong></span> <span class='ocrx_word' id='word_1_183' title='bbox 954 2509 1127 2559; x_wconf 87' lang='lat' dir='ltr'><strong>Martis</strong></span> <span class='ocrx_word' id='word_1_184' title='bbox 1148 2517 1223 2557; x_wconf 87' lang='lat' dir='ltr'><strong>at-</strong></span> 
     </span>
     <span class='ocr_line' id='line_1_34' title="bbox 292 2574 1221 2633; baseline 0.008 -13"><span class='ocrx_word' id='word_1_185' title='bbox 292 2588 388 2633; x_wconf 88' lang='lat' dir='ltr'><strong>que</strong></span> <span class='ocrx_word' id='word_1_186' title='bbox 410 2574 455 2623; x_wconf 86' lang='lat' dir='ltr'><strong>ei</strong></span> <span class='ocrx_word' id='word_1_187' title='bbox 476 2574 569 2623; x_wconf 91' lang='lat' dir='ltr'><strong>deo</strong></span> <span class='ocrx_word' id='word_1_188' title='bbox 593 2577 843 2626; x_wconf 87' lang='lat' dir='ltr'><strong>veteribus</strong></span> <span class='ocrx_word' id='word_1_189' title='bbox 872 2578 1112 2629; x_wconf 84' lang='lat' dir='ltr'><strong>institutis</strong></span> <span class='ocrx_word' id='word_1_190' title='bbox 1144 2594 1221 2627; x_wconf 85' lang='lat' dir='ltr'><strong>re-</strong></span> 
     </span>
     <span class='ocr_line' id='line_1_35' title="bbox 290 2640 1221 2705; baseline 0.011 -17"><span class='ocrx_word' id='word_1_191' title='bbox 290 2640 667 2705; x_wconf 85' lang='lat' dir='ltr'><strong>ligionibusque</strong></span> <span class='ocrx_word' id='word_1_192' title='bbox 698 2643 1010 2695; x_wconf 80' lang='lat' dir='ltr'><strong>Larinatium</strong></span> <span class='ocrx_word' id='word_1_193' title='bbox 1046 2662 1221 2697; x_wconf 86' lang='lat' dir='ltr'><strong>conse-</strong></span> 
     </span>
     <span class='ocr_line' id='line_1_36' title="bbox 291 2710 1015 2773; baseline 0.014 -16"><span class='ocrx_word' id='word_1_194' title='bbox 291 2712 435 2769; x_wconf 88' lang='lat' dir='ltr'><strong>crati,</strong></span> <span class='ocrx_word' id='word_1_195' title='bbox 462 2723 552 2773; x_wconf 91' lang='lat' dir='ltr'><strong>pro</strong></span> <span class='ocrx_word' id='word_1_196' title='bbox 576 2710 803 2762; x_wconf 88' lang='lat' dir='ltr'><strong>Cluentio</strong></span> <span class='ocrx_word' id='word_1_197' title='bbox 829 2713 909 2773; x_wconf 87' lang='lat'><strong>15,</strong></span> <span class='ocrx_word' id='word_1_198' title='bbox 928 2715 1015 2767; x_wconf 84' lang='lat'><strong>43.</strong></span> 
     </span>
    </p>

    <p class='ocr_par' dir='ltr' id='par_1_7' title="bbox 220 2774 1223 2912">
     <span class='ocr_line' id='line_1_37' title="bbox 220 2774 1223 2847; baseline 0.006 -19"><span class='ocrx_word' id='word_1_199' title='bbox 220 2774 514 2828; x_wconf 78' lang='lat' dir='ltr'><strong>Martiales</strong></span> <span class='ocrx_word' id='word_1_200' title='bbox 532 2812 546 2839; x_wconf 92' lang='lat'>‚</span> <span class='ocrx_word' id='word_1_201' title='bbox 598 2779 783 2828; x_wconf 79' lang='lat' dir='ltr'><strong>milites</strong></span> <span class='ocrx_word' id='word_1_202' title='bbox 830 2781 1045 2847; x_wconf 82' lang='lat' dir='ltr'><strong>legionis</strong></span> <span class='ocrx_word' id='word_1_203' title='bbox 1092 2785 1223 2835; x_wconf 73' lang='lat' dir='ltr'><strong>Mai·-</strong></span> 
     </span>
     <span class='ocr_line' id='line_1_38' title="bbox 290 2844 892 2912; baseline 0.01 -18"><span class='ocrx_word' id='word_1_204' title='bbox 290 2844 418 2907; x_wconf 88' lang='lat' dir='ltr'><strong>tiae,</strong></span> <span class='ocrx_word' id='word_1_205' title='bbox 446 2844 671 2912; x_wconf 88' lang='lat' dir='ltr'><strong>Philipp.</strong></span> <span class='ocrx_word' id='word_1_206' title='bbox 694 2851 745 2912; x_wconf 88' lang='lat'><strong>4,</strong></span> <span class='ocrx_word' id='word_1_207' title='bbox 770 2851 820 2911; x_wconf 90' lang='grc'><strong>2,</strong></span> <span class='ocrx_word' id='word_1_208' title='bbox 842 2851 892 2903; x_wconf 88' lang='grc'><strong>5.</strong></span> 
     </span>
    </p>
   </div>
   <div class='ocr_carea' id='block_1_6' title="bbox 220 2928 1222 3485">
    <p class='ocr_par' dir='ltr' id='par_1_8' title="bbox 220 2928 1222 3346">
     <span class='ocr_line' id='line_1_39' title="bbox 220 2928 1222 3004; baseline 0.007 -22"><span class='ocrx_word' id='word_1_209' title='bbox 220 2928 465 2983; x_wconf 76' lang='lat' dir='ltr'><strong>Martius</strong></span> <span class='ocrx_word' id='word_1_210' title='bbox 510 2930 753 2998; x_wconf 77' lang='lat' dir='ltr'><strong>Campus</strong></span> <span class='ocrx_word' id='word_1_211' title='bbox 775 2971 790 2999; x_wconf 94' lang='lat'>‚</span> <span class='ocrx_word' id='word_1_212' title='bbox 851 2936 993 2989; x_wconf 88' lang='lat' dir='ltr'><strong>locus</strong></span> <span class='ocrx_word' id='word_1_213' title='bbox 1040 2946 1222 3004; x_wconf 88' lang='lat' dir='ltr'><strong>patens</strong></span> 
     </span>
     <span class='ocr_line' id='line_1_40' title="bbox 288 3002 1221 3071; baseline 0.008 -22"><span class='ocrx_word' id='word_1_214' title='bbox 288 3016 450 3065; x_wconf 84' lang='lat' dir='ltr'><strong>prope</strong></span> <span class='ocrx_word' id='word_1_215' title='bbox 497 3002 723 3053; x_wconf 84' lang='lat' dir='ltr'><strong>Tiberim</strong></span> <span class='ocrx_word' id='word_1_216' title='bbox 745 3040 759 3063; x_wconf 93' lang='lat'>‚</span> <span class='ocrx_word' id='word_1_217' title='bbox 822 3006 876 3055; x_wconf 89' lang='lat' dir='ltr'><strong>in</strong></span> <span class='ocrx_word' id='word_1_218' title='bbox 921 3023 1020 3071; x_wconf 89' lang='lat' dir='ltr'><strong>quo</strong></span> <span class='ocrx_word' id='word_1_219' title='bbox 1065 3010 1221 3059; x_wconf 76' lang='lat' dir='ltr'><strong>comi-</strong></span> 
     </span>
     <span class='ocr_line' id='line_1_41' title="bbox 288 3070 1221 3135; baseline 0.008 -16"><span class='ocrx_word' id='word_1_220' title='bbox 288 3070 362 3119; x_wconf 85' lang='lat' dir='ltr'><strong>tia</strong></span> <span class='ocrx_word' id='word_1_221' title='bbox 418 3072 597 3135; x_wconf 89' lang='lat' dir='ltr'><strong>populi</strong></span> <span class='ocrx_word' id='word_1_222' title='bbox 644 3070 791 3124; x_wconf 86' lang='lat' dir='ltr'><strong>Rom.</strong></span> <span class='ocrx_word' id='word_1_223' title='bbox 844 3077 1123 3126; x_wconf 81' lang='lat' dir='ltr'><strong>centuriata</strong></span> <span class='ocrx_word' id='word_1_224' title='bbox 1174 3086 1221 3127; x_wconf 91' lang='lat' dir='ltr'><strong>et</strong></span> 
     </span>
     <span class='ocr_line' id='line_1_42' title="bbox 290 3140 1222 3205; baseline 0.009 -17"><span class='ocrx_word' id='word_1_225' title='bbox 290 3140 479 3189; x_wconf 83' lang='lat' dir='ltr'><strong>tributa</strong></span> <span class='ocrx_word' id='word_1_226' title='bbox 526 3141 874 3205; x_wconf 84' lang='lat' dir='ltr'><strong>habebantur,</strong></span> <span class='ocrx_word' id='word_1_227' title='bbox 922 3146 1068 3195; x_wconf 87' lang='lat' dir='ltr'><strong>Marti</strong></span> <span class='ocrx_word' id='word_1_228' title='bbox 1102 3160 1222 3195; x_wconf 90' lang='lat' dir='ltr'><strong>con-</strong></span> 
     </span>
     <span class='ocr_line' id='line_1_43' title="bbox 289 3213 1221 3277; baseline 0.008 -19"><span class='ocrx_word' id='word_1_229' title='bbox 289 3216 513 3261; x_wconf 87' lang='lat' dir='ltr'><strong>secratus</strong></span> <span class='ocrx_word' id='word_1_230' title='bbox 540 3219 618 3261; x_wconf 89' lang='lat' dir='ltr'><strong>est</strong></span> <span class='ocrx_word' id='word_1_231' title='bbox 646 3227 677 3260; x_wconf 83' lang='lat' dir='ltr'><strong>a</strong></span> <span class='ocrx_word' id='word_1_232' title='bbox 703 3213 858 3263; x_wconf 86' lang='lat' dir='ltr'><strong>Bruto</strong></span> <span class='ocrx_word' id='word_1_233' title='bbox 878 3253 891 3276; x_wconf 86' lang='lat'><strong>,</strong></span> <span class='ocrx_word' id='word_1_234' title='bbox 918 3229 981 3263; x_wconf 88' lang='lat' dir='ltr'><strong>ne</strong></span> <span class='ocrx_word' id='word_1_235' title='bbox 1008 3214 1221 3277; x_wconf 87' lang='lat' dir='ltr'><strong>Tarqui-</strong></span> 
     </span>
     <span class='ocr_line' id='line_1_44' title="bbox 290 3278 1220 3346; baseline 0.009 -20"><span class='ocrx_word' id='word_1_236' title='bbox 290 3278 417 3341; x_wconf 89' lang='lat' dir='ltr'><strong>niis,</strong></span> <span class='ocrx_word' id='word_1_237' title='bbox 446 3294 660 3342; x_wconf 86' lang='lat' dir='ltr'><strong>quorum</strong></span> <span class='ocrx_word' id='word_1_238' title='bbox 689 3281 799 3346; x_wconf 84' lang='lat' dir='ltr'><strong>agri</strong></span> <span class='ocrx_word' id='word_1_239' title='bbox 820 3282 1047 3343; x_wconf 75' lang='lat' dir='ltr'><strong>fuerant,</strong></span> <span class='ocrx_word' id='word_1_240' title='bbox 1076 3284 1220 3334; x_wconf 87' lang='lat' dir='ltr'><strong>reddi</strong></span> 
     </span>
    </p>

    <p class='ocr_par' dir='ltr' id='par_1_9' title="bbox 234 3349 1221 3485">
     <span class='ocr_line' id='line_1_45' title="bbox 234 3349 1221 3413; baseline 0.011 -21"><span class='ocrx_word' id='word_1_241' title='bbox 234 3361 241 3367; x_wconf 85' lang='lat'><em>·</em></span> <span class='ocrx_word' id='word_1_242' title='bbox 288 3354 480 3409; x_wconf 84' lang='lat' dir='ltr'><strong>posset.</strong></span> <span class='ocrx_word' id='word_1_243' title='bbox 507 3374 574 3386; x_wconf 89' lang='lat'><strong>--·</strong></span> <span class='ocrx_word' id='word_1_244' title='bbox 598 3349 653 3401; x_wconf 81' lang='lat' dir='ltr'><strong>O.</strong></span> <span class='ocrx_word' id='word_1_245' title='bbox 676 3349 1221 3413; x_wconf 85' lang='lat' dir='ltr'><strong>Herennius‚tribunus</strong></span> 
     </span>
     <span class='ocr_line' id='line_1_46' title="bbox 290 3412 1219 3485; baseline 0.01 -25"><span class='ocrx_word' id='word_1_246' title='bbox 290 3412 447 3476; x_wconf 88' lang='lat' dir='ltr'><strong>plebi,</strong></span> <span class='ocrx_word' id='word_1_247' title='bbox 475 3415 599 3480; x_wconf 72' lang='lat' dir='ltr'><strong>fert,</strong></span> <span class='ocrx_word' id='word_1_248' title='bbox 633 3423 689 3464; x_wconf 89' lang='lat' dir='ltr'><strong>ut</strong></span> <span class='ocrx_word' id='word_1_249' title='bbox 714 3420 980 3470; x_wconf 84' lang='lat' dir='ltr'><strong>universus</strong></span> <span class='ocrx_word' id='word_1_250' title='bbox 1000 3420 1219 3485; x_wconf 89' lang='lat' dir='ltr'><strong>populus</strong></span> 
     </span>
    </p>
   </div>
   <div class='ocr_carea' id='block_1_7' title="bbox 752 165 1899 214">
    <p class='ocr_par' dir='ltr' id='par_1_10' title="bbox 752 165 1899 214">
     <span class='ocr_line' id='line_1_47' title="bbox 752 165 1899 214; baseline -0.004 0"><span class='ocrx_word' id='word_1_251' title='bbox 752 167 1111 214; x_wconf 72' lang='lat' dir='ltr'><strong>MARSICL&#39;M</strong></span> <span class='ocrx_word' id='word_1_252' title='bbox 1138 167 1418 212; x_wconf 62' lang='lat' dir='ltr'><strong>BELLrM</strong></span> <span class='ocrx_word' id='word_1_253' title='bbox 1443 188 1518 196; x_wconf 87' lang='lat'><strong>--</strong></span> <span class='ocrx_word' id='word_1_254' title='bbox 1558 165 1899 212; x_wconf 77' lang='lat' dir='ltr'><strong>MASSILIA.</strong></span> 
     </span>
    </p>
   </div>
   <div class='ocr_carea' id='block_1_8' title="bbox 1365 311 2327 1969">
    <p class='ocr_par' dir='ltr' id='par_1_11' title="bbox 1365 311 2327 1969">
     <span class='ocr_line' id='line_1_48' title="bbox 1373 311 2327 386; baseline 0.002 -17"><span class='ocrx_word' id='word_1_255' title='bbox 1373 323 1423 370; x_wconf 86' lang='lat' dir='ltr'><strong>in</strong></span> <span class='ocrx_word' id='word_1_256' title='bbox 1449 335 1629 386; x_wconf 86' lang='lat' dir='ltr'><strong>campo</strong></span> <span class='ocrx_word' id='word_1_257' title='bbox 1649 320 1828 370; x_wconf 85' lang='lat' dir='ltr'><strong>Martio</strong></span> <span class='ocrx_word' id='word_1_258' title='bbox 1848 311 2153 384; x_wconf 74' lang='lat' dir='ltr'><strong>suffragium</strong></span> <span class='ocrx_word' id='word_1_259' title='bbox 2174 320 2244 372; x_wconf 85' lang='lat' dir='ltr'><strong>de</strong></span> <span class='ocrx_word' id='word_1_260' title='bbox 2267 337 2327 371; x_wconf 86' lang='lat' dir='ltr'><strong>re</strong></span> 
     </span>
     <span class='ocr_line' id='line_1_49' title="bbox 1372 387 2324 450; baseline -0.001 -11"><span class='ocrx_word' id='word_1_261' title='bbox 1372 389 1537 441; x_wconf 89' lang='lat' dir='ltr'><strong>Clodii</strong></span> <span class='ocrx_word' id='word_1_262' title='bbox 1567 387 1719 450; x_wconf 76' lang='lat' dir='ltr'><strong>ferat,</strong></span> <span class='ocrx_word' id='word_1_263' title='bbox 1747 389 1814 438; x_wconf 88' lang='lat' dir='ltr'><strong>ad</strong></span> <span class='ocrx_word' id='word_1_264' title='bbox 1840 389 1946 438; x_wconf 85' lang='lat' dir='ltr'><strong>Att.</strong></span> <span class='ocrx_word' id='word_1_265' title='bbox 1968 388 1995 437; x_wconf 89' lang='lat'>1</span> <span class='ocrx_word' id='word_1_266' title='bbox 2013 426 2028 447; x_wconf 90' lang='lat'><strong>,</strong></span> <span class='ocrx_word' id='word_1_267' title='bbox 2053 387 2118 439; x_wconf 88' lang='lat'><strong>18</strong></span> <span class='ocrx_word' id='word_1_268' title='bbox 2134 425 2148 448; x_wconf 88' lang='lat'><strong>,</strong></span> <span class='ocrx_word' id='word_1_269' title='bbox 2167 391 2223 442; x_wconf 82' lang='lat'><strong>4.</strong></span> <span class='ocrx_word' id='word_1_270' title='bbox 2252 418 2324 426; x_wconf 91' lang='lat'><strong>-—</strong></span> 
     </span>
     <span class='ocr_line' id='line_1_50' title="bbox 1373 457 2322 520; baseline 0 -12"><span class='ocrx_word' id='word_1_271' title='bbox 1373 458 1538 509; x_wconf 88' lang='lat' dir='ltr'><strong>Scribi</strong></span> <span class='ocrx_word' id='word_1_272' title='bbox 1580 459 1679 508; x_wconf 90' lang='lat' dir='ltr'><strong>sibi</strong></span> <span class='ocrx_word' id='word_1_273' title='bbox 1721 457 1832 507; x_wconf 81' lang='lat' dir='ltr'><strong>vult</strong></span> <span class='ocrx_word' id='word_1_274' title='bbox 1875 457 2082 520; x_wconf 84' lang='lat' dir='ltr'><strong>Cicer0,</strong></span> <span class='ocrx_word' id='word_1_275' title='bbox 2139 467 2322 508; x_wconf 89' lang='lat' dir='ltr'><strong>utrum</strong></span> 
     </span>
     <span class='ocr_line' id='line_1_51' title="bbox 1375 527 2321 578; baseline 0 -2"><span class='ocrx_word' id='word_1_276' title='bbox 1375 527 1557 578; x_wconf 85' lang='lat' dir='ltr'><strong>Caesar</strong></span> <span class='ocrx_word' id='word_1_277' title='bbox 1606 529 1658 576; x_wconf 91' lang='lat' dir='ltr'><strong>in</strong></span> <span class='ocrx_word' id='word_1_278' title='bbox 1699 527 2101 576; x_wconf 83' lang='lat' dir='ltr'><strong>Foenicularium</strong></span> <span class='ocrx_word' id='word_1_279' title='bbox 2149 542 2218 575; x_wconf 81' lang='lat' dir='ltr'><strong>au</strong></span> <span class='ocrx_word' id='word_1_280' title='bbox 2268 530 2321 577; x_wconf 89' lang='lat' dir='ltr'><strong>in</strong></span> 
     </span>
     <span class='ocr_line' id='line_1_52' title="bbox 1372 597 2318 661; baseline -0.002 -15"><span class='ocrx_word' id='word_1_281' title='bbox 1372 597 1606 646; x_wconf 86' lang='lat' dir='ltr'><strong>Martium</strong></span> <span class='ocrx_word' id='word_1_282' title='bbox 1627 611 1862 661; x_wconf 88' lang='lat' dir='ltr'><strong>campum</strong></span> <span class='ocrx_word' id='word_1_283' title='bbox 1884 597 2085 660; x_wconf 82' lang='lat' dir='ltr'><strong>cogitet,</strong></span> <span class='ocrx_word' id='word_1_284' title='bbox 2119 597 2188 646; x_wconf 90' lang='lat' dir='ltr'><strong>ad</strong></span> <span class='ocrx_word' id='word_1_285' title='bbox 2205 597 2318 646; x_wconf 82' lang='lat' dir='ltr'><strong>Att.</strong></span> 
     </span>
     <span class='ocr_line' id='line_1_53' title="bbox 1375 664 2319 731; baseline 0.001 -18"><span class='ocrx_word' id='word_1_286' title='bbox 1375 665 1455 729; x_wconf 90' lang='grc'><strong>12,</strong></span> <span class='ocrx_word' id='word_1_287' title='bbox 1477 665 1528 719; x_wconf 90' lang='grc'><strong>8.</strong></span> <span class='ocrx_word' id='word_1_288' title='bbox 1557 691 1623 701; x_wconf 91' lang='grc'>-</span> <span class='ocrx_word' id='word_1_289' title='bbox 1657 664 1915 714; x_wconf 81' lang='lat' dir='ltr'><strong>Gracchus</strong></span> <span class='ocrx_word' id='word_1_290' title='bbox 1947 679 2140 730; x_wconf 87' lang='lat' dir='ltr'><strong>augur,</strong></span> <span class='ocrx_word' id='word_1_291' title='bbox 2172 675 2319 731; x_wconf 86' lang='lat' dir='ltr'><strong>post-</strong></span> 
     </span>
     <span class='ocr_line' id='line_1_54' title="bbox 1373 733 2316 797; baseline 0.002 -15"><span class='ocrx_word' id='word_1_292' title='bbox 1373 747 1524 797; x_wconf 86' lang='lat' dir='ltr'><strong>quam</strong></span> <span class='ocrx_word' id='word_1_293' title='bbox 1570 734 1622 782; x_wconf 89' lang='lat' dir='ltr'><strong>in</strong></span> <span class='ocrx_word' id='word_1_294' title='bbox 1662 733 1949 783; x_wconf 79' lang='lat' dir='ltr'><strong>Sardiniam</strong></span> <span class='ocrx_word' id='word_1_295' title='bbox 1986 736 2316 797; x_wconf 86' lang='lat' dir='ltr'><strong>provinciam</strong></span> 
     </span>
     <span class='ocr_line' id='line_1_55' title="bbox 1372 802 2318 867; baseline 0.003 -18"><span class='ocrx_word' id='word_1_296' title='bbox 1372 804 1535 867; x_wconf 89' lang='lat' dir='ltr'><strong>venit,</strong></span> <span class='ocrx_word' id='word_1_297' title='bbox 1576 802 1869 852; x_wconf 78' lang='lat' dir='ltr'><strong>recordatus</strong></span> <span class='ocrx_word' id='word_1_298' title='bbox 1925 811 1999 850; x_wconf 88' lang='lat' dir='ltr'><strong>est</strong></span> <span class='ocrx_word' id='word_1_299' title='bbox 2047 804 2174 864; x_wconf 90' lang='lat' dir='ltr'><strong>quid</strong></span> <span class='ocrx_word' id='word_1_300' title='bbox 2214 805 2318 853; x_wconf 89' lang='lat' dir='ltr'><strong>sibi</strong></span> 
     </span>
     <span class='ocr_line' id='line_1_56' title="bbox 1372 871 2317 936; baseline 0.002 -16"><span class='ocrx_word' id='word_1_301' title='bbox 1372 873 1422 920; x_wconf 86' lang='lat' dir='ltr'><strong>iu</strong></span> <span class='ocrx_word' id='word_1_302' title='bbox 1455 886 1636 936; x_wconf 87' lang='lat' dir='ltr'><strong>campo</strong></span> <span class='ocrx_word' id='word_1_303' title='bbox 1663 871 1843 920; x_wconf 85' lang='lat' dir='ltr'><strong>Martio</strong></span> <span class='ocrx_word' id='word_1_304' title='bbox 1884 873 2090 920; x_wconf 88' lang='lat' dir='ltr'><strong>comitia</strong></span> <span class='ocrx_word' id='word_1_305' title='bbox 2126 887 2317 922; x_wconf 89' lang='lat' dir='ltr'><strong>consu-</strong></span> 
     </span>
     <span class='ocr_line' id='line_1_57' title="bbox 1371 940 2314 1005; baseline 0.003 -18"><span class='ocrx_word' id='word_1_306' title='bbox 1371 940 1474 990; x_wconf 89' lang='lat' dir='ltr'><strong>lum</strong></span> <span class='ocrx_word' id='word_1_307' title='bbox 1499 941 1706 990; x_wconf 86' lang='lat' dir='ltr'><strong>habenti</strong></span> <span class='ocrx_word' id='word_1_308' title='bbox 1725 947 1899 991; x_wconf 87' lang='lat' dir='ltr'><strong>contra</strong></span> <span class='ocrx_word' id='word_1_309' title='bbox 1926 941 2161 1005; x_wconf 86' lang='lat' dir='ltr'><strong>auspicia</strong></span> <span class='ocrx_word' id='word_1_310' title='bbox 2179 942 2314 992; x_wconf 87' lang='lat' dir='ltr'><strong>acci-</strong></span> 
     </span>
     <span class='ocr_line' id='line_1_58' title="bbox 1372 1009 2316 1072; baseline 0 -14"><span class='ocrx_word' id='word_1_311' title='bbox 1372 1009 1548 1071; x_wconf 86' lang='lat' dir='ltr'><strong>disset,</strong></span> <span class='ocrx_word' id='word_1_312' title='bbox 1570 1009 1634 1058; x_wconf 83' lang='lat' dir='ltr'><strong>ad</strong></span> <span class='ocrx_word' id='word_1_313' title='bbox 1647 1009 1707 1068; x_wconf 84' lang='lat' dir='ltr'><strong>Q.</strong></span> <span class='ocrx_word' id='word_1_314' title='bbox 1731 1009 1792 1058; x_wconf 78' lang='lat' dir='ltr'><strong>fr.</strong></span> <span class='ocrx_word' id='word_1_315' title='bbox 1807 1010 1857 1072; x_wconf 84' lang='lat'><strong>2,</strong></span> <span class='ocrx_word' id='word_1_316' title='bbox 1879 1009 1930 1070; x_wconf 84' lang='lat'><strong>2,</strong></span> <span class='ocrx_word' id='word_1_317' title='bbox 1954 1009 2002 1059; x_wconf 93' lang='lat'><strong>1.</strong></span> <span class='ocrx_word' id='word_1_318' title='bbox 2026 1035 2098 1047; x_wconf 88' lang='lat'>—</span> <span class='ocrx_word' id='word_1_319' title='bbox 2115 1012 2174 1063; x_wconf 89' lang='lat' dir='ltr'><strong>P.</strong></span> <span class='ocrx_word' id='word_1_320' title='bbox 2195 1010 2316 1061; x_wconf 91' lang='lat' dir='ltr'><strong>Clo-</strong></span> 
     </span>
     <span class='ocr_line' id='line_1_59' title="bbox 1372 1077 2313 1142; baseline 0.001 -14"><span class='ocrx_word' id='word_1_321' title='bbox 1372 1078 1444 1128; x_wconf 90' lang='lat' dir='ltr'><strong>dii</strong></span> <span class='ocrx_word' id='word_1_322' title='bbox 1482 1079 1544 1128; x_wconf 88' lang='lat' dir='ltr'><strong>de</strong></span> <span class='ocrx_word' id='word_1_323' title='bbox 1585 1077 1823 1128; x_wconf 88' lang='lat' dir='ltr'><strong>Cicerone</strong></span> <span class='ocrx_word' id='word_1_324' title='bbox 1859 1077 1920 1127; x_wconf 88' lang='lat' dir='ltr'><strong>ad</strong></span> <span class='ocrx_word' id='word_1_325' title='bbox 1970 1080 2220 1142; x_wconf 90' lang='lat' dir='ltr'><strong>populum</strong></span> <span class='ocrx_word' id='word_1_326' title='bbox 2259 1081 2313 1129; x_wconf 90' lang='lat' dir='ltr'><strong>in</strong></span> 
     </span>
     <span class='ocr_line' id='line_1_60' title="bbox 1370 1146 2310 1212; baseline -0.001 -16"><span class='ocrx_word' id='word_1_327' title='bbox 1370 1162 1551 1212; x_wconf 85' lang='lat' dir='ltr'><strong>campo</strong></span> <span class='ocrx_word' id='word_1_328' title='bbox 1583 1147 1760 1197; x_wconf 86' lang='lat' dir='ltr'><strong>Martio</strong></span> <span class='ocrx_word' id='word_1_329' title='bbox 1793 1147 1985 1208; x_wconf 85' lang='lat' dir='ltr'><strong>contio,</strong></span> <span class='ocrx_word' id='word_1_330' title='bbox 2015 1163 2106 1212; x_wconf 86' lang='lat' dir='ltr'><strong>pro</strong></span> <span class='ocrx_word' id='word_1_331' title='bbox 2139 1146 2310 1199; x_wconf 83' lang='lat' dir='ltr'><strong>Sestio</strong></span> 
     </span>
     <span class='ocr_line' id='line_1_61' title="bbox 1367 1215 2314 1280; baseline -0.001 -14"><span class='ocrx_word' id='word_1_332' title='bbox 1367 1217 1453 1280; x_wconf 83' lang='lat'><strong>50,</strong></span> <span class='ocrx_word' id='word_1_333' title='bbox 1491 1215 1604 1268; x_wconf 85' lang='grc'><strong>108.</strong></span> <span class='ocrx_word' id='word_1_334' title='bbox 1647 1244 1714 1254; x_wconf 94' lang='lat'><strong>—-</strong></span> <span class='ocrx_word' id='word_1_335' title='bbox 1752 1219 1810 1265; x_wconf 87' lang='lat' dir='ltr'><strong>In</strong></span> <span class='ocrx_word' id='word_1_336' title='bbox 1845 1231 1959 1264; x_wconf 88' lang='lat' dir='ltr'><strong>eum</strong></span> <span class='ocrx_word' id='word_1_337' title='bbox 2002 1217 2147 1266; x_wconf 88' lang='lat' dir='ltr'><strong>multi</strong></span> <span class='ocrx_word' id='word_1_338' title='bbox 2183 1217 2314 1268; x_wconf 86' lang='lat' dir='ltr'><strong>hora</strong></span> 
     </span>
     <span class='ocr_line' id='line_1_62' title="bbox 1367 1285 2310 1349; baseline 0.003 -16"><span class='ocrx_word' id='word_1_339' title='bbox 1367 1287 1514 1335; x_wconf 84' lang='lat' dir='ltr'><strong>tertia</strong></span> <span class='ocrx_word' id='word_1_340' title='bbox 1574 1286 1776 1335; x_wconf 87' lang='lat' dir='ltr'><strong>obviam</strong></span> <span class='ocrx_word' id='word_1_341' title='bbox 1833 1287 2018 1333; x_wconf 89' lang='lat' dir='ltr'><strong>ierunt·</strong></span> <span class='ocrx_word' id='word_1_342' title='bbox 2045 1285 2310 1349; x_wconf 89' lang='lat' dir='ltr'><strong>Murenae,</strong></span> 
     </span>
     <span class='ocr_line' id='line_1_63' title="bbox 1368 1352 2311 1420; baseline 0.004 -18"><span class='ocrx_word' id='word_1_343' title='bbox 1368 1370 1460 1418; x_wconf 83' lang='lat' dir='ltr'><strong>pro</strong></span> <span class='ocrx_word' id='word_1_344' title='bbox 1487 1354 1692 1404; x_wconf 87' lang='lat' dir='ltr'><strong>Murena</strong></span> <span class='ocrx_word' id='word_1_345' title='bbox 1707 1352 1774 1405; x_wconf 87' lang='lat'><strong>33</strong></span> <span class='ocrx_word' id='word_1_346' title='bbox 1789 1391 1804 1414; x_wconf 93' lang='lat'>‚</span> <span class='ocrx_word' id='word_1_347' title='bbox 1823 1354 1908 1406; x_wconf 87' lang='grc'><strong>69.</strong></span> <span class='ocrx_word' id='word_1_348' title='bbox 1933 1381 2002 1392; x_wconf 87' lang='lat'><strong>—-</strong></span> <span class='ocrx_word' id='word_1_349' title='bbox 2019 1353 2094 1404; x_wconf 90' lang='lat' dir='ltr'><strong>De</strong></span> <span class='ocrx_word' id='word_1_350' title='bbox 2114 1358 2311 1420; x_wconf 85' lang='lat' dir='ltr'><strong>saeptis</strong></span> 
     </span>
     <span class='ocr_line' id='line_1_64' title="bbox 1371 1423 2316 1488; baseline 0 -17"><span class='ocrx_word' id='word_1_351' title='bbox 1371 1426 1421 1472; x_wconf 91' lang='lat' dir='ltr'><strong>in</strong></span> <span class='ocrx_word' id='word_1_352' title='bbox 1447 1423 1637 1488; x_wconf 85' lang='lat' dir='ltr'><strong>Campo</strong></span> <span class='ocrx_word' id='word_1_353' title='bbox 1660 1423 1842 1474; x_wconf 83' lang='lat' dir='ltr'><strong>Martio</strong></span> <span class='ocrx_word' id='word_1_354' title='bbox 1864 1423 2066 1473; x_wconf 87' lang='lat' dir='ltr'><strong>tributis</strong></span> <span class='ocrx_word' id='word_1_355' title='bbox 2087 1426 2316 1474; x_wconf 84' lang='lat' dir='ltr'><strong>comitiis</strong></span> 
     </span>
     <span class='ocr_line' id='line_1_65' title="bbox 1366 1492 2308 1543; baseline -0.001 -1"><span class='ocrx_word' id='word_1_356' title='bbox 1366 1495 1632 1542; x_wconf 81' lang='lat' dir='ltr'><strong>marmoris</strong></span> <span class='ocrx_word' id='word_1_357' title='bbox 1651 1501 1700 1542; x_wconf 87' lang='lat' dir='ltr'><strong>et</strong></span> <span class='ocrx_word' id='word_1_358' title='bbox 1731 1493 1874 1542; x_wconf 84' lang='lat' dir='ltr'><strong>tectis</strong></span> <span class='ocrx_word' id='word_1_359' title='bbox 1907 1492 2162 1543; x_wconf 82' lang='lat' dir='ltr'><strong>faciundis</strong></span> <span class='ocrx_word' id='word_1_360' title='bbox 2179 1509 2224 1543; x_wconf 83' lang='lat' dir='ltr'><strong>a.</strong></span> <span class='ocrx_word' id='word_1_361' title='bbox 2254 1510 2308 1542; x_wconf 86' lang='lat' dir='ltr'><strong>u.</strong></span> 
     </span>
     <span class='ocr_line' id='line_1_66' title="bbox 1369 1560 2311 1626; baseline 0.001 -15"><span class='ocrx_word' id='word_1_362' title='bbox 1369 1578 1412 1611; x_wconf 94' lang='lat' dir='ltr'><strong>c.</strong></span> <span class='ocrx_word' id='word_1_363' title='bbox 1450 1562 1602 1622; x_wconf 90' lang='grc'><strong>700.,</strong></span> <span class='ocrx_word' id='word_1_364' title='bbox 1641 1563 1706 1614; x_wconf 87' lang='lat' dir='ltr'><strong>ad</strong></span> <span class='ocrx_word' id='word_1_365' title='bbox 1747 1563 1928 1620; x_wconf 81' lang='lat' dir='ltr'><strong>Att.4,</strong></span> <span class='ocrx_word' id='word_1_366' title='bbox 1979 1560 2071 1626; x_wconf 89' lang='lat'><strong>16,</strong></span> <span class='ocrx_word' id='word_1_367' title='bbox 2113 1563 2199 1614; x_wconf 83' lang='lat'><strong>14.</strong></span> <span class='ocrx_word' id='word_1_368' title='bbox 2239 1589 2311 1601; x_wconf 88' lang='lat'><strong>—</strong></span> 
     </span>
     <span class='ocr_line' id='line_1_67' title="bbox 1368 1630 2311 1696; baseline 0 -16"><span class='ocrx_word' id='word_1_369' title='bbox 1368 1631 1601 1680; x_wconf 87' lang='lat' dir='ltr'><strong>Martium</strong></span> <span class='ocrx_word' id='word_1_370' title='bbox 1622 1646 1858 1696; x_wconf 85' lang='lat' dir='ltr'><strong>campum</strong></span> <span class='ocrx_word' id='word_1_371' title='bbox 1873 1630 2204 1680; x_wconf 82' lang='lat' dir='ltr'><strong>coaedificare</strong></span> <span class='ocrx_word' id='word_1_372' title='bbox 2225 1646 2311 1680; x_wconf 90' lang='lat' dir='ltr'><strong>co-</strong></span> 
     </span>
     <span class='ocr_line' id='line_1_68' title="bbox 1367 1699 2310 1764; baseline 0 -14"><span class='ocrx_word' id='word_1_373' title='bbox 1367 1701 1561 1764; x_wconf 85' lang='lat' dir='ltr'><strong>gitabat</strong></span> <span class='ocrx_word' id='word_1_374' title='bbox 1591 1699 1778 1751; x_wconf 87' lang='lat' dir='ltr'><strong>Caesar</strong></span> <span class='ocrx_word' id='word_1_375' title='bbox 1812 1715 1858 1752; x_wconf 87' lang='lat' dir='ltr'><strong>a.</strong></span> <span class='ocrx_word' id='word_1_376' title='bbox 1884 1715 1937 1750; x_wconf 86' lang='lat' dir='ltr'><strong>u.</strong></span> <span class='ocrx_word' id='word_1_377' title='bbox 1971 1715 2017 1749; x_wconf 89' lang='lat' dir='ltr'><strong>c.</strong></span> <span class='ocrx_word' id='word_1_378' title='bbox 2053 1699 2176 1752; x_wconf 83' lang='lat'><strong>709.</strong></span> <span class='ocrx_word' id='word_1_379' title='bbox 2196 1737 2209 1759; x_wconf 95' lang='lat'><strong>,</strong></span> <span class='ocrx_word' id='word_1_380' title='bbox 2241 1701 2310 1750; x_wconf 86' lang='lat' dir='ltr'><strong>ad</strong></span> 
     </span>
     <span class='ocr_line' id='line_1_69' title="bbox 1366 1768 2307 1834; baseline 0 -16"><span class='ocrx_word' id='word_1_381' title='bbox 1366 1772 1469 1818; x_wconf 90' lang='lat' dir='ltr'><strong>Att.</strong></span> <span class='ocrx_word' id='word_1_382' title='bbox 1495 1768 1573 1834; x_wconf 87' lang='lat'><strong>13,</strong></span> <span class='ocrx_word' id='word_1_383' title='bbox 1592 1769 1675 1827; x_wconf 86' lang='lat'><strong>33,</strong></span> <span class='ocrx_word' id='word_1_384' title='bbox 1698 1771 1749 1819; x_wconf 90' lang='grc'><strong>4.</strong></span> <span class='ocrx_word' id='word_1_385' title='bbox 1771 1795 1839 1804; x_wconf 83' lang='grc'>-</span> <span class='ocrx_word' id='word_1_386' title='bbox 1858 1769 1930 1817; x_wconf 86' lang='lat' dir='ltr'><strong>De</strong></span> <span class='ocrx_word' id='word_1_387' title='bbox 1950 1784 2011 1819; x_wconf 87' lang='lat' dir='ltr'><strong>eo</strong></span> <span class='ocrx_word' id='word_1_388' title='bbox 2032 1769 2307 1820; x_wconf 87' lang='lat' dir='ltr'><strong>dividendo</strong></span> 
     </span>
     <span class='ocr_line' id='line_1_70' title="bbox 1367 1837 2304 1904; baseline 0.001 -18"><span class='ocrx_word' id='word_1_389' title='bbox 1367 1839 1621 1904; x_wconf 80' lang='lat' dir='ltr'><strong>cogitasse</strong></span> <span class='ocrx_word' id='word_1_390' title='bbox 1649 1837 1703 1888; x_wconf 89' lang='lat' dir='ltr'><strong>L.</strong></span> <span class='ocrx_word' id='word_1_391' title='bbox 1744 1839 2046 1900; x_wconf 85' lang='lat' dir='ltr'><strong>Antonium,</strong></span> <span class='ocrx_word' id='word_1_392' title='bbox 2075 1837 2304 1904; x_wconf 85' lang='lat' dir='ltr'><strong>Philipp.</strong></span> 
     </span>
     <span class='ocr_line' id='line_1_71' title="bbox 1365 1907 1594 1969; baseline -0.009 -10"><span class='ocrx_word' id='word_1_393' title='bbox 1365 1907 1417 1967; x_wconf 88' lang='lat'><strong>6,</strong></span> <span class='ocrx_word' id='word_1_394' title='bbox 1438 1907 1486 1969; x_wconf 84' lang='lat'><strong>5,</strong></span> <span class='ocrx_word' id='word_1_395' title='bbox 1512 1907 1594 1963; x_wconf 83' lang='lat'><strong>14.</strong></span> 
     </span>
    </p>
   </div>
   <div class='ocr_carea' id='block_1_9' title="bbox 1299 1990 2362 2181">
    <p class='ocr_par' dir='ltr' id='par_1_12' title="bbox 1299 1990 2362 2181">
     <span class='ocr_line' id='line_1_72' title="bbox 1299 1990 2302 2059; baseline -0.002 -15"><span class='ocrx_word' id='word_1_396' title='bbox 1299 1991 1363 2044; x_wconf 82' lang='lat' dir='ltr'><strong>C.</strong></span> <span class='ocrx_word' id='word_1_397' title='bbox 1383 1991 1660 2045; x_wconf 80' lang='lat' dir='ltr'><strong>Marullus</strong></span> <span class='ocrx_word' id='word_1_398' title='bbox 1681 1990 1930 2059; x_wconf 86' lang='lat' dir='ltr'><strong>Epidius,</strong></span> <span class='ocrx_word' id='word_1_399' title='bbox 1970 1995 2206 2045; x_wconf 83' lang='lat' dir='ltr'><strong>tribunus</strong></span> <span class='ocrx_word' id='word_1_400' title='bbox 2231 1995 2302 2059; x_wconf 90' lang='lat' dir='ltr'><strong>pl.</strong></span> 
     </span>
     <span class='ocr_line' id='line_1_73' title="bbox 1369 2062 2362 2121; baseline 0.001 -11"><span class='ocrx_word' id='word_1_401' title='bbox 1369 2078 1418 2111; x_wconf 90' lang='lat' dir='ltr'><strong>a.</strong></span> <span class='ocrx_word' id='word_1_402' title='bbox 1442 2078 1493 2112; x_wconf 89' lang='lat' dir='ltr'><strong>u.</strong></span> <span class='ocrx_word' id='word_1_403' title='bbox 1527 2077 1570 2109; x_wconf 86' lang='lat' dir='ltr'><strong>c.</strong></span> <span class='ocrx_word' id='word_1_404' title='bbox 1594 2062 1713 2115; x_wconf 89' lang='grc'><strong>710.</strong></span> <span class='ocrx_word' id='word_1_405' title='bbox 1783 2062 1912 2111; x_wconf 87' lang='lat' dir='ltr'><strong>Eum</strong></span> <span class='ocrx_word' id='word_1_406' title='bbox 1939 2062 2125 2112; x_wconf 82' lang='lat' dir='ltr'><strong>Caesar</strong></span> <span class='ocrx_word' id='word_1_407' title='bbox 2143 2063 2304 2113; x_wconf 85' lang='lat' dir='ltr'><strong>dicta·</strong></span> <span class='ocrx_word' id='word_1_408' title='bbox 2336 2091 2362 2121; x_wconf 62' lang='lat'>0</span> 
     </span>
     <span class='ocr_line' id='line_1_74' title="bbox 1366 2130 2303 2181; baseline 0 -2"><span class='ocrx_word' id='word_1_409' title='bbox 1366 2140 1447 2179; x_wconf 84' lang='lat' dir='ltr'><strong>tor</strong></span> <span class='ocrx_word' id='word_1_410' title='bbox 1465 2131 1529 2179; x_wconf 91' lang='lat' dir='ltr'><strong>ob</strong></span> <span class='ocrx_word' id='word_1_411' title='bbox 1551 2130 1827 2180; x_wconf 83' lang='lat' dir='ltr'><strong>detractam</strong></span> <span class='ocrx_word' id='word_1_412' title='bbox 1852 2130 2082 2181; x_wconf 86' lang='lat' dir='ltr'><strong>Caesaris</strong></span> <span class='ocrx_word' id='word_1_413' title='bbox 2103 2139 2303 2181; x_wconf 83' lang='lat' dir='ltr'><strong>statuae</strong></span> 
     </span>
    </p>
   </div>
   <div class='ocr_carea' id='block_1_10' title="bbox 1367 2200 2298 2329">
    <p class='ocr_par' dir='ltr' id='par_1_13' title="bbox 1367 2200 2298 2329">
     <span class='ocr_line' id='line_1_75' title="bbox 1367 2200 2298 2265; baseline -0.002 -16"><span class='ocrx_word' id='word_1_414' title='bbox 1367 2200 1581 2249; x_wconf 77' lang='lat' dir='ltr'><strong>fasciam</strong></span> <span class='ocrx_word' id='word_1_415' title='bbox 1605 2200 1858 2249; x_wconf 86' lang='lat' dir='ltr'><strong>tribunatu</strong></span> <span class='ocrx_word' id='word_1_416' title='bbox 1881 2204 2053 2265; x_wconf 84' lang='lat' dir='ltr'><strong>movit,</strong></span> <span class='ocrx_word' id='word_1_417' title='bbox 2080 2200 2298 2265; x_wconf 85' lang='lat' dir='ltr'><strong>Philipp.</strong></span> 
     </span>
     <span class='ocr_line' id='line_1_76' title="bbox 1369 2268 1666 2329; baseline 0.013 -12"><span class='ocrx_word' id='word_1_418' title='bbox 1369 2268 1450 2326; x_wconf 84' lang='lat'><strong>13,</strong></span> <span class='ocrx_word' id='word_1_419' title='bbox 1479 2268 1557 2329; x_wconf 82' lang='lat'><strong>15,</strong></span> <span class='ocrx_word' id='word_1_420' title='bbox 1580 2268 1666 2321; x_wconf 89' lang='grc'><strong>31.</strong></span> 
     </span>
    </p>
   </div>
   <div class='ocr_carea' id='block_1_11' title="bbox 1293 2349 2304 2971">
    <p class='ocr_par' dir='ltr' id='par_1_14' title="bbox 1295 2349 2304 2831">
     <span class='ocr_line' id='line_1_77' title="bbox 1295 2349 2300 2417; baseline -0.001 -13"><span class='ocrx_word' id='word_1_421' title='bbox 1295 2349 1619 2417; x_wconf 79' lang='lat' dir='ltr'><strong>Masinissa,</strong></span> <span class='ocrx_word' id='word_1_422' title='bbox 1655 2369 1742 2404; x_wconf 86' lang='lat' dir='ltr'><strong>rex</strong></span> <span class='ocrx_word' id='word_1_423' title='bbox 1764 2354 2114 2405; x_wconf 84' lang='lat' dir='ltr'><strong>Numidarum.</strong></span> <span class='ocrx_word' id='word_1_424' title='bbox 2173 2356 2300 2405; x_wconf 85' lang='lat' dir='ltr'><strong>Eius</strong></span> 
     </span>
     <span class='ocr_line' id='line_1_78' title="bbox 1364 2422 2304 2489; baseline 0.003 -19"><span class='ocrx_word' id='word_1_425' title='bbox 1364 2422 1561 2484; x_wconf 84' lang='lat' dir='ltr'><strong>laudes,</strong></span> <span class='ocrx_word' id='word_1_426' title='bbox 1602 2423 1665 2473; x_wconf 90' lang='lat' dir='ltr'><strong>de</strong></span> <span class='ocrx_word' id='word_1_427' title='bbox 1686 2438 1724 2471; x_wconf 89' lang='lat' dir='ltr'><strong>r.</strong></span> <span class='ocrx_word' id='word_1_428' title='bbox 1748 2438 1801 2489; x_wconf 87' lang='lat' dir='ltr'><strong>p.</strong></span> <span class='ocrx_word' id='word_1_429' title='bbox 1825 2422 1875 2484; x_wconf 87' lang='grc'><strong>6,</strong></span> <span class='ocrx_word' id='word_1_430' title='bbox 1901 2422 1950 2488; x_wconf 91' lang='grc'><strong>9,</strong></span> <span class='ocrx_word' id='word_1_431' title='bbox 1973 2423 2024 2474; x_wconf 88' lang='grc'><strong>9.</strong></span> <span class='ocrx_word' id='word_1_432' title='bbox 2047 2450 2114 2461; x_wconf 90' lang='grc'><strong>--</strong></span> <span class='ocrx_word' id='word_1_433' title='bbox 2134 2424 2206 2474; x_wconf 88' lang='lat' dir='ltr'><strong>De</strong></span> <span class='ocrx_word' id='word_1_434' title='bbox 2229 2426 2304 2473; x_wconf 80' lang='lat' dir='ltr'><strong>vi·</strong></span> 
     </span>
     <span class='ocr_line' id='line_1_79' title="bbox 1363 2491 2298 2553; baseline 0.005 -14"><span class='ocrx_word' id='word_1_435' title='bbox 1363 2491 1584 2541; x_wconf 86' lang='lat' dir='ltr'><strong>ridieius</strong></span> <span class='ocrx_word' id='word_1_436' title='bbox 1602 2500 1876 2553; x_wconf 87' lang='lat' dir='ltr'><strong>senectute,</strong></span> <span class='ocrx_word' id='word_1_437' title='bbox 1893 2492 1956 2541; x_wconf 88' lang='lat' dir='ltr'><strong>de</strong></span> <span class='ocrx_word' id='word_1_438' title='bbox 1977 2508 2082 2542; x_wconf 84' lang='lat' dir='ltr'><strong>sen.</strong></span> <span class='ocrx_word' id='word_1_439' title='bbox 2108 2492 2190 2553; x_wconf 89' lang='grc'><strong>10,</strong></span> <span class='ocrx_word' id='word_1_440' title='bbox 2212 2493 2298 2544; x_wconf 72' lang='lat'><strong>34.</strong></span> 
     </span>
     <span class='ocr_line' id='line_1_80' title="bbox 1367 2559 2304 2627; baseline 0.001 -19"><span class='ocrx_word' id='word_1_441' title='bbox 1367 2586 1424 2595; x_wconf 92' lang='lat'>—</span> <span class='ocrx_word' id='word_1_442' title='bbox 1456 2559 1528 2609; x_wconf 92' lang='lat' dir='ltr'><strong>De</strong></span> <span class='ocrx_word' id='word_1_443' title='bbox 1551 2562 1659 2610; x_wconf 85' lang='lat' dir='ltr'><strong>eius</strong></span> <span class='ocrx_word' id='word_1_444' title='bbox 1681 2561 1925 2627; x_wconf 84' lang='lat' dir='ltr'><strong>religione</strong></span> <span class='ocrx_word' id='word_1_445' title='bbox 1956 2563 2004 2610; x_wconf 88' lang='lat' dir='ltr'><strong>iu</strong></span> <span class='ocrx_word' id='word_1_446' title='bbox 2037 2564 2304 2611; x_wconf 87' lang='lat' dir='ltr'><strong>restituen-</strong></span> 
     </span>
     <span class='ocr_line' id='line_1_81' title="bbox 1364 2628 2302 2695; baseline 0 -18"><span class='ocrx_word' id='word_1_447' title='bbox 1364 2630 1444 2677; x_wconf 87' lang='lat' dir='ltr'><strong>dis</strong></span> <span class='ocrx_word' id='word_1_448' title='bbox 1480 2628 1631 2679; x_wconf 85' lang='lat' dir='ltr'><strong>rebus</strong></span> <span class='ocrx_word' id='word_1_449' title='bbox 1676 2631 1833 2680; x_wconf 85' lang='lat' dir='ltr'><strong>sacris</strong></span> <span class='ocrx_word' id='word_1_450' title='bbox 1873 2646 1968 2695; x_wconf 91' lang='lat' dir='ltr'><strong>per</strong></span> <span class='ocrx_word' id='word_1_451' title='bbox 2007 2631 2302 2695; x_wconf 87' lang='lat' dir='ltr'><strong>impruden-</strong></span> 
     </span>
     <span class='ocr_line' id='line_1_82' title="bbox 1364 2697 2299 2762; baseline 0.004 -17"><span class='ocrx_word' id='word_1_452' title='bbox 1364 2698 1482 2748; x_wconf 86' lang='lat' dir='ltr'><strong>tiam</strong></span> <span class='ocrx_word' id='word_1_453' title='bbox 1523 2697 1703 2748; x_wconf 86' lang='lat' dir='ltr'><strong>ablatis</strong></span> <span class='ocrx_word' id='word_1_454' title='bbox 1719 2736 1732 2757; x_wconf 92' lang='lat'>‚</span> <span class='ocrx_word' id='word_1_455' title='bbox 1791 2700 1934 2749; x_wconf 87' lang='lat' dir='ltr'><strong>Verr.</strong></span> <span class='ocrx_word' id='word_1_456' title='bbox 1981 2709 2202 2748; x_wconf 86' lang='lat' dir='ltr'><strong>accusat.</strong></span> <span class='ocrx_word' id='word_1_457' title='bbox 2245 2704 2299 2762; x_wconf 87' lang='lat'><strong>4,</strong></span> 
     </span>
     <span class='ocr_line' id='line_1_83' title="bbox 1361 2766 1587 2831; baseline -0.009 -14"><span class='ocrx_word' id='word_1_458' title='bbox 1361 2766 1449 2831; x_wconf 88' lang='lat'><strong>46,</strong></span> <span class='ocrx_word' id='word_1_459' title='bbox 1472 2766 1587 2818; x_wconf 90' lang='grc'><strong>103.</strong></span> 
     </span>
    </p>

    <p class='ocr_par' dir='ltr' id='par_1_15' title="bbox 1293 2833 2298 2971">
     <span class='ocr_line' id='line_1_84' title="bbox 1293 2833 2298 2903; baseline -0.002 -18"><span class='ocrx_word' id='word_1_460' title='bbox 1293 2833 1456 2885; x_wconf 86' lang='lat' dir='ltr'><strong>Maso</strong></span> <span class='ocrx_word' id='word_1_461' title='bbox 1497 2849 1776 2899; x_wconf 79' lang='lat' dir='ltr'><strong>cognomen</strong></span> <span class='ocrx_word' id='word_1_462' title='bbox 1813 2838 1979 2903; x_wconf 85' lang='lat' dir='ltr'><strong>gentis</strong></span> <span class='ocrx_word' id='word_1_463' title='bbox 2015 2834 2298 2903; x_wconf 80' lang='lat' dir='ltr'><strong>Papiriae.</strong></span> 
     </span>
     <span class='ocr_line' id='line_1_85' title="bbox 1363 2900 2296 2971; baseline -0.001 -19"><span class='ocrx_word' id='word_1_464' title='bbox 1363 2906 1426 2957; x_wconf 88' lang='lat' dir='ltr'><strong>V.</strong></span> <span class='ocrx_word' id='word_1_465' title='bbox 1439 2900 1721 2969; x_wconf 83' lang='lat' dir='ltr'><strong>Papirios.</strong></span> <span class='ocrx_word' id='word_1_466' title='bbox 1747 2905 1806 2954; x_wconf 90' lang='lat' dir='ltr'><strong>cl.</strong></span> <span class='ocrx_word' id='word_1_467' title='bbox 1827 2920 1920 2971; x_wconf 88' lang='lat' dir='ltr'><strong>pro</strong></span> <span class='ocrx_word' id='word_1_468' title='bbox 1941 2905 2099 2955; x_wconf 86' lang='lat' dir='ltr'><strong>Balbo</strong></span> <span class='ocrx_word' id='word_1_469' title='bbox 2111 2905 2197 2964; x_wconf 87' lang='lat'><strong>23,</strong></span> <span class='ocrx_word' id='word_1_470' title='bbox 2211 2904 2296 2956; x_wconf 83' lang='lat'><strong>53.</strong></span> 
     </span>
    </p>
   </div>
   <div class='ocr_carea' id='block_1_12' title="bbox 1291 2987 2298 3127">
    <p class='ocr_par' dir='ltr' id='par_1_16' title="bbox 1291 2987 2298 3127">
     <span class='ocr_line' id='line_1_86' title="bbox 1291 2987 2298 3057; baseline 0 -16"><span class='ocrx_word' id='word_1_471' title='bbox 1291 2987 1570 3041; x_wconf 83' lang='lat' dir='ltr'><strong>Massicus</strong></span> <span class='ocrx_word' id='word_1_472' title='bbox 1609 3005 1753 3041; x_wconf 89' lang='lat' dir='ltr'><strong>mons</strong></span> <span class='ocrx_word' id='word_1_473' title='bbox 1798 2990 2135 3057; x_wconf 85' lang='lat' dir='ltr'><strong>Campaniae,</strong></span> <span class='ocrx_word' id='word_1_474' title='bbox 2181 2992 2298 3041; x_wconf 85' lang='lat' dir='ltr'><strong>vino</strong></span> 
     </span>
     <span class='ocr_line' id='line_1_87' title="bbox 1363 3058 2226 3127; baseline 0.001 -19"><span class='ocrx_word' id='word_1_475' title='bbox 1363 3059 1564 3120; x_wconf 90' lang='lat' dir='ltr'><strong>nobilis,</strong></span> <span class='ocrx_word' id='word_1_476' title='bbox 1603 3060 1666 3109; x_wconf 85' lang='lat' dir='ltr'><strong>de</strong></span> <span class='ocrx_word' id='word_1_477' title='bbox 1688 3058 1802 3125; x_wconf 83' lang='lat' dir='ltr'><strong>lege</strong></span> <span class='ocrx_word' id='word_1_478' title='bbox 1827 3076 1936 3127; x_wconf 80' lang='lat' dir='ltr'><strong>agr.</strong></span> <span class='ocrx_word' id='word_1_479' title='bbox 1960 3062 2011 3121; x_wconf 88' lang='lat'><strong>2,</strong></span> <span class='ocrx_word' id='word_1_480' title='bbox 2033 3060 2116 3123; x_wconf 84' lang='lat'><strong>25,</strong></span> <span class='ocrx_word' id='word_1_481' title='bbox 2139 3060 2226 3112; x_wconf 87' lang='grc'><strong>66.</strong></span> 
     </span>
    </p>
   </div>
   <div class='ocr_carea' id='block_1_13' title="bbox 1291 3141 2302 3487">
    <p class='ocr_par' dir='ltr' id='par_1_17' title="bbox 1291 3141 2302 3487">
     <span class='ocr_line' id='line_1_88' title="bbox 1291 3141 2300 3229; baseline 0.001 -34"><span class='ocrx_word' id='word_1_482' title='bbox 1291 3141 1580 3227; x_wconf 66' lang='lat' dir='ltr'><strong>Massilia,</strong></span> <span class='ocrx_word' id='word_1_483' title='bbox 1603 3145 1804 3229; x_wconf 77' lang='lat' dir='ltr'><strong>colonia</strong></span> <span class='ocrx_word' id='word_1_484' title='bbox 1824 3145 2156 3228; x_wconf 67' lang='lat' dir='ltr'><strong>Graecorum,</strong></span> <span class='ocrx_word' id='word_1_485' title='bbox 2179 3146 2300 3196; x_wconf 87' lang='lat' dir='ltr'><strong>urbs</strong></span> 
     </span>
     <span class='ocr_line' id='line_1_89' title="bbox 1359 3213 2300 3335; baseline -0.01 -3"><span class='ocrx_word' id='word_1_486' title='bbox 1359 3217 1459 3332; x_wconf 63' lang='grc' dir='ltr'><strong>’3ξέ</strong></span> <span class='ocrx_word' id='word_1_487' title='bbox 1466 3213 2191 3335; x_wconf 53' lang='grc' dir='ltr'><strong>ἒὶὶὶᾆὲἒῗιῗέἷ’“ὲῖἷέ”ἶῗ.ῗῖἶίἴίε</strong></span> <span class='ocrx_word' id='word_1_488' title='bbox 2205 3215 2300 3333; x_wconf 64' lang='grc' dir='ltr'><strong>ῗιῖἶ</strong></span> 
     </span>
     <span class='ocr_line' id='line_1_90' title="bbox 1361 3352 2302 3419; baseline 0 -18"><span class='ocrx_word' id='word_1_489' title='bbox 1361 3352 1629 3416; x_wconf 88' lang='lat' dir='ltr'><strong>sciplinam</strong></span> <span class='ocrx_word' id='word_1_490' title='bbox 1651 3362 1799 3414; x_wconf 80' lang='lat' dir='ltr'><strong>atque</strong></span> <span class='ocrx_word' id='word_1_491' title='bbox 1814 3356 2110 3419; x_wconf 80' lang='lat' dir='ltr'><strong>gravitatem</strong></span> <span class='ocrx_word' id='word_1_492' title='bbox 2124 3354 2302 3403; x_wconf 87' lang='lat' dir='ltr'><strong>laudat</strong></span> 
     </span>
     <span class='ocr_line' id='line_1_91' title="bbox 1363 3422 2302 3487; baseline 0.001 -16"><span class='ocrx_word' id='word_1_493' title='bbox 1363 3422 1534 3471; x_wconf 81' lang='lat' dir='ltr'><strong>Cicero</strong></span> <span class='ocrx_word' id='word_1_494' title='bbox 1549 3459 1563 3482; x_wconf 92' lang='lat'>‚</span> <span class='ocrx_word' id='word_1_495' title='bbox 1589 3438 1678 3487; x_wconf 88' lang='lat' dir='ltr'><strong>pro</strong></span> <span class='ocrx_word' id='word_1_496' title='bbox 1701 3422 1878 3473; x_wconf 88' lang='lat' dir='ltr'><strong>Flacco</strong></span> <span class='ocrx_word' id='word_1_497' title='bbox 1899 3422 1963 3475; x_wconf 87' lang='grc'><strong>26</strong></span> <span class='ocrx_word' id='word_1_498' title='bbox 1978 3458 1992 3485; x_wconf 86' lang='grc'><strong>,</strong></span> <span class='ocrx_word' id='word_1_499' title='bbox 2013 3422 2100 3477; x_wconf 87' lang='grc'><strong>63.</strong></span> <span class='ocrx_word' id='word_1_500' title='bbox 2127 3449 2195 3459; x_wconf 89' lang='grc'>-</span> <span class='ocrx_word' id='word_1_501' title='bbox 2215 3423 2302 3472; x_wconf 83' lang='lat' dir='ltr'><strong>Ad</strong></span> 
     </span>
    </p>
   </div>
  </div>
 </body>
</html>
