2500 3850
929 185 988 233 e.
1019 186 1250 235 vmms
1283 189 1527 237 PANSA.
2137 177 2261 241 443

257 348 364 393 tota
412 341 556 392 Italia
601 340 827 400 arderet,
882 337 1034 389 bomo
1091 355 1190 390 non

258 412 529 460 acerrimus
549 425 637 459 nec
662 407 968 458 fortissimus
988 406 1041 457 C.
1065 407 1190 457 Nor-

255 479 416 529 banus
445 492 538 543 pro
571 490 801 543 praetore
825 475 1024 525 Siciliae
1057 477 1191 526 eirca

257 562 304 600 a.
325 562 378 595 u.
409 562 451 595 c.
481 546 600 597 663.
630 544 747 595 664.
784 546 837 592 in
869 558 1067 609 summo
1087 545 1189 592 otio

255 613 376 677 fuit,
398 616 543 666 Verr.
569 618 785 663 accusat.
808 612 858 674 5,
879 614 928 675 4,
949 610 1000 664 8.
1042 612 1114 664 lb.
1135 610 1186 673 3,

256 682 341 741 49,
369 683 483 733 117.

187 748 249 799 C.
273 746 464 800 Vibius
489 748 674 798 Pansa
691 748 898 811 putabat
919 746 1186 797 Gabinium

256 832 287 867 a
305 817 544 868 Cicerone
563 816 722 865 fuisse
743 815 1112 865 defendendum
1135 832 1182 869 a.

253 900 306 937 u.
333 901 376 934 o.
401 884 546 944 700„
578 884 642 933 ad
671 883 732 942 Q.
755 882 817 934 l’r.
853 880 918 945 3,
951 884 1010 945 5,
1043 883 1094 933 5.
1118 910 1186 921 -

235 952 364 1003 ‘Fuit
383 954 497 1001 trib.
521 952 591 1017 pl.
615 967 662 1000 a.
679 967 732 1005 u.
751 966 797 999 e.
819 950 959 1009 703..
978 952 1042 1000 ad
1061 951 1181 1001 fam..

254 1021 314 1084 8,
333 1021 394 1079 8,
425 1023 458 1071 6
477 1034 523 1069 et
552 1022 603 1069 7.
624 1045 686 1055 —
707 1019 896 1079 Pansa,
932 1011 1185 1070 Ciceronis

255 1090 496 1153 cupidus,
531 1087 731 1137 valebat
759 1088 894 1151 apud
919 1087 1183 1138 Caesarem

254 1170 350 1206 non
375 1157 537 1206 minus
565 1157 857 1206 auctoritate
885 1171 1034 1219 quam
1067 1172 1182 1222 gra-

225 1228 322 1274 -tia
349 1240 394 1274 a.
415 1240 467 1277 u.
487 1240 532 1277 c.
555 1223 673 1276 708.
692 1225 806 1285 ,1b.
829 1222 890 1284 6,
925 1226 1014 1285 12,
1039 1226 1088 1273 2.
1114 1252 1180 1261 —

253 1292 428 1343 Gravis
449 1292 598 1343 homo
618 1302 665 1343 et
684 1303 879 1354 certus,
912 1293 984 1342 lb.
1011 1292 1074 1351 6,
1097 1294 1179 1352 12,
1249 1340 1259 1353 ,

251 1360 302 1411 3.
325 1386 394 1397 -
414 1362 469 1411 C.
505 1362 667 1409 Pansa
691 1360 916 1409 defendit
941 1374 1042 1409 una
1067 1374 1178 1410 cum

256 1428 494 1509 Cicerone
534 1428 590 1485 Q.
640 1428 926 1493 Ligarium,
967 1443 1058 1507 pro
1095 1428 1180 1509 Li-

251 1496 1182 1627 {3513ssasi..;fpli;¹;3??,fe3¹÷t9¹.¹l

251 1631 318 1680 ad
339 1633 442 1684 Au.
473 1630 564 1693 12,
590 1631 678 1683 14.
699 1632 749 1680 4.
783 1632 854 1679 Ib.
881 1631 962 1688 12,
988 1632 1070 1683 17.
1105 1632 1180 1685 Ib.

253 1700 334 1759 12,
360 1699 452 1758 19,
483 1697 534 1749 3.
573 1700 635 1748 ad
659 1699 779 1748 fam.
811 1700 904 1757 15,
932 1698 1091 1762 17,3.
1117 1726 1182 1735 —

251 1768 322 1815 Ea
351 1767 414 1816 de
441 1783 495 1816 re
526 1768 712 1831 gaudet
748 1766 801 1820 Ο.
836 1766 1068 1841 Cassius,
1101 1768 1176 1817 Ib.

250 1836 346 1897 15,
382 1834 474 1895 19,
505 1838 554 1883 2.
587 1862 654 1871 -
684 1838 848 1885 Pansa
884 1835 1180 1885 decessurus

249 1909 354 1952 erat
387 1904 449 1953 de
482 1902 642 1954 Gallia
675 1903 936 1969 provincia
967 1918 1013 1955 a.
1047 1918 1099 1953 u.
1133 1918 1176 1953 c.

145 2021 152 2027 .
247 1971 366 2025 709.
383 2009 396 2035 ,
421 1973 484 2022 ad
505 1973 604 2021 Au.
631 1973 692 2022 12
708 2011 718 2023 .
745 1973 838 2036 27,
861 1971 911 2024 3.
934 1998 1001 2008 —
1021 1972 1181 2021 Pansa

245 2057 294 2094 a.
331 2057 380 2091 u.
407 2056 450 2090 c.
479 2040 596 2092 710.
633 2041 950 2091 vehementer
988 2041 1180 2090 obstitit

249 2108 475 2158 Ciceroni
504 2107 558 2161 C.
599 2109 762 2160 Cassii
796 2109 1090 2173 dignitatem
1129 2116 1179 2157 et

247 2177 301 2224 in
331 2183 506 2224 senatu
534 2184 583 2224 et
622 2179 688 2226 ad
722 2178 967 2241 populum
1003 2176 1179 2226 deten-

246 2245 414 2304 denti,
452 2244 515 2292 ad
547 2243 666 2293 fam.
697 2245 788 2304 12,
823 2247 889 2305 7,
929 2245 976 2292 1.
1012 2270 1078 2281 —-
1104 2245 1176 2293 De

247 2311 410 2360 Pansa
429 2319 477 2361 et
496 2311 653 2360 Hirtio
683 2311 896 2361 detrahit
915 2313 970 2369 Q.
1003 2313 1175 2363 Cicero

245 2380 311 2428 ad
333 2379 451 2428 l'am.
476 2379 557 2430 16.
578 2381 664 2441 27,
694 2379 737 2428 1.
764 2407 829 2416 --
855 2379 924 2428 De
946 2381 1104 2428 Pansa
1128 2387 1178 2429 et

246 2449 430 2505 Hirtio,
459 2448 523 2496 ad
546 2449 643 2496 Att.
672 2448 762 2510 15,
786 2449 872 2500 22.
911 2446 974 2500 cl.
1000 2449 1068 2499 ib.
1093 2447 1173 2510 16,

246 2515 274 2566 l
292 2551 311 2574 ,
340 2516 392 2564 2.
416 2543 484 2554 -
504 2516 666 2565 Pausa
693 2515 861 2566 furere
887 2517 1086 2564 videtur
1113 2516 1176 2564 de

245 2583 366 2632 Sex.
391 2582 562 2632 Clodio
583 2584 816 2646 idemque
841 2583 903 2632 de
920 2583 1173 2644 Deiotaro,

243 2659 292 2701 et
328 2651 547 2715 loqu²tur
583 2667 788 2714 severe,
833 2652 878 2699 si
905 2651 1033 2701 velis
1069 2666 1175 2700 cre-

244 2720 389 2774 dere,
427 2720 505 2769 Ib.
547 2719 640 2778 14,
687 2719 777 2777 19,
817 2720 868 2768 2.
909 2746 975 2757 -·
1010 2719 1174 2768 Pansa

239 2788 390 2852 plane
421 2786 645 2836 Ciceroni
681 2787 924 2852 probabat
960 2803 1015 2836 se
1045 2787 1172 2837 bene

241 2857 426 2905 sentire
451 2863 499 2904 et
516 2872 695 2920 cupere
715 2870 892 2920 pacem
921 2855 1038 2906 710.
1058 2891 1072 2916 ,
1095 2857 1167 2904 Ib.

243 2923 333 2983 14,
353 2922 437 2977 20.
457 2927 508 2973 4.
531 2951 598 2960 --
619 2925 782 2974 Pansa
801 2931 848 2972 et
875 2925 1026 2973 sentit
1047 2924 1170 2972 bene

239 3001 284 3040 et
316 2991 532 3054 loquitur
563 2992 757 3042 fortiter
785 3007 832 3041 a.
868 3007 918 3041 u.
950 3008 992 3042 c.
1029 2991 1166 3051 710.,

239 3060 302 3109 ad
333 3059 454 3115 fam.
490 3061 583 3116 12.
621 3063 686 3111 22
706 3097 718 3114 .
747 3062 798 3110 2.
822 3087 884 3097 -
917 3061 973 3113 Ο.
1006 3061 1170 3110 Pausa

237 3127 410 3178 consul
440 3145 553 3178 cum
576 3131 634 3179 Α.
655 3129 810 3178 Hirtio
831 3145 878 3179 a.
900 3145 953 3179 u.
975 3145 1021 3178 c.
1048 3129 1165 3178 711.

189 3251 194 3255 ,
237 3220 306 3232 -—
336 3195 648 3260 colloquium
679 3199 933 3249 Ciceronis
961 3212 1072 3247 cum
1108 3211 1167 3244 eo

240 3263 304 3312 de
320 3271 450 3314 statu
468 3264 523 3314 D.
551 3267 714 3327 Bruti,
736 3267 808 3315 Ib.
833 3267 893 3316 11
915 3304 930 3325 ,
949 3267 1009 3324 5,
1032 3264 1078 3315 1.
1106 3289 1163 3299 -

237 3331 301 3379 A.
324 3347 374 3380 u.
399 3348 442 3381 c.
465 3331 581 3382 710.
601 3334 791 3382 Romae
812 3336 988 3398 copias
1006 3349 1069 3381 ex
1091 3333 1168 3380 di-

235 3396 366 3447 lectu
396 3400 568 3448 Italiae
600 3403 944 3464 comparabat,
977 3401 1048 3450 lb.
1083 3399 1164 3457 12,

1328 342 1392 404 5,
1424 344 1478 396 2.
1510 368 1575 378 -
1606 343 1728 391 Eius
1751 342 1967 405 dilectus,
1989 344 2163 393 urbem
2187 351 2263 393 to-

1332 419 1535 471 tamque
1571 410 1765 459 ltaliam
1808 413 1994 472 erexit,
2037 412 2260 478 Philipp.

1332 478 1414 531 10.
1440 478 1520 535 10,
1542 477 1625 527 21.
1654 502 1724 517 —
1743 479 1797 532 C.
1823 480 1984 528 Pansa
2014 479 2139 529 nihil
2159 481 2263 545 egit

1330 545 1468 594 aliud
1499 545 1767 596 dilectibus
1798 546 2071 606 habendis,
2109 562 2262 612 pecu-

1330 614 1427 662 niis
1458 615 1811 677 comparandis
1842 622 1935 666 etc.
1957 652 1969 670 ,
2001 615 2098 664 nisi
2125 624 2180 664 ut
2200 615 2259 663 D.

1326 681 1510 730 Brutus
1551 682 1874 746 liberaretur,
1917 683 2133 747 Philipp.
2176 683 2259 742 14,

1326 751 1377 811 2,
1397 750 1445 799 5.
1465 764 1532 785 —2
1556 748 1717 807 Quum
1747 750 1990 800 liber-tatis
2020 751 2170 800 avida
2190 748 2264 799 le-

1327 818 1412 883 gio
1441 817 1729 867 effrenatius
1763 822 1813 867 in
1844 820 2005 869 aciem
2041 818 2261 868 hostium

1326 886 1589 949 irrupisset
1607 887 1881 949 ipsequein
1902 887 2081 951 primis
2096 886 2262 935 Pansa
2352 931 2357 937 .

1324 962 1597 1018 pugnaret,
1620 956 1815 1003 duobus
1834 954 2131 1019 periculosis
2150 954 2260 1004 vul-

1324 1022 1527 1071 neribus
1548 1024 1769 1087 acceptis
1798 1022 2026 1072 sublatus
2057 1039 2083 1071 e
2112 1037 2259 1086 proe-

1325 1088 1391 1137 lio
1415 1090 1487 1137 rei
1517 1090 1750 1153 publicae
1775 1092 1929 1139 vitam
1963 1092 2254 1151 reservavit,

1321 1158 1393 1209 Ib.
1416 1155 1467 1212 9,
1489 1158 1573 1209 26.
1612 1158 1676 1211 cl.
1699 1159 1767 1207 ib.
1793 1159 1845 1221 9,
1873 1160 1964 1221 14,
1994 1158 2075 1209 36.
2096 1184 2166 1195 —-
2184 1156 2257 1207 De

1322 1223 1377 1276 G.
1415 1224 1577 1273 Pansa
1617 1235 1666 1274 et
1706 1228 1765 1275 A.
1801 1226 1961 1276 Hirtio
1999 1226 2255 1276 decretum

1318 1292 1875 1342 honorificentissimum
1939 1295 2256 1357 propositum

1322 1376 1351 1408 a
1372 1360 1608 1409 Cicerone
1624 1397 1638 1420 ,
1659 1360 1879 1427 Philipp.
1902 1362 1952 1416 5,
1976 1360 2059 1421 19,
2080 1360 2166 1411 53.
2192 1388 2257 1397 --

1321 1428 1515 1477 Pansae
1538 1427 1739 1487 laudes,
1762 1430 1835 1478 lb.
1860 1430 1908 1481 7.
1929 1429 1979 1487 2,
1998 1428 2032 1477 5
2052 1442 2163 1490 sqq.
2188 1454 2255 1465 -

1324 1495 1447 1543 Eum
1480 1496 1543 1544 ad
1573 1498 1807 1546 virtutem
1834 1496 2152 1555 exhortatur,
2181 1498 2253 1546 Ib.

1324 1565 1383 1627 7,
1404 1563 1462 1625 8,
1484 1564 1567 1613 27.
1595 1591 1659 1600 -
1682 1564 1734 1613 C.
1758 1565 1921 1614 Pansa
1940 1573 2170 1613 senatum
2192 1566 2257 1613 ad

1320 1630 1665 1681 honorandum
1703 1631 1812 1681 Ser.
1847 1632 2127 1697 Sulpicium
2171 1646 2259 1681 co-

1320 1698 1547 1749 hortatus
1566 1701 1677 1764 ipse
1699 1699 1855 1749 multa
1882 1702 2085 1763 copiose
2107 1700 2169 1748 de
2198 1700 2258 1747 il·

1321 1768 1420 1815 lius
1450 1767 1599 1817 laude
1631 1769 1784 1829 dixit,
1825 1769 1895 1818 lb.
1928 1770 1991 1829 9,
2026 1768 2082 1826 l,
2114 1767 2167 1821 3.
2188 1791 2255 1803 -·

1318 1834 1481 1884 Pansa
1531 1838 1580 1883 in
1631 1846 1800 1884 senatu
1847 1838 2140 1900 dignitatem
2192 1836 2252 1894 Q.

1320 1902 1570 1954 Cornificii
1604 1904 1829 1954 defendit
1862 1920 1907 1955 a.
1942 1920 1994 1958 u.
2030 1919 2073 1953 c.
2112 1903 2255 1965 711.,

1319 1975 1385 2023 ad
1402 1973 1522 2026 fam.
1551 1974 1631 2036 12,
1652 1974 1734 2025 25,
1757 1973 1803 2021 1.
1834 2001 1891 2009 —-
1918 1972 1970 2022 C.
1999 1973 2166 2022 Pansa
2188 1971 2257 2020 ad

1319 2056 1493 2104 pacem
1538 2056 1649 2090 curn
1697 2043 1912 2090 Antonio
1968 2040 2255 2089 faciendam

1318 2108 1543 2160 hortatus
1575 2117 1708 2168 erat,
1740 2108 1959 2175 Philipp.
1985 2108 2077 2168 12,
2112 2108 2169 2166 1,
2199 2109 2251 2156 2.

1318 2177 1378 2228 cl.
1401 2178 1469 2228 ib.
1493 2178 1583 2236 12,
1612 2179 1660 2237 7,
1686 2177 1766 2227 15.
1793 2204 1859 2214 -
1880 2175 2021 2225 Multi
2042 2191 2155 2224 eum
2178 2176 2254 2225 fa-

1317 2252 1449 2294 ctum
1481 2246 1725 2310 putabant
1749 2245 2017 2304 leniorem,
2057 2243 2133 2296 ib.
2171 2244 2253 2302 12,

1315 2315 1366 2372 7,
1394 2313 1473 2364 18.
1497 2341 1562 2350 —
1588 2313 1777 2363 Pansae
1808 2321 1857 2362 et
1886 2313 2035 2362 Hirtii
2064 2327 2147 2360 res
2165 2327 2255 2376 ge-

1316 2390 1423 2431 stae
1462 2388 1510 2430 et
1543 2381 1917 2430 vicissitudines
1954 2382 2007 2429 in
2054 2379 2251 2443 proelio

1313 2449 1580 2498 Mutinensi
1613 2463 1662 2501 a.
1692 2463 1746 2498 u.
1781 2464 1826 2500 c.
1850 2448 1998 2507 711.,
2033 2447 2099 2496 ad
2128 2446 2249 2495 fam.

1317 2515 1398 2574 10,
1422 2514 1505 2565 30.
1542 2516 1617 2568 Ib.
1643 2514 1724 2575 10,
1750 2515 1842 2576 33,
1864 2519 1915 2568 4.
1941 2543 2004 2552 -
2030 2515 2154 2564 Eius
2172 2516 2251 2562 in-

1312 2579 1489 2634 terittis‘
1510 2584 1798 2648 deploratur
1820 2598 1847 2632 a
1864 2584 1924 2633 D.
1956 2583 2138 2643 Bruto,
2173 2583 2249 2636 lb.

1316 2651 1397 2708 11,
1423 2651 1474 2711 9,
1498 2651 1545 2700 1.
1580 2653 1651 2700 lb.
1676 2651 1757 2710 11,
1788 2649 1867 2715 13,
1896 2653 1943 2701 2.
1972 2679 2038 2689 --
2058 2651 2251 2700 Hirtius

1312 2728 1361 2770 et
1394 2720 1583 2782 Pansa,
1621 2718 1851 2771 homines
1889 2722 1943 2768 in
1984 2720 2251 2770 consulatu

1309 2789 1382 2839 rei
1424 2787 1565 2852 publ.
1608 2788 1881 2849 salutares,
1920 2788 2085 2837 alieno
2124 2802 2249 2838 sane

1309 2866 1534 2920 tempore
1555 2858 1730 2906 amissi
1750 2864 1883 2920 sunt,
1905 2871 1957 2906 re
1976 2857 2117 2922 publ.
2144 2858 2249 2905 An·

1308 2927 1512 2974 tuniano
1563 2926 1766 2988 quidem
1818 2924 2075 2974 latrocinio
2119 2923 2249 2972 libe-

1309 3003 1443 3054 rata,
1473 2994 1562 3043 sed
1597 2994 1818 3042 nondum
1850 2994 2051 3043 omnino
2084 2991 2253 3056 expli-

1309 3071 1447 3122 cata,
1468 3062 1543 3113 Ib.
1569 3061 1663 3124 12,
1690 3061 1758 3110 25
1779 3075 1826 3108 a.
1849 3059 1902 3112 6.
1940 3061 2015 3114 Ib.
2042 3061 2135 3118 12,
2161 3058 2249 3115 30,

1309 3129 1359 3180 6.
1388 3155 1441 3164 —-
1473 3129 1717 3179 Consules
1748 3128 1905 3187 duos,
1941 3130 2100 3178 bonos
2133 3128 2248 3189 qui·

1311 3197 1421 3245 dem
1437 3233 1451 3260 ,
1486 3199 1577 3246 sed
1606 3191 1868 3245 dumtaxat
1888 3197 2046 3246 bonos
2070 3195 2248 3245 amisi-

1308 3278 1440 3314 mus.
1461 3265 1645 3314 Hirtius
1666 3265 1867 3328 quidem
1886 3265 1935 3313 in
1956 3267 2069 3329 ipsa
2090 3263 2249 3312 victo-

1308 3333 1382 3380 ria
1402 3333 1610 3391 occidit;
1632 3361 1653 3372 -
1670 3361 1693 3371 -
1713 3333 1879 3381 Pansa
1902 3332 2114 3398 fugerat,
2135 3330 2246 3381 vul·-

1311 3401 1515 3450 neribus
1544 3401 1795 3464 acceptis,
1825 3415 1953 3464 quae
1982 3399 2115 3450 ferre
2143 3412 2245 3448 non
