2500 3850
586 224 649 272 P.
679 222 1042 271 POPILLIUS
1072 245 1145 253 --
1175 223 1232 269 G.
1258 220 1547 271 PORCIUS
1576 222 1774 270 CATO.

177 381 243 433 P.
266 377 576 447 Popillius,
599 377 820 427 libertini
844 378 992 442 fitius,
1023 380 1183 428 ambi-

249 460 330 499 tus
367 451 656 507 damnatUS,
695 463 788 513 pro
831 447 1061 498 Cluentio
1095 447 1180 507 36,

247 520 332 571 98.
352 546 421 555 —
436 520 493 567 In
529 532 646 566 eum·
669 517 970 581 subscripsit
987 517 1044 565 L.
1069 515 1184 567 Gel-

248 591 364 651 liuS,
391 601 586 647 censor,
624 586 700 635 lb.
719 588 804 645 47,
827 586 943 637 131.
968 613 1034 621 -
1053 587 1185 636 Lau-

249 661 397 709 datus
437 672 468 706 a
487 656 575 706 Cn.
597 656 812 705 Lentulo
843 670 1072 718 censore,
1106 656 1182 709 lb.

245 729 330 788 47,
357 725 470 777 132.

173 795 489 863 Poplicola.
542 796 608 845 V.
646 794 712 843 P.
764 792 1023 845 Valerius
1070 793 1186 844 Po·-

247 863 478 931 plicola.
753 886 762 890 ·

171 932 492 999 Populiana
537 934 760 984 centuria
807 934 858 982 in
899 947 1020 998 agro
1052 931 1186 980 Thu-

246 1004 378 1063 rin0‚
413 1018 508 1067 pro
528 1001 696 1053 Tullio
715 1004 766 1065 §.
799 1000 880 1053 16.

175 1069 420 1122 Porciae
447 1072 588 1135 leges
609 1072 676 1121 de
701 1072 1082 1135 provocatione,
1120 1070 1183 1118 de

247 1158 289 1190 r.
307 1156 357 1205 p.
381 1144 428 1203 2,
445 1138 530 1201 31,
553 1140 638 1190 54.

175 1207 380 1261 Porcia
398 1210 508 1273 lex,
529 1210 590 1259 de
608 1209 986 1275 provocatione,
1007 1222 1101 1271 pro
1123 1205 1176 1258 C.

246 1280 453 1330 Rabirio
471 1280 616 1343 perd.
641 1278 691 1336 3,
711 1277 762 1327 8.
805 1278 879 1328 Ib.
905 1280 957 1341 4,
979 1276 1044 1325 12
1065 1291 1178 1337 sqq.

244 1352 387 1400 Verr.
405 1357 625 1397 accusat.
641 1347 691 1409 5,
707 1346 794 1406 63,
814 1346 929 1399 163.
959 1346 1182 1394 Pseudo-

248 1418 360 1469 sall.
384 1418 434 1465 in
457 1416 560 1467 Cic.
586 1418 634 1478 l,
655 1416 706 1465 5.

170 1483 401 1548 Porcia,
437 1484 502 1535 M.
525 1486 668 1534 Bruti
685 1498 833 1545 uxor,
854 1483 946 1547 Ep.
961 1482 1026 1531 ad
1043 1482 1182 1531 Brut.

247 1557 309 1615 1,
359 1556 441 1604 17.
479 1582 549 1593 -
595 1553 871 1611 Serviliae,
909 1550 1182 1611 Tertullae,

246 1625 479 1682 Porciae,
515 1623 686 1682 Bruti,
725 1620 915 1681 Cassii,
950 1620 1181 1680 Favonii,

248 1693 506 1743 Ciceronis
557 1691 866 1753 colloquium
924 1690 986 1739 de
1042 1690 1181 1754 lega·

239 1764 381 1812 tione
410 1762 740 1813 frumentaria
766 1760 909 1808 Bruti
941 1767 989 1807 et
1019 1757 1182 1807 Cassii

246 1846 294 1879 a.
317 1848 368 1881 u.
393 1848 438 1881 c.
460 1829 602 1891 710„
639 1830 705 1879 ad
723 1828 826 1881 Att.
853 1828 935 1891 15,
958 1828 1040 1887 11,
1066 1827 1134 1881 1.,

175 1898 394 1954 Porcia.
466 1900 670 1951 Catonis
717 1913 860 1948 soror
881 1935 894 1960 ‚
947 1912 1076 1946 uxor
1122 1894 1180 1945 L.

246 1971 457 2021 Domitii
479 1969 820 2020 Ahenobarbi.
855 1995 924 2003 —
977 1966 1184 2016 Domitii

240 2040 377 2089 filius
419 2040 616 2088 transiit
667 2039 884 2086 Formias
926 2037 1062 2088 VIII.
1102 2035 1178 2084 Id.

245 2124 448 2158 currens
467 2109 534 2158 ad
554 2115 764 2158 matrem
784 2106 1049 2170 Neapolim
1066 2142 1080 2164 ,
1115 2104 1182 2154 ad

247 2182 349 2230 Aa.
373 2177 422 2238 9.,
444 2178 495 2238 3,
533 2177 576 2225 1.
617 2203 683 2223 ——
711 2176 834 2224 Eius
854 2175 1078 2224 laudatio
1100 2173 1179 2223 fu-

143 2257 150 2262 '
245 2249 416 2296 nebris
435 2263 482 2296 a.
504 2262 554 2295 u.
578 2261 618 2296 c.
639 2244 777 2305 709„
799 2246 863 2294 ad
880 2246 977 2298 Att.
998 2242 1078 2302 13,
1093 2243 1178 2307 37,

246 2315 297 2366 3.
339 2318 412 2370 Ib.
443 2316 522 2377 13,
545 2315 629 2381 48,
650 2318 702 2368 2.

173 2383 370 2438 Porcii
387 2394 505 2435 tres.
577 2387 636 2436 L.
657 2385 847 2434 Valerii
870 2383 1022 2433 Potiti
1041 2391 1088 2432 et
1111 2383 1176 2434 M.

243 2456 444 2505 Horatii
496 2455 702 2505 Barbati
765 2452 1046 2502 consularis
1095 2451 1182 2501 lex

248 2542 296 2575 a.
348 2541 400 2575 u.
451 2539 494 2574 c.
545 2523 664 2574 305.
718 2524 922 2584 sanxit,
979 2536 1042 2570 ne
1095 2521 1182 2582 qui

245 2595 574 2659 magistratus
643 2595 752 2642 sine
821 2591 1182 2656 provocatione

248 2670 518 2713 crearetur.
555 2663 728 2726 Neque
747 2677 864 2711 vero
887 2662 1028 2726 leges
1038 2658 1181 2710 Por-

246 2731 396 2796 ciae,
431 2747 560 2794 quae
592 2741 694 2790 tres
733 2739 850 2780 sunt
881 2733 1034 2778 trium
1063 2727 1181 2776 Por-

246 2804 438 2852 ciorum
454 2802 732 2865 quidquam
745 2807 944 2864 praeter
963 2798 1182 2847 sanctio-

244 2885 362 2919 nem
381 2870 652 2920 attulerunt
669 2871 806 2933 novi,
821 2869 886 2918 de
903 2885 946 2918 r.
963 2883 1015 2932 p.
1030 2869 1080 2926 2,
1093 2865 1180 2925 31,

245 2939 332 2990 54.

174 3006 440 3072 Porcina,
479 3017 646 3058 orator
682 3008 735 3063 C.
774 3007 1025 3058 Aemilius
1061 3006 1183 3054 Por-

246 3079 389 3134 cina,
429 3079 494 3128 ad
517 3079 636 3132 Her.
669 3081 722 3141 4,
749 3079 799 3138 5,
825 3078 874 3131 7.
915 3078 978 3129 V.
999 3077 1052 3125 in
1070 3074 1181 3125 Ae-

243 3144 440 3196 miliis.

175 3214 412 3267 Porcius
440 3215 599 3280 Cato,
638 3215 854 3266 Archiae
875 3217 1086 3278 amicuS‚
1107 3216 1185 3264 vi'-

245 3286 392 3334 detur
427 3285 587 3336 fuisse
623 3287 702 3336 vel
746 3286 811 3334 Μ.
855 3283 1006 3345 cato,
1041 3292 1186 3348 pater

228 3356 450 3404 'Catonis
487 3355 766 3414 Uticensis,
815 3353 895 3404 vel
943 3354 1002 3404 L.
1063 3353 1183 3401 Cato

245 3425 424 3473 consul
459 3439 488 3472 a
531 3441 582 3474 u.
607 3441 653 3476 c.
681 3423 798 3476 665.
819 3461 834 3485 ,
875 3437 968 3488 pro
993 3422 1184 3471 Archia

249 3490 300 3549 3,
323 3492 375 3550 6.

2133 210 2255 273 319

1259 377 1324 429 C.
1346 377 1583 430 Porcius
1600 376 1678 429 Μ.
1698 376 1762 428 F.
1782 378 1857 429 M.
1879 377 1948 429 N.
1976 377 2119 429 Cato
2134 414 2149 442 ,
2187 380 2253 429 M.

1326 448 1531 499 Catonis
1549 447 1776 498 Censorii
1803 458 1847 497 et
1884 446 1941 497 L.
1976 447 2139 497 Paulli
2171 464 2257 498 ne-

1322 532 1417 583 pos
1473 526 1521 566 et
1564 516 1617 566 C.
1668 516 1908 582 Papirius
1954 515 2113 567 Carbo
2171 518 2254 572 Ti.

1326 586 1609 637 Gracchum
1648 587 2013 649 sequebantur,
2050 588 2113 636 de
2153 602 2252 637 ani.

1327 656 1408 715 ll,
1430 654 1513 706 39.
1540 680 1607 690 -—
1622 654 1682 705 C.
1704 657 1911 705 Porcius
1933 656 2053 705 Cato
2069 691 2084 718 ,
2120 657 2257 706 Afri-

1326 726 1442 774 cani
1482 726 1674 773 sororis
1714 724 1876 785 fitius,
1912 739 2016 775 cos.
2049 740 2096 777 a.
2132 740 2177 774 u.
2210 742 2253 775 c.

1326 793 1469 855 640„
1499 790 1983 854 mediocris'orator,
2006 792 2147 844 Brut.
2170 796 2255 853 28,

1328 861 1444 913 108.
1474 888 1545 901 ·-
1573 862 1711 929 Lege
1731 863 1939 913 Manilia
1970 862 2197 913 sublatus
2228 876 2257 909 a

1326 931 1633 982 Gracchanis
1700 932 1981 994 iudicibuS‚
2038 932 2111 983 Ib.
2170 932 2257 997 34,

1326 1002 1443 1052 128.
1464 1028 1535 1039 —
1560 1001 1617 1051 C.
1642 1000 1841 1063 Catoni,
1882 1002 2136 1052 consulari
2166 1002 2259 1051 lio-

1322 1072 1475 1133 mini,
1515 1070 1795 1121 clarissimo
1824 1073 1961 1130 viro,
2003 1069 2111 1121 fis.
2145 1072 2257 1121 1111.

1322 1140 1529 1189 milibus
1543 1140 1607 1190 lis
1624 1141 1889 1190 aestimata
1908 1148 2002 1203 est,
2015 1142 2159 1193 Verr.
2175 1156 2258 1191 ac-

1322 1217 1481 1259 cusat.
1504 1207 1647 1273 3,80,
1672 1210 1788 1263 182.
1825 1211 1969 1260 ct.ib.
1995 1212 2047 1270 4,
2070 1208 2257 1270 10‚·22.

1321 1306 1390 1315 --
1432 1279 1486 1329 C.
1513 1278 1633 1328 Cato
1663 1279 1927 1329 damnatus
1967 1280 2111 1329 exsul
2132 1280 2257 1329 Tar-

1321 1362 1506 1397 racone
1525 1349 1655 1397 vixit
1691 1348 1902 1410 eiusque
1932 1349 2149 1398 civitatis
2182 1348 2252 1397 fa-

1324 1425 1433 1465 ctus
1460 1426 1536 1465 cst
1574 1417 1719 1475 civiS,
1751 1430 1842 1481 pro
1864 1415 2023 1467 Balbo
2059 1418 2140 1477 11,
2169 1416 2256 1467 28.
2324 1436 2327 1439 ⁴

1258 1482 1318 1531 C.
1342 1482 1578 1535 Porcius
1604 1482 1763 1534 Cato.
1838 1484 1965 1535 Rem
2000 1485 2261 1551 publicam

1326 1553 1555 1603 funditus
1586 1555 1829 1602 amissam
1870 1570 1983 1604 esse
2019 1570 2068 1607 a.
2118 1572 2169 1608 u,
2210 1572 2253 1605 c.

1306 1622 1442 1674 695.
1464 1660 1477 1681 ,
1515 1623 1642 1672 adeo
1678 1633 1731 1671 ut
1765 1622 1913 1688 Cam,
1961 1624 2260 1674 adolescens

1322 1692 1513 1741 nullius
1543 1691 1769 1753 consilii,
1810 1694 1903 1743 sed
1932 1701 2099 1743 tamen
2132 1695 2259 1743 civis

1324 1762 1581 1811 Romanus
1600 1770 1648 1810 et
1670 1761 1810 1826 Cato,
1843 1763 1933 1811 vix
1952 1764 2100 1813 vivus
2124 1762 2259 1812 effu-

1325 1838 1483 1896 geret,
1525 1832 1680 1894 quod‚
1721 1830 2163 1893 quumGabinium
2195 1833 2259 1881 de

1324 1901 1513 1950 ambitu
1568 1900 1717 1951 vellet
1774 1901 2031 1966 postulare
2094 1916 2258 1965 neque

1322 1979 1585 2035 praetores
1645 1971 1835 2034 aliquot
1895 1972 2073 2021 diebus
2128 1973 2261 2020 adiri

1321 2046 1529 2104 possent
1563 2040 1639 2089 vel
1675 2048 1974 2104 potestatem
2011 2043 2091 2089 sui
2120 2041 2259 2090 face-

1322 2118 1469 2168 rent,
1526 2109 1576 2156 in
1625 2110 1909 2159 contionem
1950 2111 2173 2160 escendit
2210 2117 2260 2160 et

1319 2179 1617 2242 Pompeium
1666 2179 1916 2244 privatum
1964 2181 2259 2229 dictatorem

1321 2247 1609 2312 appellavit.
1682 2248 1896 2314 Propius
1926 2248 2054 2298 nihil
2073 2258 2149 2298 est
2181 2250 2259 2298 fa-

1320 2325 1452 2366 ctum
1485 2332 1637 2379 quam
1658 2326 1713 2366 ut
1735 2319 2064 2380 occideretur,
2097 2319 2161 2366 ad
2196 2318 2255 2374 Q.

1320 2385 1379 2434 fr.
1415 2386 1463 2448 1,
1495 2389 1545 2448 2,
1580 2388 1631 2436 5.
1670 2389 1719 2448 §-
1748 2387 1828 2436 15.
1879 2386 1942 2436 cl.
1976 2388 2038 2434 ad
2060 2387 2180 2434 sam.
2208 2386 2255 2446 1,

1318 2456 1371 2519 2,
1390 2456 1442 2504 4.
1502 2456 1577 2504 Ib.
1603 2457 1652 2515 1,
1694 2454 1728 2503 5
1754 2470 1803 2514 a,
1852 2457 1903 2504 2.
1943 2481 2009 2491 -
2040 2454 2093 2506 C.
2138 2453 2256 2503 Cato

1322 2527 1373 2572 in
1391 2531 1569 2573 senatu
1588 2524 1715 2573 dixit
1728 2532 1899 2572 contra
1910 2522 2259 2573 Marcellinum

1323 2593 1583 2642 consulem
1602 2608 1652 2645 a.
1694 2609 1743 2640 u.
1780 2608 1823 2642 c.
1848 2591 1989 2652 697„
2028 2593 2093 2641 ad
2107 2591 2165 2651 Q.
2191 2592 2253 2646 fr.

1320 2664 1372 2724 2,
1396 2662 1443 2725 1,
1468 2664 1515 2713 2.
1536 2689 1597 2697 -
1626 2662 1813 2726 Legem
1834 2663 2175 2728 promulgavit
2196 2662 2261 2711 de

1323 2733 1533 2795 imperio
1562 2730 1617 2782 P.
1645 2731 1859 2781 Lentulo
1884 2730 2143 2798 Spintheri
2170 2731 2259 2780 ab-

1320 2801 1548 2866 rogando
1570 2816 1618 2849 a.
1641 2818 1691 2850 u.
1718 2817 1764 2850 c.
1794 2799 1934 2865 698„
1960 2803 2034 2855 Ib.
2058 2803 2107 2860 2,
2130 2801 2182 2865 3,
2208 2803 2255 2855 1.

1322 2897 1393 2926 -,-
1409 2871 1625 2935 Rogatio
1648 2871 1710 2919 de
1729 2871 1933 2934 Milone,
1956 2873 2029 2924 Ib.
2054 2874 2102 2930 2,
2132 2871 2181 2929 3,
2203 2872 2254 2919 4.

1323 2937 1377 2988 C.
1406 2940 1525 2989 Cato
1559 2942 1789 2990 tribunus
1819 2940 1893 3005 pl.
1918 2955 1963 2988 a.
1987 2957 2037 2989 u.
2063 2957 2106 2988 c.
2134 2937 2253 2988 698.

1324 3019 1527 3060 senatus
1552 3011 1837 3067 auctoritati
1870 3009 1933 3058 de
1956 3023 2108 3056 causa
2140 3009 2258 3056 Pto-

1326 3077 1507 3128 lemaei
1529 3080 1823 3130 intercessit.
1846 3079 1910 3126 ad
1931 3077 2049 3126 fam.
2070 3079 2117 3135 I,
2131 3076 2182 3134 2,
2203 3077 2254 3124 4.

1326 3147 1400 3196 Ib.
1427 3148 1541 3206 1,4‚
1565 3150 1613 3198 1.
1649 3174 1711 3182 --
1744 3146 2079 3196 Adversarius
2109 3145 2257 3193 Pom-

1328 3218 1460 3281 peii,
1498 3218 1568 3265 lb.
1598 3217 1646 3274 1,
1679 3215 1795 3276 512„
1828 3216 1874 3263 1.
1916 3243 1981 3250 -
2022 3213 2075 3265 C.
2115 3213 2255 3272 Cato,

1328 3286 1518 3336 vindex
1556 3284 1889 3348 gladiatorum
1920 3292 1967 3332 et
1995 3284 2259 3332 bestiario-

1325 3361 1464 3402 rum:
1511 3355 1556 3400 ei
1608 3353 1812 3416 egregIe
1855 3353 2095 3415 imposuit
2136 3351 2257 3398 Milo

1326 3437 1374 3474 a.
1408 3437 1457 3469 u.
1491 3437 1532 3471 c.
1570 3420 1711 3482 698„
1746 3421 1810 3470 ad
1837 3419 1892 3476 Q.
1918 3421 1979 3469 fr.
2011 3422 2059 3473 2,
2094 3422 2129 3468 4
2160 3419 2255 3482 (6),

1326 3492 1375 3540 5.
1408 3518 1477 3528 -·
1495 3491 1623 3540 Eum
1644 3489 1881 3538 Lentulus
1913 3504 1944 3537 a
1967 3489 2160 3554 legibus
2181 3504 2259 3536 re-
