2500 3850
235 164 360 228 376
1163 174 1412 222 STOICI.

303 360 369 370 —
391 332 576 382 Eorum
598 329 852 380 astrictior
871 336 947 379 est
966 330 1128 379 oratio
1149 329 1243 379 ali-

302 408 591 464 quantoque
620 400 942 459 contractior,
972 412 1121 461 quam
1153 415 1244 448 au·
1286 415 1291 418 ⁵

299 486 384 521 res
419 468 598 534 populi
639 469 942 530 requirunt,
981 467 1118 516 Brut.
1155 466 1240 526 31,

303 539 423 591 120.
463 564 514 577 ·—-
539 536 824 587 Stoicorum
855 536 1157 605 obscuritas,
1179 536 1242 585 de

301 607 389 657 fin.
403 610 457 668 4,
480 608 530 665 1,
551 609 604 659 2.
629 632 694 644 --
713 604 998 655 Stoicorum
1019 606 1241 661 dumeta,

301 678 463 726 Acad.
489 690 568 741 pr.
601 676 649 732 2,
682 674 767 735 35,
806 674 922 724 112.
943 698 1013 711 --
1048 671 1242 724 Stoico-

303 762 413 794 rum
437 745 624 808 laquei,
647 743 854 792 Tuscul.
881 743 932 801 5,
957 744 1041 804 27,
1067 741 1150 793 76.
1175 768 1243 778 —-

302 813 585 867 Stoicorum
602 813 822 877 ineptiae
835 813 885 861 in
902 812 1244 862 notationibus

301 883 682 945 vocabulorum,
717 880 899 947 fragm.
934 896 987 945 p.
1023 879 1143 932 293.
1177 906 1244 915 —

301 952 445 1002 Nova
471 952 625 1000 verba
646 951 856 1014 fingunt,
885 950 1122 999 deserunt
1141 950 1244 998 usi-

299 1029 422 1079 tata,
442 1021 506 1069 de
525 1020 611 1067 fin.
632 1020 684 1079 4,
704 1018 755 1078 3,
777 1019 827 1067 7.
848 1043 917 1054 —-
933 1016 1103 1068 Stoica
1122 1018 1244 1067 hac-

299 1091 430 1139 resis
463 1086 657 1135 nullum
687 1088 915 1149 sequitur
933 1087 1108 1135 florem
1131 1100 1242 1135 ora·

297 1158 454 1207 tionis
483 1171 654 1218 neque·
669 1155 848 1204 dilatat
869 1161 1241 1220 argumentum,

299 1228 393 1276 sed.
469 1225 677 1275 minutis
745 1224 1244 1289 interrogatiunculis

299 1297 449 1358 quasi
470 1295 674 1359 punctis
695 1294 831 1356 quod
847 1293 1113 1358 proposuit
1133 1291 1246 1342 effi-

300 1366 386 1424 cit,
404 1364 586 1429 parad.
605 1376 830 1429 prooem.
854 1364 905 1414 2.
945 1363 1010 1415 cl.
1034 1361 1242 1414 Tuscul.

300 1436 358 1496 2,
407 1434 499 1494 18,
541 1435 629 1485 42.
668 1460 735 1470 -
773 1432 961 1482 Eorum
997 1427 1246 1496 πρόνοια

299 1516 428 1553 anus
465 1502 676 1552 fatidica
713 1517 742 1551 a
772 1501 972 1553 Velleio
1005 1501 1243 1566 Epicurio

300 1571 433 1620 dicta
465 1577 615 1632 atque
643 1571 812 1629 irrisa,
851 1572 915 1620 de
945 1585 994 1619 n.
1025 1571 1076 1623 d.
1114 1570 1162 1629 l,
1193 1568 1243 1628 8,

299 1638 384 1689 18.
419 1639 491 1687 11).
525 1640 575 1699 S.
597 1639 665 1689 20
691 1653 804 1701 sqq.
839 1640 902 1691 cl.
929 1640 991 1689 de
1013 1639 1170 1688 divin.
1193 1639 1241 1694 2,

195 1764 198 1769 ,
298 1708 350 1768 7,
382 1707 463 1757 19.
501 1707 570 1759 lb.
595 1708 643 1765 2,
670 1707 722 1768 8,
747 1707 832 1757 21.
872 1708 946 1759 Ib.
974 1710 1022 1771 2,
1049 1707 1132 1769 19,
1153 1707 1241 1757 24.

296 1777 371 1825 Ib.
397 1778 446 1840 2,
471 1776 552 1836 14,
573 1775 656 1828 33.
696 1777 770 1825 Ib.
792 1777 842 1838 2,
864 1776 948 1841 17,
968 1775 1050 1826 40.
1074 1802 1140 1811 -
1164 1774 1243 1824 Ex

297 1860 486 1911 genere
531 1860 798 1896 causarum
843 1860 908 1895 ex
945 1846 1242 1895 aeternitate

295 1914 628 1980 pendentium
648 1914 808 1964 fatum
827 1929 857 1964 a
877 1912 1064 1966 Stoicis
1084 1914 1240 1964 necti-

295 1993 393 2045 tur,
432 1987 584 2050 topic.
624 1986 708 2046 15,
741 1983 828 2037 59.
860 2009 924 2018 --
955 1984 1242 2035 Stoicorum

297 2067 416 2102 arx:
441 2055 490 2102 si
511 2053 758 2104 divinatio
782 2061 876 2113 est,
899 2054 952 2104 di
972 2060 1106 2112 sunt,
1129 2060 1179 2102 et
1197 2054 1243 2102 si

297 2122 351 2170 di
373 2130 507 2184 sunt,
541 2130 617 2171 est
637 2122 900 2182 divinatio,
926 2122 988 2172 de
1008 2123 1166 2172 divin.
1189 2120 1240 2181 l,

296 2189 346 2249 6,
381 2188 464 2240 10.
485 2215 551 2225 -
581 2189 769 2239 Eorum
798 2191 1048 2238 sententia
1075 2189 1139 2240 de
1165 2189 1242 2238 di-

295 2259 571 2319 vinatione,
605 2258 667 2308 de
704 2258 862 2311 divin.
900 2260 947 2320 1,
978 2257 1029 2318 3,
1063 2259 1094 2308 5
1125 2272 1238 2321 sqq.

301 2351 367 2361 --
387 2328 572 2377 Eorum
602 2327 920 2377 ratiocinatio
950 2326 1014 2377 de
1043 2327 1240 2377 divina·

296 2398 449 2456 tione,
484 2398 545 2447 de
577 2397 732 2446 divin.
761 2396 808 2456 1,
841 2394 925 2456 38,
955 2397 1041 2450 82.
1083 2397 1158 2446 Ib.
1187 2397 1238 2456 2,

293 2469 383 2527 49,
416 2465 531 2518 101.
557 2493 624 2503 —-
654 2467 841 2518 Eorum
870 2468 1148 2516 sententiae
1177 2465 1241 2514 de

296 2536 606 2585 divinatione
637 2537 829 2599 passim
856 2535 1136 2594 refutatae,
1176 2534 1240 2583 de

297 2605 457 2657 divin,
489 2608 540 2663 2,
571 2603 655 2662 19,
684 2606 768 2653 44.
791 2633 860 2643 —
878 2603 1041 2653 Nimis
1061 2618 1239 2668 super-

297 2671 495 2720 stitiosa
516 2685 687 2721 eorum
712 2672 776 2721 de
794 2672 1105 2722 divinatione
1125 2686 1240 2720 sen-

294 2739 468 2802 tentia,
505 2739 580 2788 lb.
615 2739 662 2793 2,
697 2739 786 2798 48,
827 2738 944 2790 100.
979 2767 1044 2776 -
1079 2739 1240 2791 Stoici

293 2813 482 2870 negant
509 2820 812 2867 quemquam
837 2808 940 2857 nisi
957 2808 1240 2872 sapientem

293 2873 524 2924 divinum
553 2888 668 2924 esse
696 2889 880 2938 posse,
915 2875 978 2924 de
1007 2876 1165 2925 divin.
1189 2879 1238 2936 2,

290 2943 378 3008 63,
421 2945 539 2998 129.
568 2967 642 2980 -
670 2941 852 2994 Omnia
882 2943 986 2994 fato
1011 2943 1125 2994 fieri
1164 2945 1240 2996 di-

293 3022 429 3075 cunt,
469 3015 604 3064 unde
635 3013 700 3064 iis
741 3021 1134 3065 consentaneum
1161 3021 1240 3066 est

293 3083 498 3142 oracula
515 3090 835 3146 caeteraque,
871 3099 1001 3146 quae
1022 3083 1089 3134 ad
1109 3084 1241 3134 divi-

295 3154 550 3202 nationem
567 3155 822 3217 pcrtinere
834 3153 1088 3215 dicuntur,
1103 3168 1239 3205 com-

293 3222 526 3284 probare,
553 3222 616 3271 de
635 3220 740 3273 fato
763 3223 844 3287 15,
874 3221 959 3274 33.
980 3249 1049 3260 —-
1071 3224 1149 3273 Ab
1171 3225 1238 3272 iis

293 3303 482 3352 genera
528 3290 792 3340 divinandi
841 3293 1116 3341 artificiosa
1151 3293 1238 3342 de-

293 3355 586 3413 fenduntur,
621 3355 1016 3420 aPeripateticis
1047 3362 1236 3423 impro-

293 3419 494 3476 bantur,
515 3421 582 3470 de
601 3424 760 3472 divin.
782 3426 827 3483 1,
851 3425 936 3485 33,
959 3427 1042 3474 72.
1059 3427 1236 3475 -Eo-

1384 344 1499 379 rum
1518 329 1769 378 sententia
1786 330 1849 378 de
1870 332 2164 395 extispicio,
2192 332 2274 381 Ib.
2292 334 2343 393 1,

1383 398 1468 463 52,
1495 398 1613 449 118.
1630 422 1695 435 -
1709 397 1995 449 Stoicorum
2016 400 2257 450 doctrina
2278 403 2343 452 de

1384 468 1574 517 mundo
1600 466 1922 531 singulisque
1943 470 2053 518 eius
2079 470 2340 533 partibile,

1384 550 1509 598 quas
1541 536 1664 585 deos
1687 550 1799 585 esse
1819 536 2019 596 dicunt,
2058 538 2233 587 Acad.
2256 554 2341 605 pr.

1383 606 1433 668 2,
1458 602 1544 668 37,
1571 604 1687 654 119.
1710 630 1781 639 --
1810 603 1967 654 Stoici
1996 614 2044 655 et
2069 606 2201 657 deos
2223 622 2341 659 esse

1384 682 1432 722 et
1461 680 1700 735 quattuor
1734 688 1798 723 ex
1816 674 1968 723 rebus
2000 676 2177 724 omnia
2218 688 2340 725 con-

1384 749 1517 790 stare
1548 742 1786 791 dixerunt
1812 750 1928 807 etc.,
1965 744 2032 793 de
2058 742 2146 793 fin.
2182 746 2243 805 4,
2286 745 2338 804 5,

1387 810 1471 864 12.
1492 837 1562 848 —-
1580 810 1667 859 Eis
1687 810 1860 861 aether
1877 812 2080 861 videtur
2098 828 2341 863 summus

1385 880 1530 942 deus,
1552 886 1716 928 mente
1734 881 2016 945 praeditus,
2038 895 2137 943 qua
2160 884 2341 931 omnia

1383 956 1636 1013 regantur,
1662 948 1820 1002 Acad.
1843 964 1920 1014 pr.
1942 951 1993 1010 2,
2014 950 2100 1009 41,
2124 951 2250 1003 126.
2270 978 2341 987 --

1384 1017 1546 1067 Stoici
1590 1018 1759 1067 omnia
1808 1018 1971 1069 solent
2016 1016 2083 1068 ad
2124 1020 2339 1083 igneam

1384 1086 1486 1136 vim
1526 1084 1745 1149 referre,
1778 1087 2085 1137 Heraclitum
2114 1099 2336 1151 sequen-

1384 1162 1480 1213 tes,
1514 1155 1579 1204 de
1602 1169 1652 1202 n.
1679 1155 1733 1207 d.
1761 1154 1812 1215 3,
1843 1156 1928 1216 14,
1956 1156 2043 1208 35.
2072 1182 2133 1191 —-
2174 1156 2336 1207 Stoici

1386 1222 1567 1283 solent,
1603 1238 1759 1285 quum
1788 1224 2055 1273 artificium
2078 1224 2336 1292 effingunt

1386 1292 1734 1355 fabricamque
1769 1293 2015 1355 divinam,
2049 1310 2202 1357 quam
2232 1296 2335 1344 sint

1387 1363 1557 1411 omnia
1578 1362 1629 1409 in
1650 1361 1871 1411 hominis
1886 1363 2047 1427 figura
2062 1378 2164 1414 non
2177 1364 2332 1413 modo

1386 1431 1451 1480 ad
1474 1445 1639 1491 usum,
1657 1446 1828 1480 verum
1844 1433 1995 1481 etiam
2010 1434 2077 1482 ad
2089 1440 2332 1485 venusta-

1384 1508 1487 1549 tem
1516 1506 1651 1565 apta,
1694 1500 1999 1563 describere,
2039 1502 2112 1553 Ib.
2148 1500 2197 1561 1,
2244 1500 2328 1561 18,

1383 1570 1469 1622 47.
1488 1566 1736 1618 —Placet
1750 1568 1936 1618 Stoicis
1958 1583 2089 1631 quae
2112 1571 2164 1618 in
2180 1570 2329 1619 terris

1384 1639 1683 1704 gignantur,
1743 1638 1809 1687 ad
1864 1652 2015 1687 usum
2064 1638 2328 1688 hominum

1384 1708 1553 1756 omnia
1584 1708 1765 1765 creari,
1794 1706 2026 1756 homines
2048 1714 2221 1757 autem
2238 1707 2330 1757 ho-

1381 1778 1575 1825 minum
1608 1790 1763 1825 causa
1794 1790 1906 1825 esse
1938 1783 2227 1841 generatoS,
2266 1777 2328 1825 de

1384 1845 1471 1897 off.
1495 1845 1542 1908 1,
1574 1845 1625 1905 7,
1658 1846 1739 1895 22.
1773 1872 1839 1881 -
1873 1840 2099 1897 Stoicum
2132 1856 2327 1911 estnec

1384 1914 1663 1965 admodum
1704 1914 1943 1966 credibile
1982 1913 2176 1964 nullum
2216 1929 2326 1964 esse

1381 1984 1544 2050 pilum
1576 1983 1810 2033 omnibus
1828 1985 1981 2034 rebus
1999 1984 2167 2048 talem,
2204 2000 2324 2048 qua·

1381 2053 1446 2102 lis
1488 2053 1555 2101 sit
1589 2051 1721 2101 alius
1759 2052 1921 2116 pilus,
1974 2053 2171 2102 nullum
2208 2068 2322 2118 gra-

1380 2135 1531 2180 num,
1578 2121 1737 2171 Acad.
1782 2136 1863 2186 pr.
1905 2125 1967 2179 2,
2009 2121 2094 2183 26,
2134 2121 2222 2173 85.
2258 2149 2326 2160 —-

1382 2189 1669 2241 Stoicorum
1723 2190 1907 2239 facilis
1938 2192 2195 2240 conclusio
2234 2200 2323 2250 est,

1379 2267 1462 2322 ut,
1514 2260 1656 2309 cuius
1698 2261 1748 2307 in
1787 2265 2037 2324 potestate
2072 2274 2323 2308 summum

1381 2329 1589 2392 bonum,
1612 2328 1664 2376 in
1686 2328 1915 2378 eiusdem
1937 2330 2039 2378 vita
2057 2329 2210 2378 beata
2230 2331 2321 2378 sit:

1380 2398 1454 2447 ita
1471 2397 1526 2446 fit
1546 2411 1747 2462 semper
1762 2399 1871 2447 vita
1890 2398 2038 2448 beata
2056 2399 2320 2462 sapientis,

1381 2465 1583 2519 Tuscul.
1620 2465 1670 2523 5,
1697 2465 1783 2524 28,
1816 2465 1901 2519 82.
1944 2467 2016 2518 Ib.
2037 2465 2087 2530 5,
2118 2465 2203 2527 29,
2238 2465 2318 2516 83.

1381 2562 1446 2572 --
1461 2533 1644 2585 Stoicis
1663 2533 1777 2584 finis
1798 2536 2077 2585 consentire
2096 2543 2319 2594 naturae,

1322 2660 1327 2666 ,
1382 2605 1518 2668 quod
1542 2619 1656 2654 esse
1678 2603 1853 2653 volunt
1873 2620 1900 2655 e
1924 2605 2125 2664 virtute,
2155 2605 2209 2654 id
2229 2610 2317 2662 est,

1379 2672 1591 2724 honeste
1612 2675 1782 2722 vivere
1804 2681 1921 2732 etc.,
1953 2673 2015 2721 de
2036 2672 2144 2735 fin„
2164 2674 2213 2735 2,
2238 2673 2315 2730 11,

1379 2741 1464 2793 34.
1488 2741 1550 2790 cl.
1566 2741 1837 2803 Tuscu1.5‚
1862 2741 1948 2803 30,
1970 2741 2059 2794 84.
2076 2767 2145 2778 —
2167 2740 2316 2790 Stoici

1380 2811 1701 2875 ‘praecipua'
1724 2811 1801 2859 vel
1823 2811 2110 2875 ‘producta’
2134 2810 2316 2866 dicunt,

1381 2893 1509 2940 quae
1554 2879 1689 2928 bona
1727 2878 2068 2944 Peripatetici,
2112 2877 2309 2928 Tuscul.

1378 2948 1430 3005 5,
1471 2947 1555 3012 16,
1602 2949 1689 3000 47.
1726 2975 1785 2984 -—
1822 2948 2009 2998 Facere
2047 2949 2231 3012 omnia,
2264 2955 2315 2994 ut

1380 3015 1729 3083 adipiscamur
1760 3031 1890 3079 quae
1922 3017 2200 3067 secundum
2230 3029 2315 3064 na·

1378 3092 1543 3134 turam
1574 3086 1693 3146 sint,
1727 3087 1879 3135 etiam
1906 3086 1951 3134 si
1974 3100 2034 3135 ea
2054 3099 2153 3136 non
2177 3085 2316 3134 adse-

1380 3169 1610 3217 quamur,
1649 3151 1704 3203 id
1742 3169 1855 3204 esse
1893 3160 1943 3203 et
1975 3154 2239 3204 honesturn
2271 3159 2315 3201 et

1379 3223 1541 3272 solum
1563 3237 1657 3287 per
1676 3237 1732 3271 se
1744 3224 2080 3288 expetendum
2097 3230 2145 3271 et
2158 3222 2313 3271 solum

1378 3289 1745 3340 bonum-Stoici
1765 3292 1957 3350 dicunt,
1992 3292 2057 3341 de
2076 3292 2162 3342 fin.
2188 3292 2236 3350 5,
2267 3291 2313 3348 7,

1376 3357 1463 3410 20.
1482 3385 1539 3395 -—
1558 3359 1741 3408 Eorum
1767 3360 1995 3408 doctrina
2014 3360 2077 3408 de
2090 3359 2312 3419 honesto,

1380 3427 1443 3475 de
1465 3426 1547 3478 off.
1573 3425 1623 3489 3,
1656 3425 1707 3486 3,
1741 3427 1823 3477 11.
1870 3427 1936 3476 cl.
1960 3428 2023 3476 de
2046 3425 2132 3479 flu.
2157 3429 2205 3487 2,
2233 3425 2313 3486 21,
