2500 3850
279 166 350 212 L.
379 163 806 212 curvamus
839 185 922 196 ——-
947 165 1020 211 M.
1045 143 1294 214 nuruis
1320 164 1477 214 Piso
1503 163 2056 216 cALPnnmANUS.
2136 155 2215 218 63

191 321 284 380 16,
307 319 394 372 38.
418 319 681 378 Quomodo
699 322 1028 386 magistratus
1047 321 1139 371 ad-

191 397 405 440 secutus
427 390 519 448 sit,
541 389 593 436 in
611 389 781 440 Pison.
811 390 858 450 1,
881 391 930 440 2.
962 389 1023 438 Ei
1045 405 1138 454 po-

189 457 350 524 pulos
381 458 570 508 liberos
607 458 803 508 vinctos
837 465 884 508 et
920 460 1137 509 constri-

188 536 304 578 ctos
324 527 536 577 tradidit
553 526 610 580 Ρ.
637 525 843 577 Clodius
857 566 871 589 ,
901 527 965 577 de
984 527 1134 578 domo

187 612 290 648 sua
323 595 384 656 9,
414 596 500 648 23.
528 622 593 630 -
622 595 823 660 Capuae
842 597 1135 646 duumvira-

187 677 304 715 tum
327 666 552 732 gerebat,
570 679 722 726 quum
740 665 914 715 consul
934 672 1068 716 esset
1083 680 1130 714 a.

187 750 243 782 u.
269 751 316 784 c.
350 733 505 795 696„
536 748 628 797 pro
660 733 826 783 Sestio
856 733 906 798 8,
942 732 1022 786 19.
1055 734 1130 787 lb.

185 803 256 865 9,
288 803 377 854 20.
413 804 488 853 lb.
521 803 612 865 14,
650 801 735 854 32.
780 804 852 852 ΙΙ).
907 801 1004 864 32,
1045 804 1128 856 70.

185 873 269 922 Ib.
295 871 384 931 43,
411 871 496 923 93.
518 897 584 906 —-
605 869 806 936 Capuae
829 871 1006 921 consul
1032 873 1134 922 iro-

186 943 311 991 nice
333 942 542 1000 dicitur,
570 939 626 990 id
651 946 754 1001 est,
780 941 1018 990 duumvir
1035 941 1132 990 iuri

187 1010 449 1071 dicundo,
477 1010 530 1058 in
555 1009 729 1061 Pison.
767 1010 859 1072 11,
891 1011 977 1061 24.
1017 1018 1134 1074 post

188 1080 304 1134 red..
333 1080 384 1128 in
409 1093 516 1128 sen.
539 1080 592 1143 7,
616 1076 696 1127 17.
715 1077 926 1130 —Eum
949 1077 1135 1130 Caeso-

187 1149 372 1201 ninum
389 1147 700 1200 calventium
719 1146 945 1213 appellat
956 1147 1132 1198 Cicero

187 1220 259 1268 de
295 1231 439 1281 prov.
469 1231 609 1267 cons.
629 1218 690 1280 4,
724 1217 774 1269 7.
813 1217 865 1265 in
884 1217 1056 1267 Pison.
1078 1217 1129 1277 6,

190 1288 282 1338 14.
325 1292 444 1351 post
471 1285 582 1335 red.
617 1287 669 1334 in
700 1299 808 1344 sen.
846 1285 902 1345 6,
947 1286 1030 1337 13.
1061 1309 1128 1322 --

184 1355 312 1404 Piso
350 1364 398 1404 et
430 1353 674 1404 Gabinius
686 1388 702 1413 ,
740 1369 894 1417 quum
925 1359 1132 1406 senatus

187 1439 282 1474 eos
295 1458 312 1485 ,
333 1431 388 1475 ut
408 1423 472 1472 de
493 1421 731 1473 Cicerone
751 1419 1014 1482 referrent,
1038 1423 1130 1472 fla-

186 1493 396 1558 gitaret,
413 1508 470 1542 se
483 1492 716 1543 dicebant
730 1492 842 1557 lege
857 1492 1022 1543 Clodii
1036 1493 1129 1540 im-

165 1562 391 1626 pediri,
424 1561 488 1612 de
522 1561 670 1611 domo
699 1576 794 1611 sua
824 1562 918 1624 26,
955 1562 1038 1612 70.
1061 1587 1130 1598 --

184 1629 458 1681 Invehitur
477 1625 528 1680 ifi
547 1645 634 1680 eos
650 1630 825 1680 Cicero
844 1644 936 1695 pro
957 1630 1126 1680 Plane.

181 1701 274 1760 35,
296 1698 384 1750 86.
413 1725 480 1736 --
496 1699 613 1750 Piso
639 1698 813 1750 consul
831 1699 1024 1749 Dianae
1046 1713 1130 1748 sa·-

184 1768 380 1819 cellum
397 1768 450 1818 in
467 1767 688 1820 Caeliolo
707 1767 931 1828 sustulit,
952 1769 1016 1819 de
1035 1767 1127 1818 ha-

183 1852 338 1902 rusp.
377 1851 514 1903 resp.
556 1837 647 1898 15,
691 1837 776 1889 32.
804 1865 870 1874 —-
909 1838 970 1890 L.
1009 1837 1125 1887 Piso

183 1915 402 1973 propter
427 1908 764 1957 taeterrimam
800 1907 1126 1959 Macedoniae

184 1977 680 2027 administrationem
735 1979 978 2027 acerrime
1037 1990 1126 2027 ex-

188 2047 446 2111 agitatur,
469 2046 533 2095 de
550 2060 696 2110 prov.
719 2060 857 2095 cons.
878 2048 930 2111 2,
949 2050 986 2098 4
1011 2062 1122 2109 sqq.

187 2118 242 2163 in
261 2116 438 2167 Pison.
465 2114 566 2175 16,
583 2113 670 2167 38.
693 2140 760 2149 —-
778 2114 850 2163 De
883 2132 942 2165 eo
963 2117 1126 2165 detre-

184 2189 290 2232 ctat
325 2180 526 2247 Cicero,
565 2184 632 2233 ad
673 2183 731 2243 Q.
771 2184 834 2233 fr.
878 2184 940 2249 3,
985 2186 1040 2244 1,
1072 2185 1124 2238 7.

181 2254 234 2313 S.
258 2253 348 2303 24.
374 2277 424 2289 —-
448 2253 508 2303 L.
529 2253 646 2304 Piso
666 2252 976 2305 Caesoninus
995 2261 1125 2303 tecto

181 2322 394 2374 nomine
417 2323 598 2371 dicitur
611 2321 898 2372 Calventius
919 2322 1126 2383 Marius,

183 2392 254 2439 ad
274 2389 332 2447 Q.
356 2390 419 2439 fr.
440 2390 491 2455 3,
517 2391 564 2450 1,
583 2394 635 2443 4.
657 2392 707 2452 S.
731 2391 814 2443 11.
837 2416 906 2429 ·—
924 2393 1126 2443 Pisonis

181 2459 275 2508 iud
281 2460 434 2509 icium
450 2460 512 2510 de
525 2475 709 2525 genere
721 2460 937 2511 Caesare
952 2459 1124 2511 Cicero

183 2528 479 2593 suspicatur
494 2530 662 2579 visum
685 2530 746 2577 iri
765 2544 922 2595 grave
939 2544 986 2579 a.
1001 2545 1052 2583 ιι.
1079 2544 1123 2579 c.

185 2597 330 2654 705..
363 2598 432 2647 ad
449 2599 553 2648 Att.
578 2599 629 2663 7,
658 2597 722 2649 13
746 2612 826 2659 a.‚v
851 2600 902 2651 2.
928 2602 995 2635 “-
1017 2598 1125 2647 Ad·-

183 2666 363 2715 iuvare
412 2667 594 2717 dicitur
632 2667 752 2718 Piso
801 2682 1006 2717 causam
1051 2668 1125 2716 rei

180 2734 448 2799 publicae,
487 2737 624 2798 quod
651 2736 714 2785 ab
743 2737 870 2787 urbe
907 2736 1126 2793 discedit

181 2814 232 2851 et
279 2804 490 2855 sceleris
539 2806 838 2855 condemnat
879 2820 1124 2871 generum

181 2886 362 2936 suum,
391 2874 459 2925 ad
487 2872 611 2923 fam.
647 2875 741 2935 14,
780 2874 869 2935 14,
895 2876 944 2925 2.
971 2904 1040 2915 -
1060 2874 1120 2923 L.

177 2943 300 2991 Piso
320 2943 628 2992 mentionem
651 2943 774 2993 facit
791 2944 844 2993 in
861 2950 1038 2994 senatu
1059 2944 1124 2993 de

180 3010 350 3059 reditu
379 3012 445 3062 M.
478 3010 705 3061 Marcelli
737 3028 782 3061 a.
815 3029 866 3063 u.
901 3030 947 3065 c.
981 3012 1120 3076 7⁰8„

181 3080 247 3128 ad
269 3078 395 3131 fam.
425 3084 476 3143 4,
499 3083 563 3139 4,
587 3080 636 3131 3.
695 3080 763 3131 cf.
797 3082 864 3132 ad
895 3083 1000 3132 Att.
1037 3082 1120 3142 13,

178 3149 242 3207 4,
286 3149 337 3202 2.
391 3176 455 3187 —-
491 3148 665 3199 Pisoni
704 3150 825 3212 quid
865 3158 942 3201 est
985 3151 1126 3213 quod

179 3214 448 3269 honestius
505 3220 812 3283 respondere
864 3221 1121 3284 possimus

183 3300 331 3345 quam
351 3287 680 3337 solitudinem
702 3287 942 3338 Catonis?
969 3288 1046 3353 (a.
1067 3304 1119 3341 u.

182 3368 224 3405 c.
246 3354 399 3420 709.)
419 3356 488 3405 ad
507 3356 608 3406 Ait.
633 3356 715 3421 14,
740 3357 789 3420 6,
811 3358 861 3407 2.
883 3381 954 3395 —-
972 3360 1121 3408 Inan-

182 3422 286 3473 divi
309 3424 368 3479 L.
399 3424 634 3475 Pisonem
668 3425 800 3476 velle
823 3426 958 3476 exire
984 3426 1119 3491 lega-

1280 327 1385 370 tum
1404 337 1453 370 a.
1476 337 1527 370 u.
1551 336 1592 372 c.
1615 321 1764 387 710.,
1792 323 1862 371 ad
1881 323 1985 372 Att.
2010 323 2101 382 15,
2128 324 2215 384 26,

1282 391 1329 443 1.
1366 409 1431 426 -·-
1460 389 1588 440 Eum
1611 390 1662 440 in
1696 391 1893 440 caelum
1924 392 2118 442 ferebat
2144 393 2211 446 M.

1279 458 1464 508 Brutus
1490 475 1533 509 a.
1556 474 1609 511 u.
1643 475 1685 509 c.
1710 459 1828 513 710.
1847 494 1862 521 ,
1898 460 1964 509 ad
1996 461 2094 511 Att.
2130 461 2214 525 16,

1277 529 1328 590 7,
1357 529 1387 579 5
1414 543 1525 592 sqq.
1565 529 1689 578 Eius
1715 531 1874 578 oratio
1896 529 2005 583 Kal.
2031 529 2212 580 Sextii.

1280 611 1326 644 a.
1363 613 1413 645 ιι.
1457 613 1505 646 c.
1547 597 1665 648 710.
1716 599 1767 646 in
1810 605 1986 647 senatu
2022 597 2213 659 habita,

1274 663 1499 730 Philipp.
1529 666 1577 726 1,
1608 669 1659 725 4,
1688 666 1769 718 10.
1792 693 1858 703 -
1878 665 2036 718 Nemo
2055 669 2113 718 L.
2133 668 2216 717 Pi-

1274 735 1388 784 soni
1413 734 1699 786 consularis
1733 751 1797 786 ne
1832 736 1973 786 vultu
2009 737 2216 798 quidem

1274 803 1525 854 adsensus
1554 812 1661 866 est,
1682 805 1757 856 lb.
1783 805 1839 865 1,
1862 804 1921 870 6,
1956 806 2037 856 14.
2067 807 2138 856 Ib.
2162 807 2213 864 5,

1274 873 1324 932 7,
1351 872 1429 927 19.
1450 897 1523 910 —-
1552 873 1795 940 Princeps
1824 875 2044 924 civitatis
2074 889 2120 923 a.
2158 891 2210 928 u.

1272 957 1316 990 c.
1338 941 1480 1003 711.,
1502 941 1727 1009 Philipp.
1750 941 1802 1002 8,
1828 943 1910 1007 10,
1932 943 2017 994 28.
2038 944 2212 994 —Le-

1272 1017 1422 1075 gatus
1456 1011 1523 1060 ad
1565 1013 1872 1073 Antonium,
1900 1011 2121 1078 Philipp.
2159 1011 2211 1072 9,

1275 1079 1321 1142 1,
1351 1079 1397 1129 1.
1420 1105 1491 1116 —
1514 1079 1572 1130 L.
1593 1080 1711 1131 Piso
1731 1082 1783 1132 in
1810 1082 2087 1132 Antonium
2109 1082 2213 1147 pri-

1270 1163 1384 1199 mus
1407 1148 1637 1199 invectus
1669 1159 1771 1213 est,
1804 1150 1871 1200 ad
1894 1149 2013 1200 fam.
2046 1151 2127 1211 12,
2158 1153 2211 1207 2.

1274 1218 1323 1269 1.
1344 1243 1414 1254 -
1438 1219 1763 1284 vituperatur
1787 1221 1899 1270 eius
1926 1219 2113 1285 legatio
2144 1221 2211 1270 ad

1272 1287 1543 1336 Antonium
1559 1325 1574 1350 ,
1597 1289 1672 1338 ΙΙ).
1693 1291 1745 1352 4,
1769 1289 1816 1339 1.
1836 1314 1903 1324 -
1924 1288 2051 1339 Eius
2067 1303 2212 1352 prae-

1271 1355 1415 1405 clara
1443 1369 1545 1405 vox
1584 1371 1683 1406 nou
1722 1357 1887 1408 solum
1924 1357 1976 1405 in
2013 1364 2209 1415 senatu,

1271 1424 1366 1474 sed
1403 1425 1556 1473 etiam
1584 1425 1636 1473 in
1676 1427 1908 1474 contione
1950 1426 2060 1474 iure
2105 1425 2211 1474 lau·

1272 1493 1391 1542 data
1410 1500 1515 1553 est,
1539 1493 1762 1558 Philipp.
1786 1494 1867 1551 12,
1890 1492 1941 1550 6,
1970 1494 2053 1544 14.

1200 1559 1264 1612 Ia.
1304 1559 1669 1626 Calpurnius,
1698 1561 1955 1614 Ciceronis
1995 1563 2209 1626 amicus,

1270 1645 1363 1696 pro
1386 1629 1531 1680 Caec.
1559 1631 1640 1694 12,
1660 1631 1744 1682 35.

1199 1697 1263 1749 Ia.
1289 1696 1629 1765 Calpurnius
1648 1697 1801 1750 Piso.
1840 1699 2001 1768 Legio
2017 1736 2033 1762 ,
2058 1716 2209 1763 quam

1268 1768 1326 1817 L.
1354 1769 1473 1818 Piso
1504 1769 1722 1820 ducebat
1749 1769 1949 1836 legatus
1982 1772 2207 1834 Antonii,

1270 1836 1530 1888 Ciceronis
1568 1838 1675 1888 filio
1716 1853 1772 1888 se
1812 1839 2018 1889 tradidit
2070 1854 2117 1888 a.
2153 1856 2206 1890 u.

1270 1921 1317 1957 c.
1354 1906 1505 1969 711.,
1538 1908 1761 1974 Philipp.
1797 1907 1889 1969 10,
1924 1907 1987 1972 6,
2024 1906 2107 1962 13.
2140 1936 2207 1945 -

1267 2003 1333 2013 —-
1353 1976 1411 2027 L.
1445 1978 1563 2029 Piso
1586 1978 1855 2027 familiaris
1890 1977 1956 2029 M.
1977 1978 2205 2040 Antonii,

1266 2046 1491 2112 Philipp.
1516 2046 1596 2109 12,
1622 2046 1668 2109 1,
1704 2047 1751 2096 1.

1204 2112 1542 2179 Calpurnius
1559 2152 1573 2179 ‚
1593 2117 1661 2165 M.
1682 2116 1888 2166 Antonii
1914 2114 2207 2166 familiaris-

1270 2186 1430 2233 simus
1448 2222 1460 2244 ‚
1490 2185 1556 2234 ad
1574 2185 1682 2236 ΑΜ.
1710 2183 1789 2245 10,
1814 2184 1865 2235 8.
1887 2185 1949 2237 Α.
1972 2186 2023 2233 2.

1198 2251 1278 2304 Μ.
1323 2252 1537 2319 Pupius
1584 2251 1722 2304 Piso
1774 2249 2202 2319 Calpurnianus.

1266 2320 1457 2389 Pupius
1483 2323 1649 2371 dictus
1672 2331 1776 2387 est,
1806 2324 1925 2384 quia
1944 2337 2057 2371 eum
2082 2322 2204 2370 ado-

1268 2392 1431 2456 ptavit
1472 2390 1539 2439 M.
1568 2391 1792 2455 Pupius,
1824 2391 1887 2439 de
1924 2389 2073 2439 domo
2111 2404 2207 2439 sua

1270 2458 1365 2522 13,
1397 2458 1482 2510 35.
1517 2484 1584 2495 -
1613 2458 1679 2509 M.
1709 2458 1855 2518 Piso,
1882 2457 2109 2518 aequalis
2142 2457 2223 2516 Q..

1266 2528 1541 2585 Hortensii,
1568 2529 1701 2577 Brut.
1720 2526 1805 2589 64,
1824 2524 1942 2577 230.
1956 2550 2023 2562 -—
2040 2526 2205 2585 Quae-

1267 2604 1373 2647 stor
1398 2596 1457 2645 L.
1482 2596 1737 2663 Scipionis
1763 2594 1985 2647 consulis
2005 2608 2053 2644 a.
2080 2610 2129 2645 u.
2153 2612 2198 2650 c.

1264 2664 1407 2724 671..
1431 2668 1575 2719 Verr.
1604 2672 1823 2715 accusat.
1849 2666 1897 2725 1,
1920 2665 2003 2725 14,
2026 2664 2111 2719 37.
2132 2692 2203 2703 ·-—

1263 2735 1325 2784 Ei
1346 2736 1395 2783 in
1416 2736 1693 2786 aedilitatis
1715 2734 1956 2799 petitione
1982 2734 2202 2799 populus

1262 2804 1503 2869 praetulit
1521 2804 1589 2857 M.
1615 2804 1789 2855 Seium
1803 2841 1818 2865 ,
1840 2818 1931 2870 pro
1951 2804 2124 2853 Planc-
2146 2806 2198 2867 5,

1266 2873 1349 2925 12.
1374 2875 1446 2923 lb.
1463 2875 1549 2937 21,
1564 2873 1841 2927 51.-Ρι·ο
1856 2880 2088 2939 praetore
2108 2872 2203 2922 fuit

1264 2942 1570 3007 Hispaniae,
1600 2958 1695 3010 pro
1730 2942 1909 2993 Flacco
1946 2941 2011 3003 3,
2051 2941 2101 2993 6.
2133 2948 2217 2977 -’

1264 3011 1451 3062 Consul
1472 3028 1521 3066 a.
1546 3030 1598 3063 ιι.
1621 3028 1667 3061 c.
1689 3010 1809 3065 693.
1837 3020 1911 3061 est
1932 3010 2199 3074 impositus

1260 3082 1306 3130 is
1328 3081 1503 3143 nobis,
1538 3096 1684 3145 quem
1714 3095 1862 3133 nemo
1887 3087 2086 3143 praeter
2105 3093 2199 3129 nos

1262 3149 1600 3215 philosophos
1632 3150 1861 3214 aspicere
1884 3150 1993 3196 sine
2031 3148 2199 3213 suspi-

1260 3220 1361 3268 ritu
1382 3219 1572 3283 possit,
1606 3219 1671 3268 ad
1702 3218 1808 3265 Att.
1837 3216 1895 3278 1,
1922 3216 2013 3277 18,
2048 3214 2096 3273 3,.
2131 3216 2195 3267 cl'.

1261 3289 1327 3339 ad
1347 3288 1449 3335 Att.
1476 3286 1523 3347 1,
1544 3287 1625 3349 12,
1648 3289 1697 3335 4.
1718 3286 1789 3333 lb.
1810 3284 1857 3345 1,
1874 3284 1956 3345 13,
1978 3288 2029 3336 2.
2054 3286 2127 3334 lb.
2142 3286 2192 3348 4,

1261 3357 1355 3418 14,
1385 3355 1437 3408 6.
1460 3382 1525 3390 -
1555 3354 1871 3420 Desponsam
1894 3355 1941 3403 ei
1967 3354 2069 3403 iam
2100 3354 2196 3417 Sy-

1256 3426 1386 3475 riam
1410 3424 1600 3475 ademit
1618 3423 1809 3485 Cicero,
1832 3423 1898 3473 ad
1912 3424 2015 3475 Att.
2036 3424 2087 3483 4,
2108 3421 2193 3481 16,
