2500 3850
246 189 361 250 192

306 374 361 423 p.
383 357 504 409 253.
528 383 596 394 —-
617 357 775 405 Tanta
813 356 863 404 in
898 373 957 408 eo
993 352 1239 422 (victore)

306 427 552 492 peccandi
573 425 727 478 libido
750 425 860 488 fuit,
880 433 936 476 ut
952 426 1051 475 hoc
1072 427 1242 488 ipsum

307 513 423 546 eum
468 496 741 546 delectaret
793 504 1032 560 peccare‘,
1090 494 1240 542 etiam

308 567 353 614 si
376 580 529 614 causa
548 579 649 615 non
670 572 832 629 esset,
871 564 935 614 dc
967 563 1053 614 off.
1078 563 1131 622 2,
1153 563 1247 630 24,

307 635 395 687 84.
418 662 489 672 —-
506 633 694 684 Caesar
719 648 873 696 quum
892 632 1140 696 quosdam
1163 645 1242 679 or-

306 719 427 753 nare
447 703 635 766 voluit,
663 717 762 752 non
795 701 911 752 illos
938 701 1240 760 honestavit,

306 776 399 823 sed
463 780 755 822 ornamenta
824 774 939 836 ipse
1001 769 1241 833 turpavit,

306 842 491 906 fragm.
510 858 563 907 p.
587 842 710 894 294.
730 869 797 877 —
828 843 887 890 In
924 855 1012 890 ore
1046 853 1249 904 semper

304 910 526 961 Graecos
547 925 727 961 versus
747 910 809 958 de
833 909 1127 959 Phoenissis
1154 909 1244 958 ha-

309 981 490 1029 bebat:
539 972 700 1028 ‘Nam
740 979 785 1027 si
824 977 1121 1030 violandum
1170 987 1247 1027 est

308 1050 387 1097 ius
437 1049 687 1112 regnandi
730 1050 897 1112 gratia
949 1047 1246 1098 violandum

302 1125 383 1166 est
404 1120 517 1170 etc.’
548 1119 612 1168 de
633 1117 722 1169 off.
746 1117 778 1166 3
797 1155 811 1179 ,
834 1118 930 1182 21,
953 1117 1021 1167 82
1040 1133 1155 1182 sqq.
1177 1144 1247 1156 —-·

306 1186 496 1237 Caesar
530 1188 698 1240 omnia
742 1187 852 1237 iura
883 1186 1056 1236 divina
1096 1195 1245 1249 atque

308 1256 527 1306 humana
565 1258 810 1322 pervertit
852 1265 1063 1322 propter.
1109 1271 1243 1315 eum,

308 1341 457 1387 quem
494 1327 591 1376 sibi
630 1327 742 1391 ipse
784 1327 1043 1391 opinionis
1076 1339 1247 1375 errore

310 1395 551 1457 finxerat,
582 1396 925 1460 principatum
943 1432 958 1460 ,
1000 1395 1063 1445 de
1084 1395 1168 1448 off.
1195 1395 1245 1454 1,

302 1464 372 1524 8,
418 1464 502 1516 26.
530 1493 601 1502 --
632 1465 1004 1530 Lupercalibus
1045 1464 1096 1514 d.
1132 1463 1245 1514 XV.

229 1528 237 1534 ’
307 1549 468 1583 menS.
499 1536 646 1587 Febr.
669 1551 714 1584 a.
739 1551 791 1588 u.
816 1533 995 1585 0.710.
1052 1533 1118 1586 M.
1144 1536 1248 1582 An-

304 1605 475 1652 tonius
512 1604 748 1654 diadema
782 1619 936 1666 quum
986 1604 1246 1667 imponere

305 1670 483 1730 vellet,
514 1671 698 1721 Caesar
726 1673 927 1723 abiecit.
1003 1672 1136 1731 Quid
1156 1672 1246 1720 ad-

306 1741 462 1788 scribi
499 1741 707 1790 iusserit
748 1748 857 1790 tum
895 1742 1147 1790 Antonius
1193 1744 1244 1788 in

307 1809 455 1858 fastis
487 1809 552 1858 ad
582 1808 907 1874 Lupercalia,
936 1807 1158 1875 Philipp.
1189 1811 1242 1872 2,

308 1877 391 1942 34,
406 1876 564 1929 87.—
579 1877 741 1937 Quum
762 1877 1045 1928 immolaret
1057 1879 1245 1929 Caesar

306 1947 397 1997 illo
422 1948 522 2009 die,
561 1961 659 2009 quo
678 1950 898 2013 primum
922 1948 974 1996 in
994 1947 1123 1997 sella
1153 1962 1242 1996 au·

308 2031 395 2067 rea
426 2017 559 2067 sedit
590 2024 638 2066 et
664 2031 777 2067 cum
815 2032 1075 2081 purpurea
1099 2023 1241 2068 veste

306 2088 559 2149 processit
577 2122 590 2145 ,
630 2087 684 2133 in
725 2088 857 2135 extis
892 2087 1040 2135 bovis
1083 2087 1247 2151 opimi

306 2170 392 2204 cor
419 2169 521 2203 non
549 2153 647 2203 fuit
667 2163 760 2207 etc.
806 2158 871 2205 de
894 2156 1051 2204 divin.
1074 2155 1135 2214 1,
1155 2155 1243 2215 52,

306 2221 423 2272 119.
452 2223 517 2274 cl.
539 2224 607 2271 ib.
631 2225 683 2284 2,
710 2223 792 2287 16,
813 2223 896 2275 36.
914 2248 971 2259 -
997 2223 1069 2272 De
1089 2224 1245 2274 caede

308 2292 542 2342 Caesaris
575 2293 628 2341 in
664 2294 809 2343 curia
839 2292 1067 2356 Pompeii
1093 2292 1245 2351 facta,

307 2361 370 2411 de
392 2362 546 2412 divin.
580 2362 643 2426 2,
692 2362 751 2420 9,
796 2360 879 2412 23.
922 2386 979 2398 -
1023 2363 1097 2411 De
1134 2362 1243 2411 eius

308 2446 448 2492 nece,
470 2429 696 2497 Philipp.
720 2433 772 2494 2,
803 2431 887 2491 12,
915 2432 1001 2483 29.
1030 2457 1095 2467 -
1118 2429 1243 2481 Cae-

306 2516 391 2549 sar
424 2509 693 2565 tyrannus,
728 2502 791 2549 de
812 2500 897 2550 off.
921 2500 978 2562 1,
998 2498 1082 2559 31,
1104 2498 1241 2562 112.,

305 2570 369 2617 cl.
402 2570 469 2619 ib.
492 2568 524 2619 3
540 2606 555 2628 ,
575 2571 637 2633 4,
663 2569 744 2619 19.
764 2596 836 2605 —-
859 2570 1125 2619 Caesarem
1156 2570 1243 2631 qui

304 2640 507 2687 beatum
528 2638 687 2687 fuisse
706 2646 910 2702 putant,
949 2638 1123 2689 miseri
1144 2638 1244 2702 ipsi

306 2715 452 2765 sunt,
490 2705 714 2770 Philipp.
740 2706 799 2765 1,
823 2705 915 2765 14,
946 2706 1031 2757 35.
1077 2734 1147 2742 -
1184 2708 1242 2755 In

304 2772 517 2836 perditis
555 2775 827 2838 impiisque
864 2775 977 2824 eius
1016 2775 1241 2825 consiliis

304 2840 439 2889 nulla
459 2844 621 2904 potuit
642 2858 754 2891 esse
778 2842 1015 2906 felicitaS,
1053 2844 1237 2909 fragm.

303 2925 355 2974 Ρ.
391 2910 509 2961 255.
553 2936 623 2949 -·
666 2910 895 2959 Caesaris
918 2919 1029 2962 acta
1048 2928 1077 2961 e
1101 2928 1242 2963 com-

301 2980 617 3030 mentariolis
648 2987 697 3028 et
715 2979 1070 3045 chirographis
1100 2990 1149 3031 et
1182 2982 1240 3030 li-

302 3048 452 3098 bellis
472 3064 503 3097 a
523 3050 590 3097 M.
615 3050 835 3098 Antonio
854 3050 1085 3114 prolata,
1116 3050 1239 3101 Phi·

304 3118 429 3181 lipp.
456 3118 502 3178 1,
528 3120 577 3179 7,
603 3120 684 3170 16.
709 3144 781 3155 -
798 3118 873 3167 De
893 3118 948 3169 C.
965 3118 1106 3167 Matii
1126 3134 1239 3168 cum

302 3186 519 3237 Caesare
542 3186 900 3254 familiaritate,
928 3187 994 3237 ad
1012 3189 1131 3238 fam.
1156 3187 1239 3248 11,

302 3257 369 3304 27
388 3264 437 3305 et
454 3256 539 3307 28.
561 3284 628 3292 -
649 3256 883 3315 Queritur
895 3256 1067 3307 Cicero
1089 3258 1244 3306 inter-

303 3324 433 3373 fecto
471 3341 594 3391 rege
636 3326 808 3390 regios
858 3340 1031 3377 omnes
1084 3336 1236 3377 nutus

304 3394 589 3451 observari,
628 3395 699 3444 Ib.
734 3396 825 3452 12,
866 3396 927 3459 1,
968 3395 1017 3444 1.
1056 3420 1124 3430 -
1164 3394 1237 3444 De

302 3461 631 3527 inscriptione
688 3461 891 3513 Caesari
948 3464 1012 3513 ab
1072 3463 1234 3514 Anto-

962 199 1020 245 C.
1048 197 1281 246 IULIUS
1309 197 1596 245 CAESAR.

1383 355 1466 404 nio
1486 356 1536 403 in
1548 355 1747 403 Rostris
1773 353 1962 417 posita,
1989 352 2062 404 lb.
2085 351 2169 414 12,
2196 351 2248 414 3,
2273 353 2321 403 1.

1380 450 1451 461 -
1493 423 1583 472 Est
1609 423 1794 472 flamen
1827 429 1882 470 ut
1910 420 2035 480 Iovi,
2077 428 2134 468 ut
2156 421 2324 482 Marti,

1381 501 1436 542 ut
1457 493 1663 552 Quirino
1679 527 1694 552 ,
1729 491 1803 539 sic
1825 491 1945 540 divo
1963 489 2093 538 Iulio
2121 489 2187 538 M.
2217 491 2324 538 An-

1379 563 1582 622 tonius,
1619 559 1843 624 Philipp.
1876 561 1939 622 2,
1975 560 2074 629 45)
2113 558 2232 616 110,
2257 587 2327 598 -—

1384 629 1544 680 Multa
1565 629 1750 678 Siculis
1769 630 1957 685 Caesar
1981 634 2248 697 concessit,
2272 633 2325 682 in

1382 701 1464 748 his
1481 699 1826 762 Latinitatem,
1847 703 1914 752 ad
1933 701 2037 750 Att.
2064 701 2144 760 14,
2167 701 2250 764 12,
2275 702 2326 751 1.

1387 797 1446 807 --
1479 773 1618 831 Quae
1639 787 1668 820 e
1694 770 1841 820 falsis
1862 771 1917 822 C.
1934 769 2166 820 Caesaris
2187 785 2329 820 com-

1388 842 1652 890 mentariis
1672 840 2012 906 proferantur,
2034 839 2107 890 1b.
2134 839 2216 902 14,
2243 838 2327 903 13,

1387 910 1438 962 6.
1467 910 1718 970 01.ib.14,
1741 911 1825 972 14,
1847 912 1898 960 2.
1918 935 1987 945 -
2007 907 2181 959 Cicero
2202 922 2328 971 qua—

1387 995 1601 1042 cumque
1620 993 1676 1029 se
1699 985 2010 1039 commovet,
2047 979 2113 1027 ad
2142 978 2328 1028 Caesa-

1386 1050 1458 1098 ris
1488 1064 1588 1098 non
1619 1049 1769 1098 modo
1795 1056 1935 1110 acta,
1973 1063 2146 1096 verum
2172 1048 2329 1096 etiam

1387 1120 1606 1184 cogitata
1625 1127 1919 1176 revocatur,
1957 1117 2032 1166 Ib.
2059 1115 2140 1177 13,
2165 1114 2249 1177 17,
2273 1115 2328 1170 6.

1386 1214 1456 1224 --
1490 1188 1599 1247 Quo
1631 1188 1718 1236 die
1751 1187 1950 1236 audivit
1975 1186 2117 1236 illum
2153 1192 2329 1249 tyran-

1385 1272 1506 1306 num
1536 1258 1590 1306 in
1619 1258 1852 1306 contione
1881 1255 2220 1305 clarissimum
2252 1255 2331 1303 vi·

1387 1342 1498 1376 rum
1521 1326 1785 1392 appellari,
1806 1325 2036 1376 diffidere
2058 1323 2226 1387 coepit
2248 1322 2331 1372 Ci-

1389 1410 1524 1459 cero,
1565 1396 1636 1445 Ib.
1659 1396 1742 1456 15,
1764 1395 1860 1455 20,
1881 1397 1932 1447 2.
1954 1421 2024 1429 -
2044 1391 2153 1452 Quo
2173 1392 2329 1442 modo

1389 1481 1446 1516 se
1471 1466 1690 1530 gesserit
1718 1466 1768 1514 in
1798 1479 1951 1514 causa
1965 1461 2231 1512 Buthrotia
2263 1462 2329 1510 ab

1385 1536 1554 1584 Attico
1574 1540 1812 1599 suscepta
1831 1533 2100 1597 exponitur
2128 1530 2196 1580 ad
2218 1533 2326 1581 Att.

1387 1603 1454 1654 16
1473 1642 1486 1664 ‚
1519 1601 1601 1654 16.
1650 1605 1722 1652 Ib.
1741 1603 1804 1651 A.
1827 1617 1940 1664 sqq.
1961 1628 2028 1636 -
2057 1601 2180 1650 Post
2205 1598 2331 1650 Cae-

1389 1674 1520 1722 saris
1540 1673 1796 1720 interitum
1817 1670 2110 1721 consulibus
2140 1677 2190 1718 et
2211 1669 2331 1734 lege

1389 1750 1438 1788 et
1485 1748 1689 1790 senatus
1742 1739 1970 1789 consulto
2015 1739 2328 1804 permissum

1386 1818 1498 1876 est,
1552 1816 1606 1858 ut
1645 1811 1708 1860 de
1743 1810 1852 1859 eius
1887 1809 2014 1858 actis
2055 1823 2331 1873 cognosce·

1385 1887 1520 1943 rent,
1562 1886 1862 1940 statuerent,
1903 1877 2212 1939 iudicarent,
2247 1877 2326 1929 lb.

1388 1948 1480 2009 16,
1505 1947 1590 2001 16.
1622 1948 1680 2001 Β.
1701 1986 1714 2010 ,
1737 1949 1789 2001 8.
1809 1975 1880 1985 —·
1897 1948 2130 1997 Accessit
2159 1948 2227 1997 ad
2245 1962 2329 1997 se·

1384 2028 1534 2067 natus
1573 2019 1859 2067 consultum
1901 2018 2019 2075 lex,
2055 2031 2187 2079 quae
2225 2016 2330 2065 lata

1386 2096 1462 2136 est
1483 2102 1530 2136 a.
1553 2087 1604 2136 d.
1622 2088 1709 2137 IV.
1765 2087 1891 2137 Non.
1914 2088 2024 2135 Iun.
2041 2121 2055 2144 ‚
2091 2100 2220 2148 quae
2241 2086 2332 2135 lex

1385 2171 1562 2205 earum
1603 2170 1806 2218 rerum,
1844 2169 1970 2218 quas
2001 2154 2188 2204 Caesar
2225 2163 2332 2203 sta-

1383 2225 1566 2275 tuisset
1580 2260 1595 2285 ,
1617 2225 1944 2284 decrevisset,
1965 2225 2178 2291 egisset,
2209 2218 2330 2273 con'-

1386 2294 1588 2344 suiibus
1641 2296 1983 2361 cognitionem
2022 2293 2164 2343 dedit
2184 2327 2199 2358 ,
2249 2294 2324 2343 lb.

1388 2362 1478 2427 16,
1506 2362 1586 2413 16.
1627 2361 1704 2428 C.,
1729 2363 1810 2414 11.
1843 2390 1918 2401 --
1935 2363 2064 2412 Acta
2092 2362 2330 2413 Caesaris

1384 2446 1484 2481 non
1527 2431 1680 2481 modo
1723 2434 1760 2482 ii
1781 2469 1794 2490 ,
1841 2446 2054 2495 quorum
2097 2431 2329 2494 interest,

1385 2501 1478 2550 sed
1518 2502 1673 2550 etiam
1709 2503 1782 2564 ii,
1819 2504 1906 2565 qui
1942 2502 2034 2551 illa
2068 2514 2170 2549 non
2205 2514 2331 2565 pro-

1383 2572 1506 2619 bant
1526 2606 1539 2629 ‚
1577 2571 1669 2619 otii
1713 2585 1869 2621 causa
1905 2570 2193 2620 confirmari
2238 2586 2330 2619 vo·

1382 2639 1517 2702 lunt,
1553 2640 1629 2692 lb.
1661 2640 1710 2701 §.
1736 2640 1817 2691 12.
1835 2676 1852 2703 ,
1889 2639 1954 2689 cl.
1979 2641 2040 2690 de
2064 2638 2150 2692 off.
2173 2640 2206 2687 2
2225 2674 2240 2697 ‚
2274 2639 2327 2699 7,

1382 2706 1468 2758 23.
1496 2731 1553 2743 —
1585 2708 1705 2757 Post
1735 2710 1847 2759 eius
1866 2709 2124 2759 interitum
2149 2722 2328 2758 omnes

1384 2790 1628 2826 novarum
1665 2779 2100 2842 perturbationum
2139 2791 2330 2827 causae

1383 2846 1558 2907 quaeri
1576 2847 1896 2906 videbantur,
1920 2848 1983 2897 de
1995 2846 2099 2913 fato
2123 2846 2240 2910 1,2.
2256 2872 2328 2883 —

1381 2913 1569 2964 Caesar
1598 2915 1938 2981 reprehensus
1969 2932 2001 2965 a
2020 2917 2078 2976 Q.
2104 2916 2327 2965 Curione

1380 2984 1434 3032 in
1465 2982 1592 3035 libro
1613 3021 1627 3044 ‚
1668 3000 1817 3048 quem
1849 2984 1935 3034 hic
1971 2987 2034 3034 de
2068 2984 2207 3033 illius
2241 3000 2323 3033 re-

1377 3053 1473 3101 bus
1492 3054 1651 3117 gestis
1675 3056 1907 3118 scripsit,
1928 3054 2068 3103 Brut.
2089 3051 2176 3110 60,
2198 3052 2321 3103 218.

1376 3144 1448 3159 —-
1479 3121 1842 3187 Amplissimae
1873 3124 2052 3173 laudes
2073 3124 2183 3172 eius
2217 3122 2324 3171 elo-

1385 3192 1645 3256 quentiae,
1678 3191 1816 3247 Brut.
1853 3194 1947 3254 72,
1983 3192 2103 3242 251.
2123 3216 2194 3227 —-
2221 3189 2324 3239 Lo·

1383 3274 1474 3309 cus
1495 3274 1561 3308 ex
1580 3261 1690 3310 eius
1708 3261 1835 3311 libro
1856 3263 2021 3326 primo
2041 3261 2104 3311 de
2126 3261 2325 3311 ratione

1379 3328 1559 3377 Latine
1588 3328 1828 3393 loquendi
1855 3331 1928 3395 (s.
1950 3332 2018 3381 de
2037 3326 2321 3395 analogia),

1379 3398 1432 3445 in
1495 3412 1595 3459 quo
1661 3398 1915 3449 Ciceronis
1977 3398 2322 3461 eloquentiam

1375 3466 1666 3531 praedicat,
1710 3469 1783 3523 Ib.
1808 3469 1874 3517 72
1892 3505 1908 3529 ,
1930 3467 2049 3523 253.
2087 3494 2157 3505 -
2194 3469 2322 3519 Eius
