2500 3850
202 177 320 240 154

192 345 488 410 Frentani,
518 361 609 412 pro
631 344 824 396 Cluent.
845 344 930 403 69,
954 344 1071 394 197.

192 419 464 470 Fretensc
496 430 659 475 mare,
690 413 878 464 fretum.
902 413 1097 463 Italiam
1127 414 1204 461 in-

207 507 215 517 ·
265 497 340 537 ter
359 495 409 536 et
430 486 681 543 Siciliam,
704 484 770 532 nd
790 483 889 532 Att.
917 483 1010 540 10,
1036 483 1094 542 7,
1118 481 1199 531 11.

271 583 336 594 -
358 557 553 604 Fretum
571 591 585 615 ,
608 553 674 602 ad
693 552 798 605 Att.
818 551 870 611 2,
896 552 943 601 1.
1002 597 1007 602 .

195 623 462 677 Frusinas
519 623 732 686 fundus,
789 620 1055 686 praedium
1104 633 1206 670 non

264 693 443 760 procul
470 707 501 741 a
531 691 743 741 Frusino
764 690 894 739 Latii
922 690 1141 754 oppido,
1176 703 1207 736 a

267 764 505 813 Cicerone
548 761 806 810 venditum
860 773 974 807 cum
1028 757 1205 806 condi-

267 835 411 882 cione
442 829 833 894 redemptioniS,
876 828 943 877 ad
977 828 1077 876 Att.
1118 825 1201 890 ll,

264 904 316 964 4,
343 901 388 950 1.
426 900 500 948 ΙΙ).
527 899 608 962 11,
635 897 719 956 13,
740 899 792 948 4.

196 969 360 1021 Fufia
380 969 491 1030 lex,
518 968 585 1016 ad
604 968 707 1015 Att.
732 966 782 1024 4,
808 964 891 1029 16,
914 967 964 1018 5.
1006 967 1053 1014 V
1092 964 1200 1014 Ae-

266 1037 346 1089 lia
364 1037 472 1088 lex.

199 1107 264 1158 G.
286 1103 567 1168 Fuficius,
599 1105 746 1156 Verr.
774 1109 992 1152 accusat.
1016 1104 1077 1162 2,
1116 1102 1200 1168 12,

198 1240 472 1306 Fufidius,
490 1257 644 1305 eques
663 1243 940 1302 Romanus,
962 1240 1014 1287 in
1031 1239 1203 1288 Pison.

270 1313 363 1374 35,
394 1312 477 1363 86.
510 1339 576 1348 —-—
616 1309 901 1362 Goheredes
939 1307 1206 1370 rufiniani,

269 1383 334 1432 ad
372 1387 469 1431 Λα.
500 1381 596 1441 11,
634 1378 725 1438 13,
766 1378 817 1430 3.
855 1407 911 1418 -
946 1376 1211 1427 Fufidiana

271 1451 509 1516 praedia,
540 1450 615 1499 lb.
654 1449 749 1509 11,
789 1448 881 1509 14,
916 1446 966 1498 3.
1013 1447 1086 1502 ΙΙ).
1124 1444 1209 1508 11,

198 1587 476 1652 Fufidius.
514 1589 593 1637 Ab
613 1603 672 1637 eo
694 1587 883 1636 fundus
902 1586 959 1644 Q.
980 1583 1210 1634 Ciceroni

272 1658 478 1711 emitur,
505 1657 570 1705 ad
592 1656 651 1714 Q.
674 1655 737 1706 fr.
764 1654 814 1714 3,
840 1656 886 1714 1,
906 1656 957 1705 2.
980 1656 1030 1717 S.
1052 1652 1105 1704 3.

199 1725 264 1778 L.
285 1722 541 1775 Fufidius
557 1760 571 1787 ,
602 1725 665 1772 ad
688 1738 836 1784 quem
868 1724 934 1773 Μ.
959 1721 1211 1772 Aemilius

272 1793 491 1844 Scaurus
506 1800 606 1842 tres
630 1792 782 1840 libros
802 1793 1010 1854 scripsit
1028 1791 1092 1840 de
1109 1792 1213 1838 vita

271 1863 436 1929 ipsius
456 1868 569 1910 aeta
584 1897 596 1918 ,
620 1861 671 1908 in
691 1859 859 1921 aliquo
880 1867 1209 1923 patronorum

271 1944 479 1982 numero
502 1929 623 1992 fuit,
647 1930 785 1979 Brut.
810 1926 897 1991 30,
921 1925 1036 1979 113.

200 2001 276 2067 Q.
298 1998 554 2050 Fufidius
576 1997 643 2063 Q.
664 1996 730 2046 F.
750 2035 765 2061 ,
792 1998 1029 2060 Arpinas,
1055 2008 1209 2058 eques

274 2070 419 2119 Rom.
438 2105 452 2131 ‚
485 2068 549 2117 ad
567 2068 687 2117 fam.
716 2066 800 2126 13,
832 2066 889 2115 ll
907 2102 920 2126 ,
947 2065 993 2115 l.
1021 2092 1081 2101 -—
1103 2064 1210 2114 Pri-

272 2141 457 2202 vignus
480 2138 544 2189 M.
573 2135 740 2185 Caesii
768 2134 999 2183 tribunus
1028 2132 1136 2181 mil.
1157 2132 1211 2180 in

275 2206 457 2257 Cilicia
476 2206 570 2255 snb
592 2204 851 2265 Cicerone,
865 2204 939 2251 rb.
959 2201 1041 2262 13,
1061 2201 1141 2262 12,
1159 2201 1208 2250 l.

208 2272 268 2325 G.
298 2282 345 2324 et
361 2273 438 2324 M.
452 2270 622 2337 Fufii,
646 2274 843 2335 equites
862 2271 1095 2330 Romani,
1115 2284 1209 2335 pro

276 2345 453 2393 Flacco
474 2343 560 2403 20,
581 2342 665 2394 46.

203 2412 270 2464 Α.
317 2411 541 2475 Fufius,
606 2410 873 2461 familiaris
931 2410 1210 2469 Ciceronis,

276 2483 656 2534 commendatur
709 2480 763 2531 C.
820 2480 1055 2529 Memmio
1072 2516 1085 2539 ,
1147 2478 1211 2528 ad

273 2553 395 2601 fam.
433 2552 515 2614 13,
544 2551 594 2603 3.

204 2619 266 2672 Is.
290 2617 513 2683 Fufius,
537 2620 866 2670 calumniator
892 2620 941 2667 in
962 2618 1212 2667 luminum

276 2691 415 2750 iure,
452 2690 515 2738 de
544 2693 668 2737 orat.
707 2688 731 2736 1
754 2724 767 2746 ,
798 2685 895 2748 39,
920 2686 1037 2736 179.
1062 2712 1126 2722 --·
1152 2687 1209 2734 In

275 2758 561 2805 accusando
584 2754 667 2807 Μ’.
695 2754 899 2817 Aquilio
927 2757 1039 2804 eius
1063 2755 1210 2805 indu-

274 2826 397 2874 stria
419 2825 619 2888 cognita
638 2832 733 2883 est,
755 2824 817 2873 de
838 2822 921 2872 off.
944 2824 994 2881 2,
1019 2824 1103 2887 14,
1122 2822 1207 2873 50.

278 2893 425 2942 —De
446 2895 557 2941 eius
574 2892 811 2941 facultate
833 2892 1051 2952 dicendi,
1067 2892 1209 2941 Brut.

844 189 1205 237 FRENTANI
1236 209 1321 223 -·
1349 189 1631 236 FULVIA.

1278 344 1348 410 Q.
1370 342 1566 394 Fufius
1589 343 1859 407 Galenus,
1879 346 2114 393 tribunus
2135 342 2210 409 pl.
2235 357 2285 394 a.

1345 430 1396 463 u.
1429 429 1470 462 c.
1493 412 1612 464 693.
1631 449 1644 472 ,
1666 414 1734 464 ad
1753 412 1958 473 fam.5,
1983 411 2043 475 6,
2070 412 2118 461 1.
2138 435 2208 450 ·-—
2230 414 2291 462 111

1348 483 1631 532 contionem
1651 481 1896 548 produxit
1915 482 2215 550 Pompeium
2235 479 2288 531 ‘a-

1346 567 1398 604 u.
1421 567 1463 600 c.
1486 550 1606 602 693.
1624 587 1638 611 ,
1661 552 1726 601 ad
1747 553 1850 603 Att.
1877 549 1924 612 1,
1948 550 2030 607 14,
2053 550 2103 600 1.
2131 551 2203 600 lb.
2237 550 2289 610 1,

1351 621 1442 684 14,
1465 620 1513 670 6.
1540 647 1605 656 -
1631 620 1928 670 Hortensius
1955 619 2292 683 excogitavit,

1343 697 1400 737 nt
1439 689 1604 754 legem
1643 689 1707 738 de
1746 687 1990 737 Clodiana
2037 687 2292 752 religione

1345 756 1516 808 Fufius
1536 757 1707 819 ferret,
1729 757 1798 806 Ib.
1820 757 1869 818 1,
1901 756 1984 820 15,
2008 758 2142 805 2.-—
2157 757 2292 806 Eum

1345 827 1465 877 boni
1491 826 1585 875 viri
1619 827 1928 876 clamoribus
1965 834 2012 874 et
2041 825 2292 890 conviciis

1346 903 1394 946 et
1405 894 1570 945 sibilis
1585 901 1953 955 consectantur,
1969 908 2015 943 a.
2027 909 2078 942 u.
2093 891 2289 955 o.695.‚

1347 965 1414 1014 ad
1435 966 1534 1013 Att.
1559 967 1605 1022 2,
1631 964 1710 1025 18,
1735 963 1785 1017 1.
1804 963 2036 1012 -Venit
2055 963 2122 1012 ad
2145 964 2292 1014 Cice-

1347 1048 1521 1084 ronem
1541 1048 1586 1084 a.
1605 1049 1658 1083 u.
1679 1049 1721 1084 o.
1747 1031 1889 1095 705„
1909 1033 1979 1082 lb.
2003 1031 2055 1084 9.
2077 1031 2127 1092 5,
2153 1031 2199 1084 1.
2219 1059 2292 1071 —-·

1347 1103 1516 1152 Fufius
1537 1111 1614 1152 est
1643 1103 1780 1169 apud
1811 1100 2077 1152 Gaesarem
2095 1138 2111 1164 ,
2144 1099 2291 1151 Cice-

1347 1176 1460 1222 roni
1491 1172 1878 1224 inimicissimus
1903 1187 1955 1220 a.
1978 1186 2028 1219 u.
2061 1186 2108 1221 c.
2143 1170 2290 1229 706„

1347 1243 1420 1291 ΙΙ).
1456 1242 1548 1304 ll,
1581 1241 1641 1306 8,
1675 1243 1726 1292 2.
1767 1242 1843 1290 ΙΙ).
1877 1241 1969 1300 11,
2004 1240 2103 1304 15,
2137 1241 2191 1290 2.
2222 1264 2292 1275 —-

1349 1312 1645 1375 Pompeiani
1700 1309 1911 1360 Achaici
1949 1310 2101 1359 etiam
2148 1308 2290 1358 Fufio

1350 1395 1496 1445 spem
1519 1379 1892 1445 deprecationis
1922 1378 2180 1436 adferunt,
2211 1375 2288 1427 ΙΙ).

1354 1448 1574 1513 11,,16,
1605 1452 1656 1501 2.
1696 1475 1754 1484 -—
1788 1447 1847 1506 Q.
1881 1447 2052 1497 Fufius
2073 1445 2291 1496 Calenus

1351 1533 1530 1583 pacem
1551 1533 1665 1567 cuni
1687 1517 1755 1566 Μ.
1782 1518 1997 1566 Antonio
2025 1517 2288 1575 suadebat,

1350 1587 1575 1652 Philipp.
1597 1587 1659 1647 8,
1689 1589 1750 1649 4,
1783 1587 1839 1636 ll
1871 1601 1982 1649 sqq.
2006 1612 2072 1622 —
2101 1585 2291 1649 Exagi-

1351 1664 1486 1706 tatur
1513 1664 1721 1721 propter
1757 1656 2050 1705 inimicitias
2079 1655 2131 1704 in
2161 1653 2290 1703 Bru·-

1353 1733 1459 1787 tos‚
1497 1725 1572 1774 Ib.
1615 1723 1710 1788 10,
1752 1726 1810 1786 l,
1851 1723 1882 1774 3
1913 1739 2022 1787 sqq.
2055 1751 2121 1759 -—
2150 1723 2291 1772 ludi-

1353 1795 1485 1843 cavit
1525 1793 1725 1843 hostem
1771 1793 2115 1856 Dolabellam,
2153 1793 2292 1843 bona

1353 1863 1462 1911 eius
1497 1863 1692 1910 censuit
1721 1861 1927 1927 publice
1957 1862 2288 1927 possidenda,

1351 1930 1424 1980 Ib.
1450 1929 1511 1980 11
1533 1967 1547 1994 ,
1581 1930 1642 1991 6,
1680 1930 1760 1982 15.
1789 1958 1854 1967 -
1880 1932 2078 1983 Cotidie
2098 1931 2290 1982 litteras

1352 1999 1606 2061 mittebat,
1631 2000 1939 2064 accipiebat,
1959 2008 2133 2066 aperte
2152 2002 2290 2051 fave-

1351 2069 1438 2117 bat
1456 2068 1521 2115 M.
1545 2068 1794 2128 Antonio,
1828 2070 1903 2117 ΙΙ).
1932 2070 2024 2133 12,
2059 2070 2084 2119 l
2101 2108 2115 2133 ,
2149 2070 2199 2121 1.
2223 2096 2290 2106 —

1351 2138 1651 2186 Procurator
1671 2135 1905 2195 Antonii,
1926 2138 1996 2185 lb.
2025 2137 2106 2201 12,
2131 2141 2182 2203 7,
2204 2136 2287 2189 18.

1352 2232 1415 2241 -—
1435 2204 1652 2269 Scripsit
1669 2204 1736 2254 ad
1752 2204 2071 2272 Ciceronem,
2095 2208 2162 2258 ad
2184 2210 2286 2261 Att.

1355 2273 1436 2336 15,
1457 2274 1506 2334 4,
1529 2272 1576 2323 1.
1620 2273 1686 2325 cl.
1711 2275 1779 2326 ib.
1804 2273 1886 2335 16,
1909 2276 1992 2335 11,
2016 2276 2063 2327 1.

1285 2341 1347 2392 C.
1385 2339 1673 2393 Fulcinius
1711 2343 1910 2408 legatus
1960 2345 2141 2409 populi
2189 2347 2291 2395 Ro·

1353 2413 1506 2472 mani,
1526 2411 1730 2461 Fidenis
1749 2415 2080 2479 interemptus
2100 2415 2292 2464 eLarte

1352 2477 1648 2543 Tolumnio,
1674 2482 1963 2532 Veientium
1987 2498 2140 2548 rege,
2170 2482 2291 2533 Phi-

1352 2550 1481 2613 lipp.
1502 2548 1553 2615 9,
1579 2550 1626 2613 1,
1643 2552 1676 2600 4
1700 2558 1748 2599 et
1765 2554 1816 2603 5.
2185 2570 2192 2578 ’

1282 2618 1359 2668 Μ.
1381 2615 1667 2669 Fulcinius
1684 2655 1700 2684 ,
1724 2635 1751 2668 e
1783 2621 2057 2685 municipio
2077 2620 2291 2682 Tarqui-

1352 2689 1544 2750 niensi,
1581 2701 1673 2750 pro
1697 2687 1844 2739 Caec.
1869 2689 1929 2752 4,
1972 2688 2054 2738 11.
2076 2688 2290 2738 —Eius

1349 2756 1512 2819 filius,
1537 2756 1601 2804 M.
1628 2756 1917 2819 Fulcinius,
1947 2758 2018 2806 ΙΙ).
2041 2759 2093 2817 4,
2117 2758 2201 2807 12.
2223 2785 2290 2794 —

1350 2824 1732 2943 EiuglipertuS,
1767 2828 1886 2876 item
1921 2826 1988 2874 M.
2011 2827 2286 2889 Fulcinius,
2347 2876 2352 2883 ,

274 2963 511 3025 62‚222.
554 2961 617 3014 οι.
654 2962 719 3010 de
750 2970 873 3010 orat.
902 2963 962 3022 2,
994 2962 1093 3021 22,
1123 2959 1207 3010 91.
1281 2959 1503 3027 Fulvia,
1525 2963 1592 3011 M.
1613 2962 1774 3012 Fulvii
1802 2963 2146 3013 Bambanonis
2165 2932 2308 3021 flua(

274 3029 419 3089 1b.·3‚
447 3029 530 3092 13,
549 3031 635 3084 50.

206 3096 494 3216 Q.1Fufius
510 3136 525 3164 ,
548 3114 703 3163 eques
724 3098 893 3162 Rom.‚
914 3097 1134 3163 Philipp.
1159 3100 1208 3160 2,

202 3232 401 3286 Fufius
424 3235 685 3301 Galenus,
706 3244 867 3303 pater,
887 3235 1039 3287 homo
1064 3250 1212 3287 seve-

278 3320 362 3353 rus
385 3313 429 3355 et
449 3308 699 3371 prudens,
726 3306 947 3371 Philipp.
969 3305 1029 3366 8,
1050 3309 1101 3365 4,
1126 3306 1207 3357 13.

205 3371 269 3423 L.
294 3371 536 3438 (Fufius)
559 3373 799 3425 Calenus
813 3410 828 3437 ,
848 3376 993 3424 testis
1012 3377 1065 3422 in
1085 3376 1187 3423 Ver

276 3457 377 3489 rem
396 3480 409 3501 ,
438 3443 477 3491 V
485 3458 579 3493 err.
601 3452 823 3491 accusat.
845 3445 894 3505 2,
914 3441 965 3506 8,
986 3444 1074 3494 24.

1350 3044 1484 3080 uxor
1508 3030 1562 3080 P.
1597 3030 1786 3095 Clodii,
1821 3029 1875 3084 C.
1915 3030 2180 3093 Curionis,
2217 3032 2285 3082 M.

1351 3101 1580 3162 Antonii,
1605 3101 1803 3149 maritis
1821 3100 1928 3149 suis
1947 3099 2118 3150 fatalis
2135 3138 2148 3164 ‚
2172 3101 2282 3150 l'lii-

1351 3168 1478 3233 lipp.
1499 3170 1550 3229 2,
1565 3168 1614 3230 5,
1636 3170 1718 3222 11.
1739 3168 2083 3219 —Deiotarus
2103 3171 2292 3235 dignus

1353 3238 1436 3287 ille
1455 3236 1658 3299 quidem
1688 3238 1823 3287 omni
1852 3252 2040 3303 regno,
2078 3240 2290 3288 sednon

1350 3322 1442 3371 per
1469 3305 1724 3365 Fulviam,
1756 3306 1822 3355 ad
1852 3306 1955 3359 Ast.
1992 3308 2084 3372 14,
2116 3307 2212 3368 12,
2241 3307 2289 3359 l.

1350 3402 1415 3409 —
1447 3374 1629 3423 Fulvia
1657 3373 1974 3438 significatur
1993 3377 2144 3425 etiam
2169 3374 2290 3425 Phi-

1347 3440 1477 3505 lipp.
1499 3443 1549 3501 2,
1571 3440 1655 3505 31,
1679 3444 1764 3492 77.
1784 3450 1798 3457 ·
2295 3436 2302 3442 ’
