2500 3850
246 165 373 226 256

319 335 412 400 36,
442 334 528 386 88.
562 334 626 383 cl.
653 333 715 382 de
746 333 893 382 domo
924 347 1019 382 sua
1038 333 1133 393 34,
1160 332 1245 382 91.

320 429 387 442 --
428 405 485 454 P.
526 401 769 452 Scaevola
823 400 1057 466 pontifex
1110 417 1247 452 max.

320 475 459 524 circa
486 488 533 522 a.
553 488 607 522 u.
644 487 688 520 c.
730 470 853 522 631.
885 499 951 507 —-
986 470 1155 533 Usque
1186 470 1251 519 ad

318 543 429 592 eins
466 540 810 607 pontificatum
851 541 987 590 circa
1020 554 1069 588 a.
1100 541 1163 586 'u.
1204 555 1248 587 c.

316 609 443 661 631.
496 610 702 660 annales
727 610 939 658 maximi
964 624 995 657 a
1015 607 1251 674 pontifice

319 682 540 730 maximo
562 679 1006 743 componebantur,
1031 678 1094 727 de
1124 685 1249 727 orat.

318 750 373 808 2,
402 749 483 812 12,
505 749 589 802 52.
617 775 683 783 —-
714 749 771 796 Et
787 747 958 797 ridens
984 755 1034 796 et
1064 753 1252 796 stoma·

320 819 478 866 chaus
511 817 694 866 multas
728 816 879 866 horas
909 817 1109 881 ineptos
1141 827 1254 864 ora-

322 895 456 936 tores
477 887 805 950 exspectavit,
844 885 919 937 lb.
947 885 995 947 1,
1017 883 1101 941 36,
1134 881 1249 933 166.

321 955 386 1005 cl.
412 957 483 1008 ib.
521 956 567 1014 1,
602 954 685 1013 37,
727 954 843 1004 170.
883 981 950 990 -
986 953 1116 1005 Iuris
1136 966 1254 1001 con-

324 1023 487 1076 sultus
518 1037 635 1072 vere
676 1023 1046 1082 nominand11S‚
1088 1021 1162 1070 Ib.
1206 1021 1253 1082 1,

322 1092 420 1150 48,
469 1094 589 1142 212.
638 1119 706 1127 -
744 1091 851 1140 Pila
896 1100 946 1141 et
988 1091 1256 1140 duodecim

321 1161 523 1226 scriptis
548 1161 737 1224 optime
755 1160 978 1223 ludebat,
998 1160 1071 1211 lb.
1098 1159 1146 1222 1,
1167 1156 1252 1219 50,

319 1230 441 1281 217.
462 1256 531 1264 -
557 1229 679 1279 Eius
698 1229 834 1286 libri,
872 1230 945 1279 lb.
962 1227 1111 1292 1,56,
1134 1226 1254 1277 240.

323 1327 391 1334 κ-
404 1298 569 1348 Valde
588 1299 865 1362 prudenter
886 1305 935 1347 et
952 1304 1096 1347 acute
1117 1297 1258 1358 loqui

321 1369 621 1432 putabatur,
652 1368 791 1417 Brut.
818 1367 912 1430 28,
955 1365 1069 1417 108.
1098 1394 1168 1403 —-
1196 1364 1254 1416 Ρ.

323 1437 501 1486 Rutilii
540 1437 931 1487 adolescentiam
961 1436 1031 1486 ad
1059 1435 1258 1502 opinio—

324 1522 440 1555 nem
461 1515 508 1555 et
536 1507 856 1556 innocentiae
875 1515 923 1555 et
941 1505 1067 1554 iuris
1094 1506 1258 1555 scien-

318 1577 421 1624 tiae
458 1576 513 1623 P.
560 1575 711 1624 Mucii
748 1575 1118 1624 commendavit
1166 1573 1258 1622 do—

321 1659 451 1708 muS,
476 1643 539 1692 de
560 1643 645 1694 off.
671 1646 723 1702 2,
747 1643 827 1702 13,
849 1645 933 1694 47.
958 1671 1019 1679 --
1042 1642 1175 1703 Quid
1196 1642 1258 1690 de

322 1713 575 1762 socierum
600 1713 705 1760 iure
739 1713 1033 1770 tradiderit,
1074 1712 1135 1761 de
1155 1710 1256 1775 leg.

322 1783 373 1840 2,
398 1782 483 1840 21,
524 1781 592 1831 52
623 1789 670 1830 et
706 1781 792 1832 53.
828 1809 893 1816 ——
929 1782 1053 1831 Eius
1086 1780 1259 1829 decre-

325 1861 431 1900 tum
460 1851 523 1899 de
562 1866 638 1910 eo,
674 1851 761 1912 qui
791 1853 843 1898 in
876 1851 996 1898 navi
1031 1856 1258 1906 necatuS,

323 1919 509 1970 deinde
542 1920 592 1968 in
633 1934 772 1969 mare
812 1919 1067 1985 proiectus
1108 1925 1260 1978 esset,

322 1991 388 2041 de
406 1990 505 2053 leg.
536 1991 586 2053 2,
612 1990 698 2052 22,
734 1990 821 2040 57.
857 2014 938 2026 —·
963 1988 1071 2048 Quo
1108 1987 1260 2035 modo

322 2058 575 2109 definierit
593 2058 869 2109 ‘ambitum
904 2058 1158 2116 aedium’,
1184 2064 1260 2105 to-

321 2129 425 2192 pic.
454 2129 505 2189 4,
526 2129 612 2177 24.
644 2152 711 2161 -
751 2128 859 2187 Quo
880 2127 1032 2177 modo
1060 2125 1261 2190 ‘genti-

322 2196 441 2255 les’,
465 2195 538 2248 lb.
554 2194 604 2254 6,
620 2194 707 2245 29.
728 2195 921 2254 —Quo
936 2194 1263 2258 modo‘post-

324 2264 618 2323 liminium’,
659 2264 735 2314 Ib.
756 2264 807 2328 8,
824 2263 908 2314 37.
934 2262 1133 2322 —Quo
1154 2276 1263 2311 mo-
1273 2264 1278 2268 ’

323 2333 429 2383 do
442 2347 625 2397 aquam
664 2332 939 2397 pluviam,
981 2333 1056 2382 Ib.
1084 2332 1137 2395 9,
1174 2330 1259 2383 38.

324 2403 389 2453 ad
430 2402 551 2453 fam.
583 2402 634 2466 7,
666 2402 753 2457 22.
812 2402 977 2452 defin.
1016 2401 1065 2462 1,
1098 2404 1150 2465 4,
1175 2400 1256 2450 12.

326 2472 389 2521 (18
410 2488 459 2522 n.
482 2472 532 2522 d.
564 2471 615 2590 3ἐ
644 2474 694 2535 2,
716 2473 764 2533 ᾖ.

256 2539 326 2605 Q.
414 2556 571 2591 noma
634 2539 865 2590 caevola
896 2555 1077 2605 augur.
1121 2538 1260 2589 Uxo-

323 2625 429 2659 rem
448 2610 625 2659 habuit
637 2609 861 2659 Laeliam
879 2609 933 2659 G.
957 2609 1034 2669 F..
1076 2624 1141 2658 ex
1160 2623 1260 2671 qua

326 2679 549 2742 suscepit
572 2677 705 2733 filias
724 2678 851 2726 duas
871 2678 1063 2727 Mucias
1080 2713 1097 2741 ,
1119 2678 1258 2727 Brut.

324 2745 409 2809 58,
434 2746 555 2795 211.
594 2772 667 2782 —-
696 2746 756 2805 Q.
778 2744 1058 2811 Scaevola,
1096 2753 1262 2797 aetate

326 2815 646 2878 quaestorius
667 2816 765 2864 iam
788 2828 835 2865 a.
860 2832 914 2867 u.
940 2831 985 2865 c.
1012 2816 1151 2879 625„
1172 2831 1262 2881 ge-

323 2898 415 2933 ner
436 2882 627 2943 Laelii,
665 2883 877 2947 loquens
916 2886 1172 2935 inducitur
1206 2886 1261 2933 in

322 2953 469 3003 libris
489 2953 551 3002 de
571 2966 625 3002 re
655 2953 818 3019 publ.‚
851 2955 914 3004 de
948 2971 993 3003 r.
1018 2969 1069 3019 p.
1098 2954 1143 3014 1,
1175 2954 1259 3011 12,

326 3022 407 3074 18.
448 3050 512 3059 -
551 3019 813 3084 Scaevola,
846 3038 1066 3088 persona
1105 3022 1260 3071 libro-

322 3106 435 3141 rum
457 3092 519 3142 de
539 3092 759 3157 republ.
777 3129 792 3153 ,
834 3106 931 3155 qno
953 3093 1103 3141 modo
1124 3091 1259 3139 iniis

322 3167 375 3209 et
405 3162 457 3209 in
496 3159 639 3212 libris
682 3164 745 3213 de
786 3168 984 3211 oratore
1023 3159 1259 3210 inductus

324 3230 409 3295 sit,
430 3230 497 3280 ad
519 3229 621 3280 Att.
643 3232 695 3292 4,
718 3230 800 3290 16,
820 3228 869 3285 3.
892 3254 963 3265 —
984 3228 1141 3279 Socer
1164 3227 1260 3281 fuit

324 3300 384 3348 L.
424 3297 592 3347 Crassi
622 3300 867 3361 oratoris,
904 3313 998 3362 pro
1044 3297 1258 3347 Caecina

322 3366 418 3429 24,
455 3365 541 3415 69.
563 3382 629 3402 -·
654 3367 809 3431 Apud
827 3365 1078 3415 Lucilium
1099 3365 1258 3417 Athe-

324 3432 404 3479 nis
443 3434 617 3483 irridet
644 3434 701 3487 T.
734 3434 1007 3484 Albucium
1049 3440 1258 3500 propter

898 177 964 236 Q.
998 175 1251 224 Mucius
1289 178 1668 225 SCAEVOLA.

1391 331 1567 382 Graeci
1617 334 1865 385 sermonis
1917 333 2337 398 adfectationem,

1393 403 1456 451 de
1483 403 1570 452 flu.
1596 402 1644 466 1,
1664 401 1716 466 3,
1736 401 1786 455 9.
1807 427 1878 438 —
1906 403 2059 466 Apud
2080 403 2336 452 Lucilium

1393 472 1620 535 exagitat
1655 470 1856 522 Albucii
1897 472 2113 535 ineptias
2137 509 2151 532 ‚
2205 481 2334 522 orat.

1389 542 1477 598 44,
1507 540 1624 594 149.
1646 567 1719 578 —-
1751 541 1796 588 A
1816 540 1872 587 T.
1900 540 2113 590 Albucio
2146 541 2212 590 de
2242 557 2339 606 pe-

1394 609 1557 658 cuniis
1599 610 1886 674 repetendis
1925 608 2212 673 postulatus
2263 618 2337 658 est

1394 677 1656 728 absolutus
1673 714 1686 737 ,
1716 678 1780 728 de
1802 684 1927 727 orat.
1950 680 2000 742 2,
2019 677 2103 741 70,
2125 678 2246 728 281.
2267 705 2338 713 —--

1395 749 1458 799 A.
1482 761 1534 798 u.
1557 761 1600 794 c.
1623 745 1742 797 633.
1779 753 1982 811 praetor
2005 748 2184 796 Asiam
2206 747 2338 796 obt‘i-

1397 817 1520 868 nuit.
1542 846 1612 854 —
1631 813 1832 864 Salsum
1855 817 1918 865 ab
1946 832 2005 867 eo
2031 831 2338 880 responsum

1397 887 1569 934 datum
1589 885 1646 933 L.
1679 883 2061 949 Septumuleio,
2101 886 2166 934 de
2203 895 2333 934 orat.

1395 955 1456 1016 2,
1494 952 1580 1016 67,
1613 952 1732 1003 269.
1764 979 1835 990 -
1858 954 2066 1003 Praetor
2097 953 2338 1004 Rhodum

1396 1025 1552 1080 venit,
1573 1023 1742 1083 ibique
1759 1022 2084 1087 Apollonium
2112 1022 2338 1074 Alaban-

1397 1092 1606 1142 densem
1626 1091 1783 1154 vidit,
1823 1092 1888 1141 de
1920 1100 2042 1142 orat.
2065 1091 2112 1156 l,
2139 1092 2224 1152 17,
2251 1093 2335 1143 75.

1397 1187 1462 1196 -—
1483 1160 1556 1209 Eo
1577 1160 1676 1218 die,
1712 1175 1810 1222 quo
1836 1161 2127 1210 interfectus
2147 1169 2224 1210 est
2245 1161 2340 1211 Sa·-

1397 1229 1629 1278 turninus
1657 1243 1704 1278 a.
1732 1245 1786 1282 u.
1812 1245 1858 1279 c.
1881 1231 2000 1282 654.
2021 1265 2036 1290 ‚
2075 1231 2337 1280 confectus

1398 1304 1654 1346 senectute
1699 1305 1746 1346 et
1778 1299 1934 1347 animi
1976 1299 2080 1346 vim
2110 1306 2160 1348 et
2197 1299 2339 1350 infir-

1397 1367 1622 1416 mitatem
1646 1369 1870 1430 corporis
1892 1369 2126 1426 ostendit,
2161 1383 2259 1432 pro
2277 1369 2337 1420 G.

1399 1436 1606 1485 Rabirio
1628 1437 1774 1500 perd.
1796 1439 1846 1500 7,
1868 1435 1955 1487 21.
1995 1437 2069 1488 11).
2089 1435 2139 1500 9,
2161 1437 2250 1489 26.
2272 1463 2339 1472 -

1398 1504 1467 1562 Q..
1480 1503 1725 1575 Scaevola
1743 1520 1920 1570 augur,
1939 1505 2076 1554 bello
2096 1505 2338 1565 Marcion,

1400 1589 1552 1636 quum
1592 1581 1726 1623 esset
1764 1589 1962 1623 summa
1999 1581 2258 1625 senectute
2292 1585 2340 1624 et

1397 1643 1598 1706 perdita
1634 1643 1948 1706 valetudine,
1999 1645 2214 1703 cotidie,
2268 1646 2342 1692 si-

1399 1713 1505 1760 mul
1527 1719 1678 1774 atque
1704 1713 1910 1775 luceret,
1933 1713 2151 1762 faciebat
2173 1713 2340 1761 mnni-

1399 1781 1495 1830 bus
1533 1781 1865 1830 conveniendi
1903 1783 1983 1830 sui
2017 1789 2339 1846 potestatem,

1402 1865 1657 1912 senexque
1679 1857 1726 1898 et
1747 1849 1930 1899 debilis
1949 1852 2144 1914 prImus
2162 1851 2338 1900 venie—

1401 1919 1559 1969 batia
1585 1919 1794 1981 curiam,
1822 1918 2046 1985 Philipp.
2062 1918 2114 1981 8,
2135 1917 2224 1978 10,
2247 1919 2334 1973 31.

1399 2015 1470 2024 -
1505 1989 1578 2038 1)8
1603 1990 1713 2039 eius
1748 1989 1800 2037 in
1826 1989 2038 2038 dicendo
2076 1988 2336 2051 facultate,

1401 2056 1698 2108 defensione
1737 2065 1909 2106 contra
1955 2060 2016 2110 T.
2045 2058 2337 2119 Albucium,

1400 2126 1536 2175 Brut.
1559 2125 1646 2188 26,
1672 2124 1786 2177 102.
1829 2126 1890 2175 cl.
1913 2127 1983 2176 ib.
2011 2124 2098 2185 30,
2125 2126 2244 2178 115.
2267 2154 2337 2162 --

1403 2196 1519 2247 CoS.
1555 2210 1601 2245 a.
1625 2211 1676 2244 u.
1699 2211 1742 2248 c.
1763 2194 1884 2246 637.
1938 2210 2052 2246 cum
2079 2196 2136 2255 Q.
2160 2194 2338 2244 Caeci-

1403 2264 1470 2313 lio
1500 2263 1726 2322 Metello,
1764 2264 1826 2313 de
1845 2274 1972 2318 orat.
2003 2264 2053 2325 1,
2079 2266 2128 2325 7,
2149 2264 2237 2313 24.
2277 2289 2334 2299 —-

1402 2332 1622 2395 Stoicae,
1659 2334 1733 2383 Ib.
1757 2333 1808 2394 1,
1833 2334 1914 2394 ll,
1934 2334 2020 2383 45.
2044 2332 2102 2368 4
2127 2332 2339 2383 Peritis-

1400 2404 1563 2453 simus
1611 2404 1740 2451 iuris
1788 2403 2024 2465 idemque
2079 2402 2336 2466 percomis

1401 2480 1476 2521 est
1519 2470 1754 2533 habitae,
1795 2470 1935 2521 Brut..
1979 2470 2074 2533 58,
2115 2471 2235 2521 212.
2267 2498 2337 2517 -.-

1399 2540 1521 2589 Eius
1548 2540 1849 2590 vestibulum
1877 2540 2063 2589 cotidie
2099 2538 2336 2600 frequen-

1399 2612 1470 2659 tia
1501 2610 1687 2660 civium
1726 2625 1785 2659 ac
1825 2623 2136 2659 summorum
2171 2608 2338 2657 homi-

1401 2694 1520 2728 num
1575 2680 1847 2745 splendore
1903 2678 2334 2742 frequentabatur,

1397 2746 1463 2797 de
1477 2755 1603 2797 orat.
1630 2748 1678 2807 1,
1692 2748 1778 2807 45,
1800 2746 1918 2800 200.
1941 2746 2166 2811 Philipp.
2181 2746 2233 2811 8,
2251 2746 2334 2805 10,

1398 2816 1482 2867 31.
1507 2842 1578 2853 -
1604 2816 1663 2876 Q.
1688 2816 1935 2869 Scaevola
1957 2831 2149 2883 augur,
2178 2832 2334 2879 quum

1401 2885 1463 2934 de
1515 2887 1622 2935 iure
1657 2885 1999 2951 praediatorio
2044 2886 2336 2935 consulere-

1397 2960 1506 3013 tur,
1545 2956 1860 3008 consultores
1889 2970 2010 3004 suos
2047 2969 2148 3005 non
2193 2970 2336 3003 num-

1399 3037 1552 3085 quam
1589 3025 1658 3074 ad
1699 3024 1905 3073 Furium
1945 3031 1994 3073 et
2035 3022 2334 3074 Cascellium

1398 3092 1746 3157 praediatores
1765 3094 2043 3154 reiiciebat,
2063 3108 2158 3158 pro
2183 3093 2334 3141 Balbo

1399 3162 1486 3222 20,
1505 3162 1591 3216 45.
1630 3190 1700 3199 -
1729 3163 1786 3211 In
1805 3160 2161 3212 Scaevolarum
2185 3162 2333 3210 fami-

1398 3230 1468 3279 lia
1495 3231 1605 3280 iura
1631 3232 1801 3281 civilia
1821 3232 1913 3281 din
1941 3232 2052 3281 sine
2084 3229 2192 3280 ulla
2231 3230 2336 3279 elo-

1399 3301 1634 3361 quentiae
1673 3300 1826 3350 laude
1847 3309 2048 3351 versata
2087 3307 2232 3360 sunt,
2273 3301 2335 3350 de

1398 3375 1526 3419 orat.
1551 3368 1600 3429 1,
1641 3368 1721 3427 10,
1741 3367 1827 3419 39.
1848 3396 1914 3404 -
1939 3369 2020 3418 Ad
2038 3384 2154 3418 eum
2173 3368 2336 3419 venti-

1394 3442 1564 3486 tarunt
1585 3436 1760 3487 Cicero
1790 3444 1840 3486 et
1870 3437 2096 3505 AtticuS,
2130 3439 2194 3487 de
2229 3438 2334 3502 leg.
