2500 3850
939 141 1168 192 DORES
1197 167 1272 178 --
1301 147 1589 198 DRUSUS.

278 293 547 360 Exagitati
574 296 636 345 ab
665 311 724 347 eo
755 297 1040 362 publicani,
1075 300 1140 350 ad
1163 299 1222 359 Q.

277 361 344 411 fr.
369 363 420 425 2,
447 363 508 414 ll
530 362 672 430 (13),
694 367 745 416 2.
773 365 891 419 Cos.
914 383 1031 418 cum
1053 369 1225 434 Appio

280 431 498 482 Claudio
519 433 696 483 Pulcro
719 450 767 484 a.
789 451 841 486 u.
867 452 912 486 c.
935 436 1054 489 700.
1077 439 1225 487 Pom-

275 500 524 565 peianus,
551 503 618 552 ad
639 502 698 562 Q.
727 503 793 558 fr.
823 506 856 555 2
873 544 888 567 ,
914 505 975 558 13
995 503 1148 572 (15),
1171 507 1221 558 3.

276 569 345 619 cl.
373 570 444 619 ib.
469 571 529 628 2,
551 573 617 624 14
641 571 738 637 (15
751 572 862 638 b.),
882 576 933 627 4.
957 601 1024 612 --
1043 575 1220 626 Hirrus

275 654 397 688 cum
417 639 640 691 Domitio
658 643 711 690 iu
741 644 905 708 gratia
926 653 1002 694 est
1026 659 1072 694 a.
1099 660 1149 697 u.
1172 661 1216 694 c.

273 706 398 758 700.
417 743 431 767 ,
455 709 524 759 ad
539 712 644 761 Att.
667 713 718 772 4,
745 711 829 777 16,
849 713 903 764 5.
918 739 988 751 -
1006 714 1216 774 Quaesi-

269 784 357 826 tor
384 778 438 826 in
476 777 665 828 iudicio
695 779 973 833 Miloniano
1004 799 1054 837 a.
1087 798 1139 832 u.
1167 799 1211 832 c.

271 844 430 908 702„
461 860 554 912 pro
583 847 690 903 Mil.
715 850 777 911 8,
808 852 892 903 22.
918 878 984 888 -
1008 850 1215 902 Secreto

190 965 198 970 ,
269 921 448 965 narrat
475 916 537 966 de
569 919 861 969 rumoribus
895 920 1125 970 adversis
1153 921 1217 971 de

271 983 515 1046 Caesare,
539 985 606 1036 ad
625 986 748 1037 fam.
767 987 820 1050 8,
845 988 871 1038 1
887 1027 903 1052 ,
930 991 981 1039 4.
1003 1017 1069 1026 -
1091 989 1214 1040 Cae-

267 1054 342 1103 lio
369 1055 784 1117 inimicissimus,
818 1057 956 1109 Cael.
987 1061 1054 1109 ad
1087 1057 1212 1112 fam.
1276 1097 1283 1100 -

265 1121 321 1184 8,
347 1121 431 1187 12,
452 1124 500 1177 1.
523 1149 592 1161 -
611 1123 836 1192 Repulsa
866 1127 930 1177 ab
957 1141 1016 1177 eo
1039 1127 1141 1176 lata
1161 1130 1213 1176 in

267 1200 554 1311 ffiggmffis
573 1195 817 1314 petitioge
847 1210 970 1313 22:231.
997 1211 1040 1246 c.
1059 1195 1209 1314 ἔοι,

195 1276 202 1279 ·
335 1299 348 1310 .
419 1297 434 1320 ,
540 1297 556 1325 ,
617 1291 717 1310 .-
790 1279 1028 1326 omnus,
1101 1281 1210 1315 om-

263 1330 511 1394 peianus,
544 1331 598 1380 in
617 1331 796 1382 Marsis
821 1335 1005 1399 agebat.
1035 1349 1209 1384 mense

263 1399 502 1448 Ianuario
528 1407 578 1447 a.
599 1415 649 1449 ιι.
681 1417 726 1454 c.
749 1402 868 1454 705.
885 1438 900 1463 ,
933 1404 1000 1453 ad
1027 1403 1132 1454 Att.
1156 1403 1204 1468 7,

265 1467 402 1518 131).
427 1467 592 1520 7.1b.
618 1469 676 1533 7,
697 1469 793 1530 23,
817 1471 843 1520 1
869 1479 918 1520 et
936 1471 989 1526 3.
1011 1499 1076 1508 —
1097 1471 1208 1521 Non

261 1535 488 1585 habebat
506 1537 724 1596 militum
756 1540 846 1590 111.
871 1539 1038 1604 milia,
1061 1541 1132 1594 lb.
1153 1541 1205 1602 7,

262 1605 353 1657 24.
378 1629 447 1641 -
468 1603 609 1656 Bona
625 1607 689 1658 de
707 1608 932 1659 Domitio
949 1608 1084 1659 fama
1109 1619 1206 1670 est,

259 1673 340 1722 Ib.
372 1675 436 1734 7,
471 1673 569 1736 26,
603 1676 652 1726 1.
686 1704 752 1713 —
777 1678 1204 1742 Pompeianorum

260 1757 416 1792 nemo
455 1744 657 1794 stultior
691 1759 803 1796 esse
837 1747 1023 1796 dicitur
1052 1763 1204 1810 quam

259 1810 326 1860 L.
351 1810 604 1862 Domitius
637 1828 683 1862 a.
717 1831 769 1866 ιι.
793 1830 834 1864 c.
857 1815 1007 1879 705.,
1041 1817 1116 1866 Ib.
1148 1816 1200 1881 8,

262 1881 291 1931 1
313 1917 330 1942 ,
367 1880 419 1933 3.
457 1909 526 1921 —
562 1882 813 1935 Domitius
849 1883 1052 1935 Corfinii
1088 1900 1203 1936 cum

255 1950 410 1999 firmo
455 1951 704 2003 exercittu
751 1962 800 2003 et
846 1968 1076 2021 pugnare
1116 1972 1202 2006 cu-

257 2020 435 2085 piente
466 2028 570 2084 est,
605 2021 680 2071 Ib.
716 2021 778 2081 8,
809 2021 872 2083 3,
903 2024 952 2073 7.
987 2052 1056 2061 —
1079 2024 1202 2074 Eius

260 2088 464 2138 litterae
511 2090 578 2139 ad
616 2092 916 2155 Pompeium
963 2094 1200 2158 scriptae,

257 2158 340 2208 lb.
359 2157 394 2209 8
411 2195 428 2219 ,
455 2157 489 2208 6
505 2194 517 2216 ,
546 2160 597 2209 2.
617 2186 690 2198 -
717 2159 979 2213 Deseritur
997 2176 1029 2211 a
1054 2162 1201 2211 Pom-

257 2227 410 2292 peio,
430 2227 500 2276 lb.
520 2226 573 2288 8,
593 2225 645 2290 8,
667 2228 718 2278 2.
737 2229 791 2288 8,
815 2230 897 2283 11.
918 2232 980 2279 Α.
999 2230 1198 2282 -Cul-

257 2310 382 2359 pam
401 2296 514 2347 eius
533 2298 609 2346 rei
627 2310 828 2347 omnem
855 2300 1126 2365 Pompeius
1147 2300 1200 2348 in

257 2364 541 2416 Domitium
567 2365 789 2430 confert,
821 2367 894 2421 lb.
925 2367 989 2427 8,
1019 2368 1113 2430 12,
1143 2367 1196 2417 6.

257 2434 330 2486 cl'.
355 2433 627 2499 epistolam
646 2436 878 2501 Pompeii
897 2437 1062 2501 ipsam
1077 2472 1092 2497 ,
1121 2437 1195 2489 Ib.

251 2505 320 2551 A.
355 2528 425 2539 —
456 2504 688 2568 Pompeii
721 2505 972 2571 epistolae
1002 2506 1068 2555 ad
1093 2505 1197 2555 Do-

255 2572 456 2621 mitium
503 2574 716 2635 missae,
750 2576 825 2624 lb.
856 2574 913 2625 Β.
944 2573 996 2623 C.
1033 2572 1098 2623 D.
1129 2602 1196 2611 -

253 2642 405 2691 Varii
427 2640 492 2690 de
509 2657 570 2691 eo
589 2657 822 2693 rumores
835 2679 850 2703 ,
868 2642 940 2696 rb.
959 2643 1012 2702 8,
1034 2643 1119 2705 14,
1139 2642 1192 2696 3.

254 2736 325 2745 -
346 2710 598 2761 Domitius
626 2712 678 2760 in
701 2712 898 2763 Cosano
927 2728 1040 2763 esse
1071 2713 1198 2761 dici-

251 2786 363 2839 tur,
385 2786 594 2843 paratus
622 2780 687 2829 ad
709 2782 1084 2847 navigandum,
1119 2781 1193 2831 Ib.

255 2846 318 2905 9,
348 2846 410 2906 6,
443 2849 492 2898 2.
531 2848 592 2898 cl.
627 2850 695 2899 ib.
722 2850 782 2914 8,
814 2850 874 2915 9,
909 2850 959 2901 3.
983 2876 1048 2887 --
1071 2848 1194 2900 Cor-

251 2916 362 2967 finii
385 2931 417 2965 a
444 2916 660 2969 Caesare
680 2927 859 2985 captus
877 2929 926 2969 et
951 2920 1193 2971 dimissus

255 3000 302 3035 a.
322 3000 374 3034 u.
409 3001 455 3039 c.
481 2984 599 3037 705.
633 2988 951 3055 significatur
969 3004 1000 3038 a
1019 2988 1192 3039 Caelio

251 3052 475 3113 adram.
507 3053 569 3117 8,
604 3056 694 3117 15,
726 3059 777 3111 2.
811 3085 877 3094 -
905 3058 1034 3108 Eum
1062 3058 1190 3109 occi·

253 3122 394 3172 disse
431 3123 614 3173 dicitur
651 3124 718 3175 M.
759 3127 1036 3191 Antonine,
1076 3127 1194 3176 Phi-

251 3191 380 3256 lipp.
411 3193 475 3255 2,
500 3192 596 3255 29,
625 3194 711 3245 71.
747 3194 1039 3246 Ciceronem
1057 3196 1194 3245 timi-

253 3261 374 3310 dum
395 3275 507 3311 esse
529 3260 754 3325 dixerat,
791 3264 858 3314 ad
877 3264 999 3315 fam.
1021 3263 1082 3325 6,
1106 3264 1192 3332 21,

254 3330 302 3379 1.
341 3329 414 3381 lb.
431 3328 482 3394 8,
507 3329 559 3389 8,
579 3331 613 3383 5
631 3341 681 3382 et
701 3332 752 3383 6.
776 3358 842 3369 —
861 3333 1196 3383 Praestantis-

249 3397 412 3448 simus
444 3399 574 3448 civis
608 3402 817 3461 dicitur,
852 3401 1074 3467 Philipp.
1109 3401 1191 3461 13,

2188 144 2311 208 133

1369 305 1459 364 14,
1494 306 1579 358 29.
1614 336 1679 344 -—
1719 307 1789 356 De
1820 309 1929 358 eius
1958 309 2197 362 facultate
2228 314 2305 367 di-

1367 374 1539 435 cendi,
1565 374 1703 430 Brut.
1737 379 1819 434 77,
1843 377 1961 430 267.

1295 455 1477 507 Dores
1497 492 1512 520 ‚
1574 474 1737 524 genus
1806 460 2107 514 Graecorum
2125 501 2139 527 ,
2208 479 2299 532 pro

1365 525 1543 576 Flacco
1570 527 1658 589 27,
1678 528 1762 579 64.
1798 530 1923 585 der.
1947 547 2000 596 p.
2022 533 2072 596 2,
2094 538 2147 594 4,
2164 534 2219 588 8.

1289 605 1460 658 Doris
1476 644 1491 672 ‚
1522 625 1654 660 uxor
1679 612 1910 679 Dionysii
1932 616 2137 666 maioris
2156 654 2170 676 ,
2198 617 2300 668 'l'u-

1359 678 1486 728 scul.
1510 677 1562 739 5,
1583 680 1667 744 20,
1688 680 1772 732 59.

1288 745 1621 812 Dorylaum,
1646 750 1767 800 urbs
1788 749 2041 817 Phrygiae
2063 753 2295 820 Epicteti,

1355 815 1531 865 Flacco
1554 817 1637 882 17,
1661 817 1745 870 39.

1287 882 1603 950 Dorylaus,
1638 887 1865 938 Deiotari
1900 892 2036 955 regis
2074 892 2293 959 legatus,

1353 966 1447 1016 pro
1468 952 1630 1008 Deiot.
1654 956 1737 1018 15,
1760 957 1847 1008 41.

1286 1019 1608 1076 Dorotheus
1626 1023 2003 1092 Thermitanus,
2040 1031 2183 1085 Verr.
2207 1047 2295 1082 ac-

1354 1099 1513 1140 cusat.
1534 1094 1584 1152 2,
1607 1093 1693 1156 36,
1712 1093 1797 1144 89.

1282 1171 1609 1240 Doryphori
1653 1185 1819 1227 statua
1846 1178 2119 1245 Polycleti,
2162 1191 2288 1234 orat.

1279 1310 1517 1361 Doterio
1542 1313 1751 1378 histrio,
1782 1316 1847 1364 nd
1872 1317 1975 1365 Att.
2002 1320 2059 1382 1,
2085 1321 2175 1376 16,
2202 1322 2283 1371 12.

1278 1379 1494 1443 Draco,
1523 1382 1697 1442 sidus,
1724 1385 1863 1433 Arat.
1891 1400 1936 1436 ν.
1958 1387 2043 1436 47.
2074 1387 2138 1437 de
2159 1403 2206 1436 n.
2232 1391 2284 1439 d.

1348 1450 1399 1512 2,
1420 1451 1507 1512 42,
1534 1450 1650 1500 106.

1276 1516 1530 1582 Dracon,
1559 1519 1691 1584 legis
1725 1519 1856 1568 lator
1879 1519 2285 1584 Atheniensitun,

1348 1588 1413 1637 de
1433 1595 1557 1637 orat.
1583 1589 1629 1649 1,
1648 1589 1735 1653 44,
1760 1587 1877 1642 197.
1916 1589 1985 1641 cl'.
2012 1591 2075 1640 de
2094 1607 2132 1640 r.
2154 1607 2207 1656 p.
2231 1595 2283 1655 2,

1351 1657 1400 1719 1,
1424 1659 1475 1705 2.

1275 1737 1664 1805 Drepanitani‚
1677 1739 1899 1804 Drepani
1915 1742 2125 1803 incolae,
2136 1743 2281 1794 Verr.

1344 1817 1567 1858 accusat.
1592 1812 1641 1873 4,
1666 1809 1749 1874 17,
1769 1809 1856 1862 37.

1274 1875 1525 1931 Druidae
1565 1879 1613 1927 in
1648 1877 1811 1929 Gallia
1840 1888 2175 1947 augurantur,
2219 1882 2282 1931 de

1344 1948 1501 1998 divin.
1528 1948 1575 2010 1,
1596 1947 1682 2011 41,
1703 1948 1788 2000 90.

1277 2016 1337 2067 G.
1358 2013 1617 2067 Duellius
1635 2032 1678 2067 s,
1702 2014 1925 2067 Duilius
1940 2052 1955 2079 ‚
1977 2018 2063 2078 qui
2085 2018 2280 2081 primus

1341 2086 1684 2137 Romanorum
1739 2084 1903 2136 classe
1953 2086 2149 2135 Poenos
2194 2087 2281 2135 de·
2374 2083 2399 2109 '

1342 2156 1493 2217 vicit,
1526 2170 1630 2208 cos.
1656 2170 1700 2203 a.
1727 2171 1777 2204 u.
1811 2173 1856 2207 c.
1879 2155 2031 2213 494„
2056 2171 2152 2220 pro
2186 2156 2275 2205 Gn.

1342 2224 1513 2275 Plane.
1545 2224 1643 2285 25,
1674 2224 1761 2277 60.
1804 2224 1867 2273 de
1902 2238 1943 2271 r.
1975 2239 2028 2289 p.
2060 2225 2085 2273 1
2106 2260 2119 2286 ,
2143 2223 2202 2284 l,
2230 2225 2275 2273 1.

1274 2304 1278 2307 ’
1340 2294 1404 2343 de
1421 2308 1531 2344 sen.
1554 2292 1645 2355 13,
1675 2294 1759 2343 44.
1782 2320 1848 2329 -
1868 2290 2123 2341 Duellium
2144 2307 2278 2356 eum,

1341 2362 1428 2425 qui
1447 2362 1644 2411 Poenos
1661 2353 1825 2411 classe
1843 2360 2045 2419 devicit,
2062 2358 2277 2409 Bellium

1338 2429 1756 2493 nominaverunt,
1796 2442 1953 2491 quum
1989 2430 2279 2493 superiores

1339 2497 1580 2564 appellati
1618 2506 1788 2547 essent
1830 2511 2035 2561 semper
2069 2495 2275 2557 Duellii,

1338 2576 1465 2621 orat.
1485 2566 1571 2627 45,
1594 2564 1713 2617 153.

1267 2634 1339 2687 K.
1356 2632 1618 2688 Duellius
1641 2651 1685 2684 s.
1704 2632 1934 2685 Duilius
1958 2635 2276 2689 consul-cum

1335 2706 1397 2755 L.
1430 2705 1633 2771 Papirio
1668 2703 1852 2755 Crasso
1883 2719 1929 2753 a.
1966 2720 2021 2761 u.
2058 2721 2103 2759 e.
2135 2706 2276 2763 418..

1335 2775 1403 2825 ad
1422 2774 1546 2829 farn.
1569 2774 1619 2831 9,
1639 2774 1723 2833 21,
1742 2776 1793 2825 2.
2324 2828 2329 2833 ,

1265 2842 1581 2895 Duodecim
1605 2842 1860 2907 tabulae,
1886 2845 1951 2894 de
1970 2844 2072 2909 leg.
2103 2844 2130 2895 1
2149 2878 2164 2906 ,
2188 2844 2273 2902 21,

1335 2913 1419 2965 55.
1456 2915 1528 2967 Ib.
1555 2916 1618 2974 2,
1639 2912 1735 2975 23,
1754 2913 1978 2965 58-62.
2012 2914 2084 2962 lb.
2113 2913 2163 2975 2,
2186 2912 2272 2974 25,

1334 2982 1423 3036 64.
1463 2984 1537 3034 lb.
1562 2983 1612 3046 3,
1638 2981 1720 3043 19,
1746 2984 1833 3032 44.
1870 2982 1933 3031 de
1956 2998 1997 3030 r.
2018 2997 2070 3045 p.
2105 2982 2167 3039 4,
2192 2979 2274 3037 10,

1336 3051 1419 3103 12.
1458 3067 1549 3117 pro
1579 3051 1743 3101 Tullio
1765 3053 1816 3113 S.
1837 3050 1921 3100 47.
1948 3049 2033 3101 50.
2053 3048 2138 3099 51.
2179 3062 2273 3113 pro

1333 3118 1442 3169 Mil.
1464 3119 1513 3186 3,
1534 3121 1585 3173 9.
1619 3120 1693 3172 lb.
1720 3121 1773 3180 4,
1803 3117 1886 3168 11.
1920 3132 2015 3181 pro
2036 3116 2165 3169 Sest.
2186 3115 2272 3180 36,

1262 3254 1455 3312 Drusi.
1494 3256 1559 3305 V.
1584 3256 1637 3305 in
1654 3251 1835 3307 Liviis
1860 3250 2083 3306 Drusis.

1263 3331 1483 3384 Drusus
1537 3331 1853 3383 Pisaurensis
1877 3366 1891 3391 ,
1944 3328 2011 3379 ad
2058 3328 2165 3379 Att.
2222 3329 2276 3388 2,
