2500 3850
930 210 1254 261 LEPREON
1289 233 1363 242 —
1402 211 1630 258 Lmen.
1711 188 1716 192 ’

244 362 507 429 Lepreon
540 369 590 414 et
617 362 859 428 Lepreos
874 401 889 428 ,
914 337 1159 417 Arcadiae
1178 383 1268 432 op-

322 433 499 498 pidum
525 435 851 498 maritimum,
874 435 938 484 ad
962 435 1123 500 Amo,
1142 439 1193 496 2,
1214 437 1264 487 3.

249 517 324 584 Q.
341 515 521 582 Lepta
540 515 830 581 praefectus
853 516 1049 567 fabrum
1068 519 1268 568 Cicero-

324 587 435 648 niS,
470 586 538 635 ad
567 585 773 647 fam.3,
807 587 868 647 7,
896 588 1057 639 4.1b.
1082 588 1146 653 5,
1178 589 1266 648 20,

325 658 378 706 4.
415 680 481 690 -
520 654 605 704 Ad
644 671 759 704 eum
794 663 913 704 sunt
952 656 1019 706 ad
1054 657 1175 710 fam.
1212 658 1264 722 6,

329 724 393 776 18
413 732 463 773 et
484 724 569 775 19.
591 750 661 760 —-
682 723 909 789 Sponsor
935 724 1031 775 fuit
1058 742 1151 790 pro
1173 725 1264 776 Cn.

2221 201 2342 262 213

1407 365 1543 451 xidis
1567 366 1824 417 Leucadia
1842 382 2112 428 conversa,
2135 369 2342 423 Tuscul.

1337 434 1566 554 Letiiceai'
1589 437 1990 569 gffomontorium
2020 512 2068 554 et
2095 508 2345 570 oppidum

1407 574 1742 636 paeninsulae
1771 573 2084 638 Leiscadiae,
2124 577 2189 624 ad
2219 575 2341 630 fam.

1410 640 1501 704 16,
1526 642 1582 707 1,
1605 642 1887 703 2.1b.16,
1909 644 1961 692 2.
2001 644 2075 692 lb.
2101 643 2344 706 16,4,4.

1407 710 1588 774 Ib.16,
1611 712 1662 771 5,
1688 712 1736 761 1.
1777 712 1849 761 lb.
1879 712 1960 773 16,
1980 713 2032 774 9,
2057 713 2106 764 l.

325 793 599 858 pompeio,
665 791 753 842 cn·
802 793 1031 858 pompeii
1097 795 1269 861 Magni
1341 778 2346 845 Leucata,Leucadiaepromontorium,

326 862 461 922 filio,
485 863 559 912 lb.
582 864 643 918 6,
670 862 760 926 19,
791 861 841 913 3.
876 863 940 912 cl.
966 865 1035 913 ib.
1059 866 1111 926 7,
1132 865 1191 930 5,
1213 866 1266 918 2.

328 931 488 996 Lepta
516 932 715 982 debitor
747 929 1037 994 CiceroniS,
1068 934 1135 983 ad
1164 936 1268 987 Att.

332 1000 414 1061 10,
439 1001 521 1065 11,
544 1002 595 1053 2.
630 1001 704 1055 lb.
724 999 774 1060 9,
802 1001 883 1063 12,
912 1001 959 1052 1.
996 1003 1069 1055 Ib.
1093 1002 1155 1064 9,
1182 1004 1266 1062 14,

328 1069 378 1123 3.
417 1070 493 1119 Ib.
517 1070 611 1132 11,
644 1069 703 1134 8,
739 1071 788 1121 1.
810 1095 871 1106 —-
898 1070 1057 1134 Lepta
1084 1087 1175 1136 pro
1197 1072 1264 1120 M.

326 1139 535 1188 Plancio
553 1139 749 1189 Herede
768 1140 929 1188 amico
953 1143 1023 1189 ita
1051 1141 1266 1200 laborat,

328 1216 383 1258 ut
403 1209 513 1257 eius
542 1207 769 1258 fortunae
803 1209 1068 1259 videantur
1090 1212 1139 1259 in
1161 1211 1266 1260 dis-

328 1278 524 1327 crimen
546 1280 741 1337 venire‚
764 1278 829 1326 ad
851 1278 975 1328 fam.
998 1277 1057 1344 9,
1095 1279 1159 1330 13
1177 1314 1192 1342 ,
1212 1281 1264 1330 2.

328 1347 393 1398 cl.
420 1346 487 1398 ib.
511 1346 572 1404 9,
611 1345 703 1407 13,
736 1346 786 1396 3.
811 1372 876 1383 —
896 1347 1059 1412 Lepta
1082 1349 1144 1397 de
1172 1363 1267 1398 sua

327 1416 430 1465 vini
466 1417 721 1466 curatione
751 1414 829 1480 (in
859 1415 998 1466 ludis
1022 1419 1266 1466 Romanis

328 1501 373 1533 a.
395 1501 447 1534 u.
470 1501 515 1534 c.
536 1481 689 1548 709.)
708 1485 929 1546 laborat,
960 1487 1025 1536 ad
1044 1487 1151 1539 Att.
1181 1487 1264 1548 13,

327 1555 412 1614 46,
438 1553 483 1606 1.
504 1579 573 1589 —-
592 1555 893 1603 Memoratur
914 1557 983 1607 ib.
1012 1555 1072 1617 5,
1097 1556 1185 1619 17,
1208 1558 1261 1607 2.

330 1625 403 1672 Ib.
427 1624 479 1682 6,
504 1623 551 1683 1,
574 1623 657 1674 22.
698 1624 770 1676 lb.
792 1622 853 1684 6,
874 1624 936 1683 8,
956 1626 1007 1673 2.
1048 1626 1121 1674 lb.
1142 1627 1191 1688 8,
1216 1624 1267 1683 3,

329 1694 381 1740 7.
419 1691 485 1742 ad
502 1690 624 1744 farn.
653 1693 745 1752 14,
778 1692 862 1745 17.
901 1695 971 1742 lb.
1000 1693 1091 1755 16,
1121 1696 1183 1754 4,
1216 1696 1264 1746 4.

331 1762 407 1812 lb.
437 1760 517 1821 16,
540 1759 625 1820 23,
650 1763 701 1812 2.

166 1899 183 1908 e
260 1829 441 1896 Lepta
476 1829 628 1880 filius.
696 1830 757 1878 Ei
796 1830 969 1880 Cicero
1008 1829 1268 1881 Oratorem

331 1915 477 1950 suum
495 1899 764 1965 legendum
798 1908 847 1951 et
864 1901 1136 1953 Hesiodum
1160 1903 1270 1953 edi-

332 1970 573 2019 scendum
606 1972 954 2035 commendat,
986 1972 1052 2021 ad
1072 1972 1189 2021 farn.
1214 1971 1267 2033 6,

308 2074 313 2078 -
337 2038 418 2101 18,
438 2040 472 2088 4
492 2048 541 2089 et
559 2040 610 2089 5.
901 2040 907 2046 “

262 2106 527 2175 Leptines
547 2108 885 2164 Atheniensis,
914 2108 1270 2159 Demosthenis

334 2179 492 2227 oratio
514 2185 684 2228 contra
704 2179 964 2243 Leptiuem
984 2216 997 2238 ,
1031 2187 1157 2229 orat.
1183 2178 1268 2238 31,

265 2246 527 2381 Lelpltiucs
560 2318 768 2380 quidam
797 2318 1075 2367 Laodiceae
1105 2319 1153 2367 in
1176 2334 1272 2383 gy-

334 2386 531 2435 mnasio
553 2388 737 2435 occidit
759 2388 849 2437 Cn.
874 2386 1163 2451 Octavium,
1198 2388 1271 2436 le-

335 2463 508 2519 gatum
534 2455 711 2520 populi
748 2457 964 2505 Romani
1002 2457 1067 2507 ad
1098 2458 1272 2506 Antio-

337 2523 515 2587 chum,
538 2524 757 2591 Philipp.
781 2524 831 2588 9,
854 2529 903 2588 2,
924 2528 975 2576 4.

268 2604 483 2673 Leptis,
506 2608 683 2659 civitas
712 2611 763 2658 in
784 2611 1046 2675 provincia
1078 2610 1269 2675 Africa,

338 2678 483 2731 Verr.
508 2686 728 2728 accusat.
749 2679 800 2739 5,
820 2679 905 2740 59,
928 2678 1046 2730 155.

269 2759 449 2827 Lepus
471 2756 663 2827 levipes
678 2800 691 2823 ,
712 2764 853 2812 sidus
870 2801 882 2823 ,
906 2765 1045 2812 Arat.
1072 2780 1122 2815 ν.
1146 2764 1270 2815 365.

338 2830 401 2880 de
420 2846 468 2880 n.
493 2832 543 2879 d.
564 2834 614 2892 2,
638 2833 721 2895 44,
749 2833 865 2883 114.

270 2897 447 2949 Lerna
494 2908 656 2951 taetra
700 2910 918 2952 mactata
966 2911 1166 2952 excetra
1210 2903 1274 2951 ab

337 2968 550 3021 Hercule
569 2978 744 3035 pacata
758 3007 772 3031 ,
794 2971 995 3025 Tuscul.
1019 2974 1050 3023 2
1066 3008 1079 3035 ,
1110 2972 1164 3032 9,
1183 2972 1271 3024 22.

270 3048 529 3102 Lesbiaci
567 3052 683 3103 libri
720 3060 823 3103 tres
859 3053 1183 3117 Dicaearchi,
1222 3054 1276 3102 in

339 3121 523 3183 quibus
578 3123 775 3172 animos
831 3122 1096 3174 homiuum
1162 3136 1277 3173 esse

336 3191 583 3311 rlnogtalgg
612 3190 815 3241 efficere
848 3192 1031 3253 voluit,
1066 3192 1274 3243 Tuscul.

377 3296 388 3313 .
484 3296 497 3319 ,
592 3297 603 3310 .

271 3323 483 3377 Lesbus
500 3364 514 3391 ,
534 3328 702 3379 insula
722 3330 775 3379 in
794 3330 923 3379 mari
942 3331 1149 3395 Aegaeo
1164 3367 1179 3392 ,
1211 3330 1280 3379 ad

338 3398 442 3444 Att.
461 3396 512 3457 9,
536 3397 587 3458 9,
608 3398 661 3447 2.

272 3459 581 3531 Leucadia,
618 3467 838 3532 Tui-pilii
867 3466 1039 3517 fabula
1069 3482 1131 3517 ex
1160 3466 1280 3517 Ale-

1409 847 1618 902 Tuscul.
1643 851 1695 910 4,,
1721 848 1801 909 18,
1821 850 1907 899 41.

1338 915 1652 982 Leucippus
1669 955 1684 981 ,
1715 919 1930 968 Zenonis
1961 916 2170 966 Eleatici
2191 918 2350 968 disci-

1407 985 1586 1051 pulus,
1619 988 1718 1036 iam
1741 995 1858 1036 ante
1877 987 2220 1037 Democritum
2239 995 2348 1037 ato-

1407 1071 1518 1104 mos
1551 1057 1752 1115 statuit,
1789 1057 1853 1106 de
1883 1071 1932 1106 u.
1958 1055 2008 1110 d.
2036 1057 2092 1117 1,
2126 1056 2226 1115 24,
2256 1054 2344 1106 66.

1406 1126 1471 1177 V.
1515 1122 1890 1175 Democritus.
1935 1154 2006 1164 —
2052 1125 2346 1190 Leucippus

1406 1193 1612 1258 plenum
1635 1203 1682 1243 et
1705 1196 1852 1243 inane
1873 1195 2003 1244 dixit
2022 1208 2134 1242 esse
2153 1230 2164 1251 ‚
2197 1209 2227 1242 a
2247 1209 2346 1256 quo

1408 1263 1577 1311 omnia
1610 1265 1964 1328 gignerentur,
2004 1263 2160 1315 Acad.
2194 1278 2270 1327 pr.
2293 1264 2346 1324 2,

1405 1329 1490 1394 37,
1518 1330 1636 1382 118.

1337 1399 1716 1462 Leucopetra,
1779 1401 2175 1462 promontorium
2237 1399 2348 1462 agri

1407 1468 1650 1530 Rhegini‚
1681 1467 1835 1516 hodie
1869 1467 2005 1527 Gapo
2038 1467 2153 1516 dell'
2184 1465 2345 1530 Armi,

1404 1535 1632 1600 Philipp.
1660 1537 1708 1597 1,
1729 1535 1781 1596 3,
1800 1536 1851 1587 7.

1340 1604 1687 1669 Leucopetra
1750 1599 2220 1665 Tarentinorum,
2283 1603 2349 1651 ad

1411 1677 1510 1728 Att.
1538 1672 1619 1735 16,
1646 1672 1697 1736 6,
1721 1674 1768 1728 1.
1814 1674 1888 1725 lb.
1914 1671 1995 1736 16,
2018 1674 2066 1732 7,
2091 1673 2140 1723 1.

1339 1741 1681 1794 Leucothea.
1714 1744 1800 1794 Ino
1815 1760 1845 1802 ,·
1862 1742 2038 1793 Cadmi
2055 1741 2161 1790 filia
2175 1779 2189 1803 ‚
2210 1740 2349 1788 Λευ-

1409 1810 1592 1862 κοθέα
1613 1815 1872 1862 nominata
1904 1825 1934 1860 a
1970 1809 2202 1870 Graecis,
2240 1809 2348 1858 Ma-

1409 1891 1517 1933 tuta
1541 1882 1755 1933 habetur
1783 1897 1814 1932 a
1832 1881 2077 1931 Romanis
2093 1917 2108 1945 ,
2143 1879 2346 1932 Tuscul.

1415 1951 1469 2013 1,
1493 1952 1584 2011 12,
1606 1952 1692 2001 28.
1723 1952 1784 2001 cl.
1809 1953 1870 2002 de
1896 1966 1948 2002 n.
1974 1951 2024 1999 d.
2047 1948 2108 2008 3,
2147 1950 2237 2008 15,
2259 1948 2346 2001 39.

1407 2021 1479 2071 lb.
1505 2020 1556 2079 3,
1581 2021 1662 2081 19,
1683 2019 1771 2071 48.

1339 2087 1580 2141 Leuctra
1597 2125 1610 2151 ,
1665 2089 1909 2154 oppidum
1945 2086 2212 2151 Boeotiae,
2265 2088 2351 2138 ubi

1314 2173 1318 2179 ’
1411 2159 1649 2223 Spartani
1667 2174 1698 2208 a
1715 2158 1972 2208 Thebanis
1993 2158 2122 2207 duce
2142 2158 2350 2221 Epami-

1408 2222 1581 2278 nonda
1597 2230 1720 2279 victi
1738 2235 1882 2291 sunt,
1909 2227 1972 2277 de
1993 2227 2150 2278 divin.
2175 2225 2208 2274 2
2227 2262 2242 2288 ,
2261 2226 2348 2284 25,

1409 2296 1496 2347 54.
1525 2322 1595 2333 -·
1614 2299 1760 2349 Prius
1787 2296 1990 2347 Boeotia
2011 2295 2225 2347 Leuctra
2253 2296 2351 2344 tol-

1415 2366 1579 2415 lentur
1630 2381 1782 2430 quam
1817 2378 2021 2428 pugnae
2057 2364 2352 2413 Leuctricae

1411 2436 1602 2500 gloria,
1627 2432 1834 2483 Tuscul.
1865 2432 1910 2490 1,
1931 2430 2016 2495 46,
2041 2429 2158 2481 110.
2200 2431 2262 2479 cl.
2285 2433 2350 2481 de

1413 2502 1501 2553 off.
1530 2503 1555 2552 1
1572 2541 1587 2566 ,
1625 2502 1716 2566 18,
1740 2500 1828 2551 61.
1848 2528 1917 2539 -—
1935 2500 2195 2549 Leuctrica
2219 2501 2351 2549 cala-

1412 2574 1588 2637 mitas,
1613 2572 1676 2621 de
1694 2569 1780 2621 off.
1805 2570 1864 2631 2,
1898 2570 1956 2631 7,
1979 2567 2064 2618 26.
2103 2566 2166 2617 de
2187 2569 2346 2621 divin.

1417 2642 1464 2704 1,
1488 2640 1572 2700 34,
1595 2642 1680 2695 74.
1701 2666 1770 2675 --
1789 2638 2049 2688 Leuctrica
2069 2652 2241 2705 pugna
2261 2654 2355 2703 per

1413 2710 1630 2761 ironiam
1664 2711 1848 2761 dicitur
1875 2709 2057 2758 caedes
2085 2707 2136 2759 P.
2171 2706 2352 2768 Clodii,

1415 2782 1481 2829 ad
1499 2781 1602 2829 Att.
1622 2780 1675 2841 6,
1698 2780 1746 2842 1,
1766 2778 1852 2830 26.

1344 2844 1620 2913 Libanus,
1660 2848 1842 2899 servile
1871 2863 2053 2898 nomen
2087 2850 2352 2906 comicum,

1322 2963 1332 2977 ,.
1415 2920 1482 2969 ad
1502 2919 1618 2969 Her.
1641 2920 1695 2977 4,
1713 2916 1906 2977 50,.63.

1345 2982 1518 3038 Liber
1537 2988 1647 3037 sive
1669 2984 1946 3037 Bacchus.
1975 2985 2128 3035 Liber
2156 2982 2359 3033 Semela

1413 3063 1562 3107 natus
1588 3057 1820 3107 diversus
1851 3054 1914 3103 ab
1947 3069 2036 3113 eo,
2073 3066 2222 3115 quem
2257 3054 2358 3101 Ro-

1415 3128 1555 3176 mani
1586 3132 1800 3188 auguste
1827 3129 2099 3186 sancteque
2118 3137 2232 3171 cum
2265 3121 2358 3171 Ce-

1416 3209 1528 3244 rere
1548 3201 1595 3243 et
1613 3193 1798 3241 Libera
1817 3199 2261 3253 consecraverunt,
2295 3190 2359 3238 de

1417 3276 1470 3311 n.
1495 3262 1546 3310 d.
1567 3264 1618 3323 2,
1640 3262 1739 3319 24,
1758 3261 1846 3311 62.
1881 3259 1947 3312 cl.
1967 3260 2036 3311 ib.
2059 3260 2090 3308 2
2107 3293 2120 3320 ,
2146 3257 2212 3309 23
2230 3292 2244 3320 ,
2267 3256 2356 3307 60.

1416 3356 1490 3369 -
1506 3329 1656 3377 Liber
1677 3327 1801 3377 deus
1815 3365 1827 3387 ‚
1849 3328 2052 3378 Semela
2069 3338 2236 3385 natue,
2259 3328 2361 3375 Tu-

1420 3397 1547 3449 scul.
1574 3398 1620 3461 1,
1647 3396 1728 3455 12,
1751 3395 1834 3450 28.
1857 3398 1925 3447 ad
1945 3398 2066 3451 Her.
2087 3398 2140 3457 4,
2162 3395 2248 3457 32,
2269 3394 2357 3446 43.

1423 3494 1484 3507 -
1517 3466 1638 3515 Eius
1658 3465 1854 3529 cultus,
1889 3467 1953 3517 de
1972 3466 2073 3531 leg.
2097 3467 2128 3516 2
2148 3500 2162 3525 ,
2193 3465 2251 3524 8,
2276 3461 2341 3513 19
