2500 3850
239 185 363 245 304

309 371 424 404 nem
469 354 734 414 ferumque
775 352 921 401 finxit
977 352 1243 411 Homerus,

308 423 509 473 Tuscul.
536 425 585 479 5,
606 421 690 482 39,
719 421 834 471 115.

239 490 509 557 Pompeia
529 492 687 543 curia.
724 491 778 538 In
803 505 862 539 ea
887 490 1072 540 Caesar
1089 488 1245 537 truci-

310 564 456 611 datus
477 568 580 624 est,
604 560 666 609 de
687 560 846 611 divin.
871 560 920 620 2,
944 558 994 616 9,
1019 558 1103 608 23.

237 628 508 695 Pompeia
537 630 622 679 lex
647 630 710 679 de
733 630 784 678 vi
807 643 853 676 a.
877 644 927 677 u.
951 643 994 675 c.
1018 627 1136 677 702.
1175 625 1247 673 Ea

309 711 480 750 ternae
507 698 661 749 horae
682 698 747 747 ad
779 697 1046 746 dicendum
1078 696 1242 755 datae,

306 770 444 817 Brut.
477 769 560 823 94,
581 768 699 818 324.
739 766 805 816 ad
829 768 928 814 Att.
955 765 1037 829 10,
1060 766 1112 825 4,
1135 762 1186 817 8.

238 851 537 918 Pompeia,
561 852 750 901 femina
768 852 1038 915 primaria,
1065 852 1119 899 P.
1144 851 1246 899 Va-

304 926 415 972 tinii
439 938 595 981 uxor,
621 922 686 969 ad
709 920 830 969 fam.
855 921 903 981 5,
930 921 1013 980 11,
1033 921 1084 971 2.

235 1006 494 1075 Pompeii
515 1003 839 1071 Percennii,
871 1008 1181 1067 Mamertini,
1216 1022 1246 1055 a

311 1080 402 1130 Cn.
423 1078 666 1140 Pompeio
696 1078 896 1125 civitate
926 1077 1126 1138 donati,
1163 1074 1243 1123 Ci-

306 1161 544 1197 ceronum
563 1147 788 1208 hospites
805 1145 1081 1204 Messanae,
1093 1146 1240 1194 Verr.

307 1223 525 1265 accusat.
553 1219 602 1275 4,
627 1214 709 1273 11,
733 1216 816 1263 25.

239 1282 522 1349 Pompeii,
555 1284 864 1348 Campaniae
883 1284 1153 1347 oppidum,
1181 1283 1244 1331 de

310 1355 423 1419 lege
443 1369 551 1418 agr.
574 1356 625 1415 2,
653 1353 836 1417 31,86.

235 1420 589 1488 Pompeiani,
617 1421 813 1471 incolae
834 1422 1010 1486 oppidi
1030 1420 1244 1485 Pompe-

308 1494 502 1552 iorum,
541 1507 572 1540 a
606 1492 662 1541 P.
697 1491 839 1540 Sulla
871 1491 1078 1555 impulsi
1110 1488 1241 1539 falso

309 1561 631 1618 dicebantur,
673 1568 724 1607 ut
756 1561 820 1608 ad.
843 1561 1242 1609 coniurationem

307 1629 628 1690 accederent,
653 1642 742 1691 pro
764 1626 904 1677 Sulla
925 1630 1010 1691 21,
1027 1627 1113 1679 60.

235 1710 598 1777 Pompeiani,
620 1714 913 1776 Pompeiani
935 1715 1175 1779 descripti
1196 1718 1244 1761 et

305 1780 598 1845 reprehensi
629 1783 691 1833 ab
727 1782 838 1847 ipso
876 1782 1144 1845 Cicerone,
1177 1782 1245 1831 ad.

305 1848 434 1899 fam.
453 1852 503 1910 9,
525 1851 575 1911 6,
599 1850 648 1901 3.

236 1916 671 1985 Pompeianum,
712 1936 892 1970 nomen
922 1920 1157 1971 villarum
1192 1922 1246 1970 in

307 2007 431 2056 agro
451 1991 759 2055 Pompeiano
777 2028 790 2051 ,
821 1992 982 2041 Acad.
1003 2006 1086 2055 pr.
1108 1994 1169 2052 2,
1191 1989 1242 2050 3,

306 2059 356 2110 9.
395 2061 459 2109 ad
481 2061 583 2108 Att.
615 2060 671 2123 1,
706 2059 796 2120 20,
820 2061 867 2110 1.
905 2059 1068 2120 Ib.3‚
1099 2061 1159 2121 2,
1195 2060 1242 2111 1.

307 2129 512 2178 adfam.
541 2130 604 2191 7,
639 2131 700 2189 3,
742 2129 787 2177 1.
829 2129 902 2178 lb.
929 2132 991 2190 7,
1026 2129 1122 2188 12,
1154 2127 1240 2182 20.

235 2209 618 2277 Pompeianus
648 2211 994 2275 cistophorus,
1039 2213 1103 2261 ad
1139 2212 1242 2262 Att.

307 2284 357 2343 2,
381 2282 431 2344 6,
451 2283 504 2334 2.

235 2347 614 2416 Pompeianus
639 2356 874 2400 senatus:
912 2350 965 2398 in
990 2365 1049 2400 eo
1070 2350 1246 2400 decem

311 2422 515 2471 fuerunt
533 2420 844 2481 consulareS,
863 2419 933 2472 M.
959 2418 1152 2479 Cicero,
1175 2420 1241 2468 M.

307 2490 604 2551 Marcellus,
639 2490 697 2540 L.
731 2489 1004 2551 AfraniuS,
1037 2490 1092 2538 P.
1114 2489 1243 2538 Len-

305 2560 443 2610 tulus
483 2559 748 2623 Spinther,
785 2559 854 2608 M.
893 2557 1104 2608 Bibulus
1122 2595 1136 2618 ,
1179 2558 1237 2612 L.

305 2628 558 2678 Domitius
575 2665 589 2687 ,
610 2629 748 2691 App.
770 2627 1038 2691 Claudius,
1057 2626 1112 2675 P.
1135 2625 1242 2676 Sci-

302 2699 390 2759 pio
405 2733 418 2752 ,
459 2697 515 2744 L.
553 2694 796 2745 Lentulus
811 2731 826 2756 ,
867 2695 922 2746 C.
950 2694 1241 2758 Marcellae,

305 2764 529 2826 Philipp.
559 2763 640 2824 13,
670 2763 750 2821 13,
771 2762 856 2815 28.

235 2829 538 2897 Pompeius
554 2866 568 2892 ,
590 2833 655 2880 ad
675 2831 797 2883 fam.
822 2831 903 2890 16,
927 2831 1008 2896 10,
1032 2834 1082 2884 2.

235 2900 366 2953 Sex.
389 2897 690 2964 Pompeius
706 2936 721 2963 ,
745 2900 832 2949 Cn.
857 2900 1085 2964 Pompeii
1105 2899 1244 2951 Stra-

303 2971 452 3020 bonis
474 2968 694 3021 consulis
715 2985 763 3018 a.
779 2985 828 3020 u.
847 2968 1024 3023 c.665.
1050 2979 1100 3020 et
1119 2969 1239 3020 Sex.

304 3039 532 3104 Pompeii
563 3037 723 3088 Stoici
751 3045 920 3104 pater,
955 3039 1044 3089 Cn.
1067 3039 1238 3105 Magni

304 3123 459 3171 avus,
487 3109 627 3158 Brut.
654 3108 740 3169 47,
765 3108 880 3160 175.

232 3175 360 3229 Sex.
386 3174 687 3244 Pompeius
708 3176 832 3228 Sex.
852 3175 916 3227 F.
935 3215 949 3242 ,
970 3179 1128 3228 frater
1149 3177 1236 3231 Gn.

303 3249 532 3311 Pompeii
569 3247 858 3310 Strabonis,
895 3247 1235 3322 patruus-Cn.

305 3317 504 3380 Magni,
552 3319 1046 3379 praestantissimum
1093 3317 1240 3382 inge-

304 3386 442 3430 nium
465 3384 742 3432 contulerat
761 3386 827 3435 ad
847 3399 1096 3434 summam
1115 3386 1241 3434 iuris

301 3449 470 3499 civilis
491 3459 538 3499 et
555 3451 622 3499 ad
637 3453 914 3514 perfectam
931 3455 1240 3518 geometriae

533 196 843 243 POMPEIA
861 196 1068 242 CURIA
1112 217 1196 229 —-
1219 196 1327 243 CN.
1352 195 1695 243 POMPEIUS
1722 196 2025 245 MAGNUS.

1386 362 1436 401 et
1488 368 1653 402 rerum
1699 352 1983 401 Stoicarum
2040 354 2327 417 scientiam,

1384 420 1522 469 Brut.
1547 424 1632 479 47,
1657 421 1775 470 175.
1792 448 1850 457 —-
1870 419 2091 482 Stoicus,
2120 422 2188 471 de
2209 430 2321 475 orat.

1385 489 1435 549 3,
1456 491 1543 552 21,
1570 490 1654 542 78.
1676 514 1737 525 -
1760 488 1949 539 Doctus
1970 491 2049 537 vir
2074 498 2235 551 atque
2254 507 2325 539 sa-

1384 560 1562 622 pienS,
1602 558 1825 621 Philipp.
1866 559 1959 619 12,
2005 559 2103 616 11,
2148 560 2235 609 27.
2266 587 2324 595 -

1386 628 1627 677 Eruditus
1644 626 1795 675 homo
1822 627 1871 673 in
1890 626 2246 691 philosophia,
2268 629 2323 676 de

1386 704 1511 748 orat.
1547 698 1570 745 l
1592 732 1606 756 ,
1648 696 1739 757 15,
1772 694 1860 745 67.
1884 722 1947 729 -
1972 696 2026 743 ln
2047 700 2323 760 geometria

1387 766 1599 813 multum
1630 778 1815 830 operae
1850 776 2105 825 curaeque
2140 768 2319 829 posuit,

1390 834 1451 883 de
1478 833 1564 887 off.
1599 834 1645 893 1,
1668 833 1719 897 6,
1747 832 1825 884 19.

1323 899 1738 967 Cn.Pompeius
1760 900 1886 950 Sex.
1907 897 1972 948 F.
1994 898 2224 964 Strabo,
2245 904 2321 964 qui

1388 987 1490 1021 cos.
1512 972 1610 1021 fuit
1632 986 1745 1020 cum
1773 970 1833 1023 L.
1864 969 2047 1019 Porcio
2068 970 2260 1021 Catone
2278 987 2317 1019 a.

1388 1059 1438 1091 u.
1462 1057 1506 1094 c.
1531 1039 1651 1091 665.
1693 1039 1781 1091 Cn.
1805 1040 2048 1103 Pompeio
2070 1042 2321 1102 quaestori

1389 1112 1439 1157 in
1470 1111 1527 1161 T.
1550 1108 1824 1159 Albucium
1857 1116 2149 1171 praetorem
2184 1124 2319 1158 suum

1386 1180 1606 1227 nominis
1651 1178 1915 1228 deferendi
1962 1185 2195 1241 potestas
2230 1193 2319 1227 non

1386 1256 1462 1297 est
1490 1248 1638 1311 data,
1668 1249 1719 1295 in
1753 1246 1809 1305 Q.
1846 1245 2029 1295 Caecil.
2058 1247 2221 1296 divin.
2244 1247 2318 1306 19,

1382 1315 1466 1367 63.
1506 1344 1573 1353 —
1622 1315 1712 1365 Gn.
1766 1315 2001 1380 Pompeii
2064 1314 2319 1366 Strabonis

1384 1385 1608 1435 consulis
1648 1400 1760 1433 cum
1802 1385 1858 1436 P.
1899 1384 2071 1433 Vettio
2110 1384 2317 1435 Scatone

1384 1456 1512 1504 duce
1540 1455 1821 1504 Marsorum
1851 1455 1984 1502 inter
2011 1454 2131 1503 bina
2165 1460 2321 1503 castra

1385 1524 1683 1582 collocutio,
1720 1521 1943 1587 Philipp.
1973 1522 2038 1571 12
2058 1559 2073 1585 ,
2110 1523 2171 1572 11
2190 1558 2205 1587 ,
2237 1525 2315 1573 27.

1384 1618 1453 1630 ———
1508 1591 1599 1641 Cn.
1655 1591 1927 1654 Pompeius
1939 1627 1954 1651 ,
2027 1599 2179 1655 pater
2236 1593 2318 1643 Cn.

1386 1662 1588 1727 Magni,
1610 1660 1743 1709 bello
1766 1659 1939 1708 Italico
1966 1660 2027 1709 de
2052 1661 2321 1711 Asculanis

1386 1739 1434 1781 et
1453 1730 1741 1779 Picentibus
1765 1728 2115 1793 triumphavit,
2137 1746 2185 1779 a.
2208 1746 2256 1778 u.
2278 1746 2319 1784 c.

1386 1799 1505 1851 665.
1527 1837 1541 1861 ,
1563 1801 1613 1848 in
1633 1798 1802 1847 Pison.
1825 1800 1893 1847 24
1908 1833 1921 1856 ,
1951 1798 2037 1852 58.
2058 1826 2130 1834 —
2150 1798 2322 1848 Clarus

1385 1868 1537 1918 rebus
1562 1869 1750 1935 gestis,
1780 1868 1873 1917 sed
1903 1867 2020 1917 odio
2044 1867 2233 1934 dignus
2262 1868 2321 1917 ob

1386 1939 1732 1988 crudelitatem
1751 1974 1764 1996 ,
1824 1939 2123 1998 avaritiam,
2177 1938 2323 2003 perfi-

1386 2009 1553 2067 diam,
1606 2006 1827 2068 aliquem
1876 2021 2143 2057 numerum
2198 2010 2325 2056 iuter

1386 2085 1611 2127 oratores
1632 2075 1905 2134 obtinebat,
1926 2075 2069 2128 Brut.
2092 2077 2181 2136 47,
2207 2076 2322 2128 175.

1381 2172 1449 2182 -
1471 2146 1631 2195 Homo
1669 2145 1748 2194 dis
1770 2143 2126 2207 nobilitatique
2157 2147 2327 2210 perin-

1384 2215 1559 2277 visuS,
1598 2228 1804 2263 causam
1843 2213 1955 2278 lege
1984 2215 2145 2262 Varia
2180 2215 2325 2278 dixit,

1389 2282 1586 2334 Cornel.
1606 2285 1756 2347 prim.
1788 2282 1873 2332 27.
1896 2282 2082 2348 fragm.
2117 2297 2168 2347 p.
2208 2281 2326 2334 213.

1383 2377 1449 2388 --
1489 2353 1658 2401 Rebus
1702 2351 1875 2399 Italico
1915 2351 2048 2400 bello
2086 2353 2329 2401 maximis

1384 2422 1544 2485 gestis
1579 2420 1635 2474 P.
1680 2419 1911 2469 Caesium
1958 2421 2326 2481 Ravennatem,

1383 2489 1759 2540 Heracliensem
1835 2487 2052 2538 Alexam
2122 2492 2328 2539 civitate

1384 2559 1618 2622 donavit,
1658 2573 1750 2622 pro
1790 2556 1949 2613 Balbo
2024 2559 2055 2608 2

1380 2627 1477 2680 Pro
1501 2628 1610 2676 eius
1626 2627 1775 2675 bonis
1798 2627 1929 2676 dixit
1955 2625 2013 2674 L.
2037 2627 2329 2693 Philippus,

1382 2698 1521 2746 Brut.
1578 2695 1675 2760 64,
1738 2693 1859 2748 230.
1902 2722 1972 2733 -
2020 2697 2331 2748 Memoratur

1382 2767 1530 2815 etiam
1549 2780 1639 2829 pro
1660 2765 1807 2814 Font.
1837 2763 1917 2828 15,
1940 2761 2025 2815 33.

1315 2831 1415 2884 Gn.
1464 2831 1769 2899 Pompeius
1808 2830 1907 2881 Cn.
1960 2829 2026 2881 F.
2068 2832 2196 2884 Sex.
2256 2834 2324 2886 N.

1380 2902 1621 2970 Magnus
1642 2901 1905 2952 habitabat
1934 2901 1988 2949 in
2012 2901 2235 2962 Carinis,
2270 2905 2331 2954 de

1380 2972 1594 3038 harusp.
1640 2985 1775 3036 resp.
1829 2967 1929 3027 23,
1964 2969 2053 3022 49.
2094 2999 2163 3008 --
2200 2973 2331 3022 Eius

1381 3056 1539 3103 uxor,
1594 3055 1814 3104 quacum
1856 3039 2129 3090 divortium
2186 3041 2329 3100 fecit,

1380 3110 1579 3172 Mucia,
1631 3108 1734 3168 QQ.
1769 3106 2089 3159 Metellorum
2136 3110 2333 3163 Celeris

1382 3187 1431 3228 et
1465 3179 1677 3244 Nepotis
1722 3193 1893 3241 soror,
1928 3179 1994 3228 ad
2023 3179 2147 3232 fam.
2189 3180 2245 3239 5,
2279 3181 2331 3242 2,

1380 3247 1434 3303 6.
1473 3276 1540 3284 -
1570 3248 1843 3313 Pompeius
1886 3247 2068 3299 adfinis
2109 3251 2169 3300 P.
2211 3248 2335 3299 Clo-

1382 3317 1479 3382 dii,
1520 3332 1621 3381 qua
1652 3318 1763 3366 eius
1793 3314 1929 3364 filius
1951 3318 2108 3382 Appii
2144 3317 2331 3376 filiam,

1380 3385 1552 3435 fratris
1579 3385 1635 3435 P.
1677 3384 1875 3444 Clodii,
1908 3385 1961 3434 in
1995 3387 2333 3436 matrimonio

1379 3453 1635 3516 habebat,
1684 3453 1749 3502 de
1793 3452 2003 3520 harusp.
2055 3469 2195 3520 resp.
2238 3455 2334 3520 21,

2260 2589 2329 2598 ——
