2500 3850
876 220 1139 267 REQUL‘I
1162 240 1244 251 -—
1268 180 1538 267 RHODH.

167 374 393 455 Reguli.
442 377 502 425 V
528 378 576 425 in
594 373 811 426 Attitiis
852 383 900 424 et
936 377 987 424 in
1018 371 1176 423 Livi-

234 441 398 493 neiis.

166 514 361 563 Rema.
405 514 465 563 V.
500 512 765 563 Remora-

166 579 423 631 Remmia
474 582 557 630 lex
596 582 657 629 de
708 579 1173 640 calumniatoribuS,

233 665 320 714 pro
342 650 463 699 Sex.
486 648 673 698 Roscio
695 649 777 709 19,
812 649 896 699 55.

166 717 427 767 Remora.
488 717 789 767 ‘Certabant
824 716 1096 781 (Romulus
1122 725 1175 765 et

234 784 447 848 Remus)
500 787 676 836 urbem
730 787 939 835 Romam
988 786 1173 835 Remo·-

232 870 404 904 ramne
423 860 717 918 vocarent’‚
746 854 937 905 Ennius
960 868 1045 919 ap.
1064 853 1166 907 Cic.

234 924 294 973 de
333 924 493 973 divin.
518 924 564 984 1,
595 923 682 983 48,
717 923 866 984 107..
904 922 995 971 ubi
1014 922 1169 987 vulgo

232 992 497 1056 legebatur
526 994 735 1041 ‘urbem
773 992 1049 1042 Remamne
1070 992 1169 1040 Ro-

230 1065 466 1110 mamve’

160 1126 388 1179 Remus.
423 1132 489 1182 V
510 1128 803 1180 Romulus
824 1130 1099 1179 -Remus
1121 1138 1170 1178 et

229 1198 476 1247 Romulus
492 1200 640 1248 ambo
662 1213 901 1263 augureS,
925 1198 987 1247 de
1006 1200 1164 1249 divin.

228 1268 288 1326 2,
319 1264 413 1329 38,
460 1265 544 1317 80.
585 1293 654 1303 —
692 1267 1167 1318 RemusaRomulo

226 1336 586 1399 interemptus,
623 1335 684 1384 de
704 1334 787 1387 off.
812 1334 862 1394 3,
886 1334 971 1395 10,
990 1338 1076 1387 41.
1098 1362 1167 1372 —-

226 1403 347 1452 Eius
368 1410 532 1453 statua
562 1420 675 1453 cum
705 1404 859 1453 fratre
879 1404 1091 1454 Romulo
1119 1412 1168 1455 et

228 1470 403 1521 altrice
424 1471 547 1537 lupa
566 1473 613 1521 vi
653 1472 884 1523 fulminis
918 1474 1017 1523 icta
1046 1489 1166 1523 con-

229 1540 381 1599 cidit,
419 1541 482 1590 de
508 1542 668 1591 divin.
693 1544 743 1601 2,
768 1541 852 1601 20,
867 1542 952 1595 45.
987 1570 1058 1583 —--
1086 1542 1167 1595 De

222 1608 374 1658 Remo
428 1619 476 1661 et
508 1610 713 1661 Romulo
742 1612 879 1692 loqui
908 1611 1171 1675 proverbii

226 1676 393 1726 locum
433 1678 721 1741 obtinebat,
760 1682 793 1728 i.
835 1696 879 1729 e.
917 1680 980 1729 de
1014 1680 1167 1729 rebus

224 1746 377 1795 nimis
408 1747 627 1810 antiquis
660 1763 719 1797 ac
741 1750 1067 1815 pervagatis,
1105 1750 1167 1799 de

222 1812 327 1879 leg.
366 1814 414 1877 1,
438 1814 488 1876 3,
509 1815 558 1865 9.
589 1842 659 1852 --
698 1817 762 1867 cf.
788 1818 1086 1867 etiamder.
1109 1832 1161 1881 p.
1213 1874 1217 1879 ,

148 1949 293 2002 Rex.
332 1918 396 2002 V.
418 1952 667 2006 Marcius
689 1953 831 2005 Rex.

147 2018 620 2074 Rhadamanthus
644 2033 692 2074 et
709 2024 894 2085 Minos,
930 2024 1163 2074 inexora-

220 2090 353 2140 biles
385 2091 582 2143 indices
603 2093 739 2157 apud
765 2092 981 2156 inferOS,
1008 2093 1159 2144 Tusc.

220 2159 271 2218 1,
294 2159 347 2221 5,
371 2159 455 2210 10.
495 2161 567 2210 lb.
595 2162 641 2223 1,
664 2163 748 2222 41,
770 2161 855 2210 98.

146 2224 335 2277 Rhea.
375 2231 442 2282 V.
466 2228 603 2278 Rea.

144 2293 425 2364 Rhegini,
448 2297 592 2345 Verr.
619 2303 842 2349 accusat.
864 2299 916 2358 4,
937 2297 1023 2357 60,
1040 2297 1155 2350 135.

218 2365 293 2419 Ib.
318 2364 369 2426 5,
401 2363 479 2424 18,
506 2366 593 2414 47.
648 2378 739 2430 pro
760 2365 947 2414 Archia
967 2363 1015 2425 3,
1036 2366 1088 2419 5.
1126 2402 1129 2405 -

146 2430 445 2499 Rhegium
478 2432 725 2498 oppidum
768 2435 819 2481 in
850 2432 991 2482 Italia
1031 2433 1161 2483 infe-

216 2502 355 2551 riore
396 2519 422 2551 e
450 2502 657 2568 regione
680 2501 904 2564 Siciliae,
945 2503 1055 2552 eius
1084 2505 1163 2551 in-

218 2571 363 2620 colae
400 2571 611 2620 tribules
648 2572 709 2631 Q.
754 2569 1038 2632 Cornificii,
1096 2571 1163 2621 ad

214 2639 342 2687 fam.
368 2637 447 2703 12,
470 2639 554 2698 25,
576 2641 625 2692 3.

145 2705 405 2758 Rhenus.
456 2708 621 2758 Rheni
656 2709 825 2770 fossa,
866 2709 1157 2790 gurgitibus

219 2776 515 2826 redundans
555 2774 924 2828 Germanorum
976 2779 1158 2830 imma-

221 2844 453 2893 nissimis
474 2847 712 2910 gentibus
738 2847 961 2908 obiecta,
1002 2849 1052 2896 in
1072 2849 1156 2898 Pi·-

222 2919 337 2962 son.
365 2913 449 2973 33,
472 2914 557 2964 81.

145 2978 399 3044 Rhesus,
426 2981 677 3032 Thracum
704 2999 815 3046 reX,
836 2983 981 3034 Musa
999 2993 1157 3036 matre

216 3057 402 3114 gnatus
420 3085 433 3110 ,
476 3065 725 3114 nusquam
759 3060 929 3104 tamen
958 3053 1155 3117 colitur,

216 3118 281 3168 de
311 3133 363 3167 n.
387 3119 437 3170 d.
461 3119 510 3178 3,
547 3121 628 3181 18,
659 3123 746 3173 45.

140 3185 434 3238 Rhetores
453 3186 675 3238 Graeci.
718 3192 857 3250 Quae
877 3190 1056 3242 Graeci
1080 3193 1157 3242 di-

216 3256 365 3305 cendi
384 3256 599 3306 artifices
617 3265 667 3307 et
690 3259 919 3311 doctores
940 3260 1157 3323 relique-

214 3331 350 3387 runt,
391 3333 566 3389 patent
596 3327 647 3375 in
671 3337 1011 3392 promptuque
1041 3336 1159 3378 sunt

217 3361 483 3455 omnibus,
524 3395 586 3444 de
610 3404 735 3445 orat.
776 3397 831 3461 1,
869 3399 931 3462 6,
970 3396 1055 3448 23.
1086 3423 1159 3436 -—

212 3459 494 3510 Rhetorum
556 3433 861 3514 Graecorum
932 3467 1156 3530 ineptiae

284 3529 498 3580 cronno.

2132 204 2254 267 337

1318 374 1662 437 exagitantur,
1703 372 1775 421 Ib.
1819 374 1867 435 2,
1906 372 1988 432 19,
2035 372 2100 422 77
2131 388 2249 435 sqq.

1315 469 1385 478 —
1435 440 1681 489 Rhetores
1719 440 1895 490 Graeci
1935 440 2179 507 exagitati
2223 456 2254 491 a

1317 509 1598 559 Cheimada
1667 508 2014 569 Academico,
2073 511 2147 561 Ib.
2202 511 2249 574 l,
2327 556 2338 566 ,

1316 577 1412 639 19,
1456 577 1538 629 86.
1577 604 1642 613 -
1675 576 1918 629 Severum
1939 580 2044 629 de
2032 580 2097 628 lis
2118 578 2252 628 iudi-

1315 649 1464 707 cium,
1504 646 1572 696 ad
1587 645 1701 701 Her.
1729 649 1791 709 1,
1823 649 1880 708 1,
1917 648 1964 699 1.
1996 674 2061 683 --
2094 647 2251 697 Aliud

1312 717 1540 765 eiusdem
1563 715 1808 765 iudicium
1831 718 1894 767 de
1924 716 2137 780 iisdem,
2170 716 2244 769 Ib

1310 786 1360 847 4,
1386 786 1436 849 1,
1460 786 1506 833 1.
1529 811 1598 821 —
1624 784 1866 835 Rhetores
1893 786 1956 835 ab
1974 784 2250 836 Aristotele

1231 904 1241 913 ‚
1311 860 1360 903 et
1379 852 1725 917 Theophrasto
1759 854 2010 919 profecti,
2047 855 2109 903 de
2139 855 2247 906 inv·

1315 922 1360 978 1,
1385 922 1468 980 35,
1495 921 1579 973 61.
1619 922 1684 971 cl.
1712 924 1780 972 ib.
1807 925 1856 987 2,
1881 925 1932 984 2,
1955 922 2005 973 6.

1239 989 1523 1048 Rhinton,
1560 994 1713 1055 potita
1734 994 2051 1045 Tarentinus,
2126 992 2246 1041 Eius

1310 1060 1608 1117 versiculuS‚
1633 1061 1700 1110 ad
1719 1062 1818 1111 Att.
1845 1062 1893 1121 1,
1915 1062 2000 1121 20,
2021 1060 2071 1113 3.

1239 1127 1554 1246 Βὴιόᾱαιιιιει
1582 1130 1652 1189 ss„
1675 1130 1736 1177 ad
1756 1128 1878 1179 fam.
1899 1128 1979 1192 10,
2001 1128 2052 1195 9,
2075 1129 2126 1180 3.
2166 1129 2240 1179 Ib.

1312 1198 1335 1247 1
1380 1235 1394 1257 ,
1419 1198 1498 1261 11,
1521 1200 1571 1250 2.

1237 1264 1548 1316 Rhodanus
1583 1265 1892 1331 confluens,
1915 1267 1982 1316 ad
2012 1267 2133 1320 fam.
2160 1268 2242 1329 10,

1235 1400 1468 1453 Rhodii.
1541 1404 1616 1451 Ex
1635 1416 1806 1463 eorum
1833 1403 2074 1453 institutis
2093 1406 2245 1453 etiam

1306 1472 1456 1521 liberi
1507 1472 1745 1533 civesque
1793 1478 2116 1533 torquentur,
2169 1488 2242 1525 or.

1306 1547 1437 1606 part.
1463 1538 1557 1602 34,
1583 1538 1700 1589 118.
1736 1566 1800 1575 —-
1833 1539 2018 1589 Rhodii
2039 1542 2088 1589 in
2107 1540 2244 1590 face-

1304 1609 1392 1658 tiis
1413 1607 1682 1670 excellunt,
1705 1608 1767 1657 de
1790 1615 1913 1657 orat.
1941 1610 1992 1668 2,
2013 1610 2095 1665 24,
2118 1610 2239 1662 217.

1303 1702 1374 1714 —-
1395 1682 1521 1729 orat.
1543 1677 1592 1737 2,
1615 1677 1664 1726 5.
1690 1702 1755 1713 --
1791 1677 1978 1727 Rhodii
2016 1679 2242 1741 opimum

1304 1760 1468 1812 genus
1487 1746 1690 1795 dicendi
1703 1760 1976 1809 numquam
1995 1748 2241 1809 probave-

1305 1822 1438 1879 runt,
1463 1822 1586 1865 orat.
1611 1814 1661 1878 8,
1683 1814 1766 1863 25.
1791 1815 1856 1864 de
1878 1814 1961 1870 off,
1977 1814 2024 1872 3,
2050 1816 2129 1879 12,
2153 1816 2237 1869 50.

1307 1911 1372 1919 -
1392 1883 1579 1934 Rhodii
1602 1889 1827 1934 oratores
1851 1886 2078 1934 saniores
2090 1899 2242 1947 quam

1305 1954 1524 2002 Asiatici
1559 1959 1609 2003 et
1638 1953 1920 2002 Atticorum
1951 1953 2238 2016 similiores,

1301 2023 1444 2072 Brut.
1469 2020 1552 2084 13,
1584 2020 1669 2070 51.
1715 2048 1782 2058 -
1819 2021 2127 2072 Rhodiorum
2169 2023 2242 2072 le-

1305 2092 1413 2156 gati
1452 2088 1680 2139 Athenas
1723 2091 1896 2151 missi,
1945 2092 2006 2140 de
2045 2093 2146 2142 inv.
2186 2093 2238 2155 2,

1301 2159 1386 2222 29,
1410 2159 1496 2209 87.
1523 2183 1582 2194 -
1604 2158 1712 2207 Lex
1731 2167 1808 2210 est
1837 2160 1974 2224 apud
1997 2160 2242 2221 Rhodios,

1301 2237 1386 2289 ut,
1411 2230 1452 2278 si
1485 2243 1584 2291 qua
1611 2236 1826 2278 rostrata
1858 2232 1910 2278 in
1928 2237 2076 2294 portu
2093 2230 2241 2280 navis

1301 2297 1617 2362 deprehensa
1655 2298 1748 2360 sit,
1791 2298 2077 2362 publicetur
2095 2335 2109 2358 ,
2161 2299 2236 2350 Ib.

1298 2367 1350 2428 2,
1385 2365 1587 2426 32,,98.
1620 2391 1687 2402 —-
1709 2365 1863 2416 Liber
1885 2366 2107 2430 pop-ulus
2127 2399 2141 2426 ,
2183 2374 2241 2415 ut

1298 2434 1486 2498 Rhodi,
1518 2441 1573 2482 ut
1597 2433 1829 2494 Athenis,
1861 2435 1924 2482 de
1945 2450 1985 2482 r.
2007 2448 2060 2499 p.
2085 2434 2130 2488 1,
2151 2431 2237 2495 31,

1299 2504 1386 2553 47.
1447 2527 1518 2540 -
1565 2501 1878 2552 Rhodiorum
1916 2516 1998 2550 res
2034 2501 2239 2566 publica

1300 2573 1508 2622 minime
1546 2571 1917 2635 vituperanda,
1958 2569 2032 2620 Ib.
2067 2567 2117 2629 3,
2149 2570 2236 2632 35,

1299 2640 1388 2693 48.
1409 2667 1480 2677 -
1499 2639 1688 2688 Eorum
1707 2655 1870 2703 usque
1889 2640 1955 2690 ad
1975 2638 2237 2690 Ciceronis

1295 2710 1590 2760 memoriam
1632 2709 1904 2774 disciplina
1951 2708 2146 2758 navalis
2189 2715 2239 2758 et

1294 2777 1458 2844 gloria
1507 2779 1748 2828 remansit
1767 2813 1782 2841 ,
1841 2780 1918 2829 de·
1961 2779 2087 2843 imp.
2135 2777 2224 2828 Cn.

1293 2847 1474 2912 Pomp.
1514 2847 1609 2909 18,
1659 2847 1746 2899 54.
1811 2874 1882 2888 -
1933 2845 1991 2897 Sti
2023 2847 2237 2897 Rhodiis

1295 2922 1444 2982 turpe
1481 2931 1584 2967 non
1621 2924 1698 2968 est
1729 2919 2012 2982 portorium
2033 2916 2231 2975 -locare,

1297 2999 1363 3034 ne
1375 2985 1752 3037 Hermacreonti
1773 2987 1980 3050 quidem
1997 2991 2146 3048 turpe
2161 2991 2238 3032 est

1299 3054 1612 3112 conducere,
1649 3055 1714 3103 de
1738 3055 1841 3103 inv.
1864 3054 1889 3101 1
1905 3089 1919 3112 ,
1943 3051 2037 3112 30,
2058 3053 2143 3103 47.
2168 3077 2234 3086 --

1298 3122 1432 3181 Quid
1451 3122 1764 3174 arbitramini
1782 3121 2012 3171 Rhodios
2041 3135 2235 3171 merere

1293 3191 1444 3253 velle,
1480 3205 1537 3240 ut
1555 3192 1785 3239 amittant
1809 3190 2033 3254 Ialysum
2056 3189 2232 3238 Proto—

1297 3274 1434 3326 gem,
1447 3261 1593 3309 Verr
1619 3267 1842 3310 accusat.
1860 3255 2011 3318 4,60,
2036 3257 2152 3308 135.
2161 3283 2235 3296 --

1299 3329 1452 3392 Apud
1473 3342 1562 3376 eos
1580 3325 1820 3376 Graecam
1842 3329 2124 3376 orationem
2140 3326 2232 3374 ha-

1296 3397 1408 3447 buit
1427 3397 1504 3444 Ti.
1529 3393 1788 3445 Gracchus
1803 3403 1965 3461 pater,
1985 3395 2123 3444 Brut.
2144 3393 2231 3453 20,

1299 3463 1387 3519 79.
1418 3492 1483 3500 -
1518 3463 1717 3514 Foedus
1754 3480 1869 3514 cum
1899 3463 2069 3514 iisM.
2100 3463 2236 3522 Mat·-¹
