2500 3850
265 174 347 236 66

336 343 398 393 de
425 355 532 393 sen.
558 341 646 403 20,
667 339 752 388 75.
775 362 844 376 ·—
865 337 1142 388 Cannensis
1171 353 1269 402 pu-

333 425 472 490 gna,
502 410 564 458 de
601 376 756 460 divin.
796 408 856 470 2,
885 405 981 471 33,
1016 407 1102 457 71.
1143 405 1270 456 Can-

332 479 505 529 nensis
537 491 709 542 pugna
741 477 926 526 dicitur
964 476 1269 540 proscriptio

332 543 566 610 Sullana,
596 561 688 609 pro
719 543 836 595 Sex.
859 546 1044 594 Roscio
1063 543 1158 607 32,
1181 543 1267 596 89.

332 644 397 652 —
449 614 726 665 Cannensis
773 628 962 679 pugna
992 581 1267 676 nequitiae,

331 685 494 734 veluti
512 683 840 748 proverbium
863 683 928 732 de
950 683 1126 731 Verris
1147 695 1267 731 con-

329 755 499 816 vivio,
523 753 671 806 Verr.
691 759 913 801 accusat.
945 751 996 810 5,
1025 750 1108 807 11,
1129 749 1214 802 28.

261 820 326 874 Ρ.
383 789 690 872 Cannutius
740 821 850 870 sive
898 815 1168 868 Canutius
1206 818 1265 870 P.

331 889 548 956 Sulpicii
570 891 837 953 orationeS,
864 903 993 950 quae
1017 886 1265 946 feruntur,

331 967 446 1024 post
466 965 676 1008 mortem
701 958 811 1006 eius
831 956 1100 1020 scripsisse
1119 963 1267 1020 puta-

329 1043 435 1091 tur,
457 1028 608 1078 homo
628 1034 770 1076 extra
793 1032 1018 1075 nostrum
1039 1025 1267 1074 ordinem

329 1096 711 1158 disertissimus,
733 1095 874 1147 Brut.
895 1093 981 1157 56,
1004 1093 1122 1144 205.
1163 1092 1265 1158 Op-

326 1165 518 1228 pianici
540 1171 826 1228 accusator,
846 1177 939 1227 pro
960 1162 1154 1212 Cluent.
1181 1161 1264 1222 10,

327 1232 416 1283 29.
445 1258 516 1272 -
533 1233 806 1284 Accusavit
818 1232 1206 1282 :Scamandrum
1234 1246 1267 1280 a

329 1301 566 1354 Cicerone
600 1301 896 1365 defensum,
931 1302 1006 1351 Ib.
1047 1299 1140 1360 18,
1173 1299 1263 1350 50.

325 1397 398 1410 ·--·
429 1372 702 1422 Accusavit
738 1370 792 1422 C.
828 1371 1145 1430 Fabricium,
1184 1368 1261 1422 lb.

327 1441 424 1499 21,
455 1441 543 1495 58.
573 1441 649 1490 lb.
673 1439 759 1503 27,
784 1439 867 1491 73.

258 1507 349 1560 Ti.
388 1506 697 1560 Cannutius
719 1505 1059 1574 (Canutius).
1100 1508 1264 1566 Quem

325 1579 391 1627 ad
425 1579 633 1627 modum
652 1593 766 1626 eum
786 1577 855 1632 M.
887 1578 1136 1627 Antonius
1163 1583 1264 1625 tra-

327 1641 557 1706 ctaverit,
579 1662 626 1699 a.
650 1661 699 1694 u.
724 1661 770 1694 c.
793 1645 910 1696 710.
928 1683 943 1708 ,
966 1645 1186 1710 Philipp.
1210 1644 1263 1708 3,

323 1713 384 1773 9,
411 1714 495 1766 23.
526 1743 599 1752 -—
623 1715 700 1766 Ti.
729 1713 1006 1764 Cannutius
1033 1715 1264 1764 tribunus

321 1783 392 1848 pl.
419 1799 466 1832 a.
488 1799 536 1833 u.
559 1800 606 1833 c.
631 1780 749 1832 710.
793 1783 1034 1848 produxit
1070 1785 1122 1830 in
1145 1797 1264 1832 con-

319 1853 508 1902 tionem
535 1852 811 1902 Antonium
827 1889 841 1914 ‚
868 1851 935 1900 ad
951 1851 1073 1902 fam.
1103 1851 1186 1915 12,
1207 1850 1260 1914 3,

322 1921 373 1974 2.
416 1921 480 1972 cf.
508 1922 576 1971 ib.
604 1921 688 1985 12,
717 1920 802 1987 23,
822 1923 874 1974 2.

256 1988 592 2056 Canopitae,
618 1989 813 2039 incolae
841 1990 1032 2054 Canopi
1069 1992 1121 2039 in
1155 1992 1258 2040 Ae-

257 2058 1020 2247 ca}³i1}¹‹{³ihg¹,⁸ffiass'q{is{‘ad
1041 2127 1144 2181 An.
1171 2127 1256 2189 10,

254 2232 581 2329 Canuleius,

261 2378 264 2385 .
320 2338 372 2388 4.
390 2370 405 2396 ,
427 2335 547 2383 urbs
570 2333 690 2383 olim
713 2332 950 2385 Camala
970 2332 1252 2399 legebatur.

255 2402 316 2453 C.
341 2401 643 2455 Canuleius
657 2440 674 2467 ,
695 2404 812 2453 trib.
833 2403 906 2468 pl.
927 2417 974 2455 a.
992 2418 1043 2454 u.
1065 2418 1110 2454 c.
1132 2401 1252 2454 309.

322 2473 606 2521 Decemviri
645 2473 899 2522 connubia
935 2480 989 2520 ut
1018 2486 1082 2521 ne
1116 2471 1256 2536 plebi

319 2556 434 2589 cum
460 2543 690 2605 patribus
719 2549 911 2599 essent,
939 2540 1254 2589 inhumanis-

319 2612 450 2659 sima
469 2609 584 2674 lege
600 2615 906 2667 sanxerunt,
927 2623 1058 2671 quae
1076 2615 1256 2672 postea

320 2678 486 2739 plebei
530 2680 656 2727 scito
715 2675 954 2737 Canuleio
1010 2678 1254 2743 abrogata

319 2750 422 2807 est,
447 2745 510 2793 de
533 2762 574 2804 r,
605 2762 660 2811 p..
679 2747 730 2809 2,
759 2745 843 2810 37,
863 2743 946 2795 63.

247 2811 309 2865 L.
337 2811 637 2863 Canuleius
666 2815 826 2875 quiin
855 2819 1004 2877 portu
1034 2812 1250 2878 Syracu-

315 2884 388 2931 sis
409 2897 590 2947 operas
650 2883 827 2941 dabat,
884 2882 1058 2931 Verris
1114 2882 1250 2932 furta

314 2951 564 3017 permulta
616 2951 913 2999 nominatim
967 2950 1034 3001 ad
1079 2953 1248 3002 socios

314 3021 635 3085 perscripsit,
663 3020 810 3069 Verr.
835 3028 1058 3070 accusat.
1090 3020 1140 3080 2,
1164 3018 1247 3081 70,

316 3089 436 3141 171.
472 3090 541 3141 lb.
572 3090 624 3147 2,
651 3090 736 3145 74,
767 3086 884 3141 183.

245 3154 321 3206 Μ.
355 3153 654 3207 Canuleius
691 3156 929 3207 defensus
958 3157 1020 3207 ab
1039 3158 1248 3208 Horten-

257 3262 260 3267 .
314 3226 391 3275 sio
414 3234 461 3274 et
489 3225 658 3287 Cotta,
679 3226 820 3281 Brut.
843 3225 930 3287 92,
955 3227 1075 3278 317.
1245 3276 1254 3281 ,

246 3292 339 3358 (Q.
378 3291 619 3359 Gellius)
648 3291 832 3345 Canus
859 3311 902 3345 s.
928 3294 1146 3358 Kanus,
1181 3296 1248 3346 ad

316 3363 419 3414 Ait.
449 3362 530 3425 13,
551 3362 637 3425 31,
657 3365 707 3412 4.
749 3365 821 3416 Ib.
847 3364 930 3427 15,
950 3366 1034 3422 21,
1062 3366 1112 3415 2.

609 2266 852 2325 centurie,
876 2265 944 2315 ad
966 2265 1070 2317 Att.
1097 2266 1145 2326 5,
1167 2264 1252 2327 21,

157 3420 162 3425 ⁸
247 3426 580 3495 Canusium,
625 3433 870 3496 oppidum
915 3401 1134 3497 Apuliae
1178 3432 1244 3481 ad

811 183 946 230 CAN
949 187 994 231 N
999 183 1198 230 UTIUS
1230 201 1317 214 --·
1347 179 1801 230 CAPITOLIUM.

1407 337 1679 401 Aufidum,
1709 336 1863 387 hodie
1884 337 2112 398 Canosa,
2145 340 2214 389 ad
2240 341 2351 390 Att.

1408 407 1460 471 8,
1484 406 1567 455 11.
1592 405 1651 455 D.
1677 405 1725 454 1.
1750 405 1951 454 ——Eius
1971 407 2166 457 incolae
2185 407 2353 460 Canu-

1409 475 1536 538 sini,
1565 474 1757 527 adAtt.
1784 473 1936 541 1,13‚
1965 475 2011 525 1.
2147 501 2150 504 -

1343 511 1632 594 Canutius.
1672 541 1736 590 V.
1764 514 2094 594 Cannutius.

1341 610 1567 677 Capena
1585 618 1759 676 porta,
1780 625 1811 659 a
1837 626 1939 673 qua
1957 613 2043 662 via
2060 614 2235 678 Appia
2254 615 2353 664 du-

1407 681 1629 732 cebatur.
1658 679 1741 728 Ad
1765 694 1877 728 eam
1897 678 2125 740 Calatini,
2146 681 2352 748 Scipio—

1406 764 1556 812 num,
1612 746 1974 812 Serviliorum,
2030 751 2352 802 Metellorum

1404 817 1655 883 sepulcra,
1670 815 1877 871 Tuscul
1900 818 1947 878 1,
1968 819 2015 878 7,
2043 819 2123 871 13.
2150 821 2219 870 ad
2238 821 2345 872 Att.

1403 888 1456 951 4,
1480 887 1526 948 l,
1548 885 1600 938 5.

1337 953 1592 1020 Capenas
1630 969 1779 1019 ager,
1818 969 2019 1004 crassus
2055 973 2217 1023 prope
2252 957 2347 1007 Ca-

1405 1038 1588 1088 penam
1638 1025 1883 1088 oppidum
1934 1023 2197 1090 Etruriae,
2251 1041 2347 1091 pro

1405 1092 1584 1142 Flacco
1605 1093 1691 1154 29,
1713 1092 1796 1144 71.
1835 1093 1901 1142 ad
1932 1092 2057 1143 fam.
2088 1095 2149 1159 9,
2173 1096 2237 1144 17
2254 1132 2269 1156 ,
2291 1097 2343 1144 2.

1404 1161 1477 1210 De
1496 1162 1609 1226 lege
1635 1176 1745 1225 agr.
1767 1162 1817 1222 2,
1841 1161 1927 1226 25,
1946 1161 2033 1216 66.

1341 1228 1551 1310 Capho.
1586 1230 1651 1278 V.
1676 1226 1838 1279 Cafo.

1338 1296 1558 1365 Capito.
1597 1299 1661 1346 V.
1679 1295 1895 1348 Ateius.

1337 1367 1399 1418 C.
1420 1316 1558 1433 ¹'lica
1560 1363 1671 1429 ito,
1717 1364 2076 1433 CaesarianuS,
2114 1367 2182 1416 ad
2219 1367 2343 1418 fam.

1405 1437 1497 1496 13,
1520 1435 1617 1499 29,
1638 1435 1671 1487 6
1690 1439 1786 1488 etc.
1810 1463 1875 1471 ——
1896 1436 2095 1502 Hospes
2114 1435 2343 1488 Ciceroni

1400 1505 1542 1555 haud
1585 1504 1737 1552 nimis
1772 1511 1977 1570 gratus,
2019 1506 2085 1555 ad
2114 1505 2219 1571 Att.
2257 1504 2341 1569 13,

1402 1573 1497 1634 33,
1535 1575 1587 1624 4.
1619 1600 1684 1608 -
1715 1571 1971 1624 Ciceronis
2008 1573 2260 1639 epistolae
2280 1575 2343 1624 de

1403 1657 1557 1693 causa
1584 1640 1851 1692 Buthrotia
1880 1644 1943 1692 ab
1968 1643 2139 1694 Attico
2169 1657 2345 1694 susce-

1398 1720 1489 1777 pta
1505 1712 1571 1761 ad
1590 1710 1882 1776 Capitonem
1898 1713 2116 1777 missae,
2140 1727 2192 1766 a.
2214 1729 2268 1765 u.
2290 1727 2337 1764 c.

1401 1779 1518 1831 710.
1538 1816 1552 1843 ,
1577 1781 1645 1830 ad
1662 1781 1763 1830 An.
1789 1780 1871 1842 16,
1902 1781 1985 1832 16.
2009 1781 2062 1831 G.
2088 1789 2137 1831 et
2157 1783 2217 1831 F.

1330 1849 1393 1900 L.
1420 1847 1622 1914 Capito
1642 1865 1757 1898 cum
1780 1848 1833 1899 C.
1860 1849 2099 1900 Memmio
2116 1851 2234 1900 trib.
2264 1850 2337 1914 pl.

1400 1916 1667 1969 Gabinium
1706 1918 1929 1985 postulat
1962 1936 2008 1971 a.
2048 1936 2098 1970 u.
2128 1936 2173 1972 c.
2200 1917 2339 1985 700„

1400 1989 1467 2037 ad
1488 1988 1547 2047 Q.
1568 1988 1632 2041 fr.
1650 1987 1703 2048 3,
1728 1989 1775 2051 1,
1798 1988 1851 2039 5.
1872 1991 1919 2049 S.
1946 1989 2029 2041 15:

1334 2054 1689 2123 Capitolinae
1708 2056 1885 2117 sedeS,
1910 2059 1972 2108 de
1993 2058 2155 2110 divin.
2179 2058 2231 2121 1,
2256 2057 2340 2123 12,

1400 2126 1482 2177 19.
1524 2126 1597 2174 Ib.
1623 2127 1674 2190 2,
1699 2126 1785 2185 20,
1805 2126 1892 2179 45.

1332 2192 1667 2260 Capitolini,
1698 2194 1969 2260 collegium
2011 2194 2234 2255 Romae,
2274 2194 2343 2245 ad

1398 2264 1457 2323 Q.
1480 2262 1541 2312 fr.
1562 2265 1613 2323 2,
1638 2264 1690 2325 5,
1718 2262 1770 2315 2.

1328 2328 1680 2395 Capitolinus
1708 2346 1882 2392 mons,
1915 2333 1986 2383 ad·
2002 2332 2117 2381 Her.
2149 2334 2215 2392 4,
2252 2331 2341 2392 32,

1328 2465 1701 2533 Capitolium,
1743 2475 1978 2519 terrestre
2016 2470 2340 2521 domicilium

1376 2539 1527 2588 lovis
1543 2574 1559 2603 ,
1580 2541 1727 2591 Verr.
1754 2546 1973 2589 accusat.
1995 2540 2060 2599 4,
2079 2538 2175 2597 58,
2217 2539 2339 2591 129.

1390 2633 1466 2645 --
1495 2608 1551 2657 In
1580 2623 1640 2658 eo
1686 2608 1865 2657 aedem
1898 2609 2009 2657 Iovi
2044 2615 2151 2671 opt.
2194 2623 2339 2668 max.

1392 2674 1528 2725 bello
1562 2674 1746 2726 Sabino
1774 2678 1909 2726 vovit
1932 2676 1994 2729 L.
2027 2677 2341 2739 Tarquinius

1392 2744 1626 2806 Priscus,
1657 2746 1722 2795 de
1762 2759 1805 2797 r.
1837 2759 1891 2809 p,
1928 2746 1991 2808 2,
2023 2744 2120 2808 20,
2155 2744 2244 2797 36.
2270 2772 2341 2782 ——

1393 2812 1693 2863 Aedificavit
1722 2813 2023 2876 Tarquinius
2052 2812 2339 2879 Superbus,

1391 2882 1466 2931 Ib.
1488 2882 1547 2944 2,
1582 2882 1677 2947 24,
1705 2883 1791 2932 44.
1817 2909 1884 2917 --
1906 2880 2216 2947 Capitolium
2246 2884 2341 2932 tri-

1390 2951 1485 3000 bus
1540 2950 1744 3015 templis
1797 2950 2105 3001 illustratum
2126 2987 2139 3008 ‚
2196 2952 2339 3001 Iovis

1392 3020 1569 3085 optimi
1589 3020 1832 3081 maximi,
1856 3020 2061 3069 Iunonis
2080 3020 2334 3085 Reginae,

1388 3089 1669 3147 Minervae,
1691 3104 1781 3153 pro
1802 3088 1995 3138 Scauro
2026 3087 2120 3151 23,
2153 3090 2241 3141 47.
2262 3115 2336 3127 -

1388 3158 1447 3207 In
1482 3174 1540 3207 eo
1571 3158 1721 3207 Fides
1755 3167 1803 3207 et
1834 3156 1976 3207 Meus
2002 3158 2265 3208 dedicatae
2303 3174 2352 3211 a.

1386 3228 1454 3280 M.
1476 3226 1691 3277 Aemilio
1712 3225 1921 3290 Scauro,
1940 3227 2003 3277 ‹le
2023 3240 2076 3279 n.
2096 3227 2152 3277 d.
2170 3228 2220 3287 2,
2240 3225 2327 3291 23,

1386 3295 1472 3347 61.
1491 3323 1556 3331 —
1569 3296 1806 3344 Turmam
1827 3304 2103 3347 statuarum
2124 3298 2329 3345 inaura-

1384 3371 1548 3413 tarum
1584 3365 1889 3426 equestrium
1917 3365 1971 3413 P.
2010 3363 2185 3427 Scipio
2225 3364 2329 3412 Me-

1382 3430 1532 3481 tellus
1563 3433 1612 3479 in
1641 3431 1887 3495 Capitolio
1907 3435 2107 3497 posuit,
2134 3433 2200 3481 ad
2219 3434 2309 3481 Att
