2500 3850
289 151 373 214 82
457 163 610 214 Ars.
639 147 1046 234 (ememus)
1072 185 1154 198 -
1175 164 1325 215 APP.
1352 163 1609 213 cnam).
1632 163 1741 213 ΑΡ.
1768 165 1833 213 F.
1857 165 2202 215 PULCHER.

1433 321 1605 385 Appio
1631 322 1684 369 in
1702 322 1921 386 gratiam
1941 323 2087 373 rediit
2101 324 2291 387 Cicero,
2306 325 2375 376 ad

1434 389 1557 438 fam.
1579 388 1628 447 1,
1649 387 1701 450 9,
1721 390 1757 439 4
1780 396 1829 438 et
1850 389 1932 441 19.
1950 428 1963 451 ,
1985 399 2034 441 et
2052 393 2257 454 quidem
2281 409 2374 459 per

1434 457 1523 508 Cu.
1567 457 1894 522 Pompeium,
1932 459 2115 524 fragm.
2151 476 2207 526 p.
2250 463 2371 514 249.

1431 553 1501 563 -—
1532 524 1717 576 Consul
1741 523 1812 590 (a.
1836 543 1888 581 ιι.
1917 544 1958 578 c.
1981 527 2129 594 700.)
2152 531 2375 581 fortissi-

1429 610 1543 645 mus
1572 604 1723 658 atque
1745 597 2098 646 ornatissimus
2128 601 2234 664 vir,
2274 602 2375 649 ini-

1422 665 1585 714 micus
1618 663 1687 716 M.
1722 663 1927 727 Scauri,
1958 681 2051 730 pro
2072 665 2263 718 Scauro
2285 669 2370 730 14,

1424 733 1510 786 31.
1558 732 1622 786 cl.
1662 732 1729 782 ad
1764 733 1821 793 Q.
1854 733 1927 783 fr.
1971 737 2032 795 2,
2074 736 2167 797 12,
2208 739 2261 788 2.
2300 765 2372 776 —-·

1424 802 1649 866 ‘Appius
1678 803 1899 867 miscet’,
1932 803 2008 855 lb.
2038 802 2097 864 3,
2130 803 2192 866 9,
2226 805 2279 857 3.
2302 832 2371 843 -—

1428 871 1585 922 Favet
1603 869 1897 936 Pomptin03
1918 899 1989 910 —
2006 873 2115 922 sine
2138 874 2253 940 lege
2273 889 2369 924 suo

357 319 630 384 Claudius,
667 320 907 385 princeps
937 327 1173 381 senatus,
1211 337 1296 372 so-

356 405 440 440 cer
473 395 522 439 et
547 389 714 438 fautor
743 389 822 438 Ti.
857 387 1096 452 Gracchi,
1128 389 1297 440 obtre-

354 467 514 509 ctator
543 465 592 506 et
621 457 828 508 invidus
865 456 1118 523 Scipionis
1154 458 1294 508 Afri-

353 529 467 578 cani
497 534 724 578 mortuus
756 532 870 576 ante
901 541 950 580 a.
981 543 1032 576 u.
1066 543 1111 580 c.
1146 527 1289 589 625„

353 598 416 646 de
434 613 478 648 r.
498 611 551 660 p.
577 597 624 655 1,
650 594 732 655 19,
756 594 841 646 31.

281 665 484 732 Appius
524 661 842 728 (Claudius)
888 663 1081 722 maior,
1130 663 1285 714 homo

351 733 527 793 dicax,
560 733 624 782 de
653 740 782 783 orat.
802 734 851 798 2,
872 730 959 792 60,
979 731 1100 782 246.
1133 734 1206 783 Ib.
1230 733 1284 794 2,

278 840 480 938 Appius
502 867 797 933 Claudius,
821 870 1166 922 nobilissimus
1190 870 1285 919 ho-

348 956 464 1001 mo,
494 941 612 990 vivo
642 945 784 1004 patre
813 953 936 1000 suo,
969 937 1026 988 C.
1059 938 1289 1002 claudie,

346 1009 699 1077 potentissimo
741 1014 791 1056 et
830 1007 1112 1057 clarissimo
1156 1011 1286 1074 cive,

347 1077 532 1129 aedilis
572 1092 672 1128 non
709 1085 788 1127 est
825 1075 1024 1138 factus,
1065 1083 1114 1126 et
1151 1079 1290 1128 idem

346 1149 454 1198 sine
473 1147 678 1213 repulsa
693 1145 857 1195 factus
877 1154 954 1196 est
973 1145 1148 1197 consul
1165 1162 1212 1198 a.
1232 1162 1288 1198 ιι.

347 1233 402 1276 c.
426 1216 577 1276 675„
617 1231 710 1281 pro
743 1214 916 1264 Plane.
953 1215 1017 1264 21
1039 1251 1054 1274 ,
1093 1215 1178 1264 51.
1217 1241 1290 1253 --

344 1287 481 1351 App.
519 1283 760 1334 Claudius
789 1284 1068 1350 Megalesia
1098 1283 1289 1334 fecisse

343 1357 558 1406 traditur
581 1354 644 1404 de
669 1352 880 1417 harusp.
903 1367 1041 1418 resp.
1069 1354 1163 1418 12,
1198 1352 1285 1404 26.

343 1453 416 1464 --
437 1425 642 1474 Praetor
671 1422 769 1472 fuit
799 1437 846 1472 a.
867 1437 920 1472 ιι.
945 1438 990 1473 c.
1022 1420 1143 1472 665.
1170 1437 1289 1472 cum

343 1496 398 1544 P.
435 1491 650 1544 Gabinio
681 1498 729 1542 et
756 1489 816 1550 Q.
848 1490 1045 1542 Metello
1077 1491 1188 1544 Pio.
1215 1517 1289 1530 --

342 1563 501 1627 Appii
522 1561 721 1610 tabulae
747 1561 1090 1626 negligentius
1111 1561 1287 1610 adser-

340 1638 486 1680 vatae
523 1628 845 1687 dicebantur,
881 1645 972 1693 pro
1007 1629 1199 1679 Archia
1231 1631 1284 1689 5,

341 1698 394 1748 9.
435 1724 501 1735 —
536 1699 674 1762 App.
714 1695 985 1758 Claudius,
1020 1697 1076 1746 P.
1119 1697 1287 1750 Clodii

341 1773 517 1832 pater,
559 1765 687 1815 civis
721 1766 959 1830 egregius
990 1767 1284 1818 dissimilis-

343 1851 441 1898 que
458 1833 626 1884 Publii
641 1832 752 1896 filii,
774 1847 929 1895 quum
951 1834 1014 1882 de
1041 1849 1101 1885 eo
1122 1836 1283 1885 tribu-

341 1919 438 1955 nus
457 1903 532 1971 pl.
555 1901 946 1969 promulgasset,
965 1901 1146 1954 adesse
1163 1917 1284 1969 pro-

338 1983 451 2039 pter
483 1974 800 2037 iniquitatem
839 1970 1053 2021 Cinnani
1085 1981 1283 2038 tempo-

339 2044 409 2092 ris
429 2043 589 2092 noluit
614 2044 762 2105 eique
791 2042 1065 2107 imperium
1085 2049 1164 2093 est
1191 2043 1283 2091 ab-

339 2118 572 2176 rogatum
586 2147 602 2171 ,
624 2111 688 2160 de
714 2111 865 2161 domo
885 2126 980 2161 sua
997 2109 1083 2171 31,
1105 2109 1191 2161 83.
1213 2138 1281 2149 -

338 2179 470 2229 Eum
484 2180 544 2233 L.
566 2179 786 2229 Marcius
810 2180 1079 2245 Philippus
1101 2194 1285 2231 censor

341 2248 647 2299 avunculum
666 2263 815 2299 suum
833 2250 1096 2314 praeteriit
1124 2250 1176 2298 in
1199 2264 1281 2299 re-

343 2319 542 2368 citando
563 2326 740 2367 senatu
754 2354 769 2381 ,
794 2318 870 2371 Ib.
893 2317 980 2380 32,
1000 2316 1088 2371 84.

269 2384 1078 2525 Apffiugsurlfflafflggffinffgnlssfil’
1073 2384 1281 2505 3113}in

335 2527 412 2575 vit
463 2527 760 2577 addubitato
810 2525 1001 2576 Salutis
1061 2524 1279 2590 augurio

335 2594 528 2645 bellum
567 2596 899 2647 domesticum
933 2595 1280 2645 turbulentum

335 2662 464 2727 fore,
485 2664 548 2713 de
569 2664 725 2716 divin.
749 2664 796 2724 1,
817 2665 903 2726 47,
922 2664 1040 2716 105.
1055 2661 1275 2728 -App.

340 2730 587 2781 Claudius
625 2738 826 2795 praetor
860 2746 906 2780 a.
947 2746 998 2780 u.
1041 2748 1089 2783 c.
1134 2731 1275 2792 697„

333 2814 428 2865 pro
449 2796 580 2850 Sest.
605 2798 690 2859 36,
714 2798 800 2853 78.
821 2824 892 2839 ·—·
909 2796 1056 2849 Salse
1078 2800 1278 2849 deride-

336 2875 435 2928 tur,
451 2867 526 2919 Ib.
539 2866 626 2929 59,
640 2866 832 2922 126.--
844 2868 1200 2928 Quaestionem
1213 2868 1277 2919 de

335 2937 572 3003 pecuniis
597 2937 890 3001 repetundis
907 2937 1120 3001 sortitus
1150 2944 1276 2986 erat.

337 3006 480 3057 Unde
499 3020 614 3056 eum
645 3004 704 3064 Q.
729 3004 898 3055 fratris
925 3020 990 3055 ex
1011 3006 1278 3071 provincia

336 3076 596 3125 redeuntis
617 3088 770 3123 causa
788 3075 968 3123 metuit
987 3074 1181 3135 Cicero,
1208 3073 1277 3124 ad

336 3146 442 3193 Att.
475 3143 536 3205 3,
571 3143 663 3201 17,
702 3143 749 3194 1.
785 3143 992 3195 ——Post
1019 3141 1277 3193 Ciceronis

334 3213 556 3263 reditum
585 3212 870 3262 contionem
903 3213 1043 3263 dedit
1075 3214 1130 3265 P.
1162 3212 1277 3263 Clo·-

341 3281 423 3331 dio
443 3296 492 3331 a.
511 3296 562 3330 u.
587 3297 632 3333 o.
654 3278 804 3342 697„
839 3281 908 3331 ad
924 3282 1030 3335 Att.
1052 3284 1112 3342 4,
1145 3283 1194 3344 2,
1217 3281 1270 3335 3.

334 3374 398 3387 ——
415 3351 736 3400 Temerariae
756 3350 866 3401 eius
886 3352 1146 3401 contiones
1159 3388 1176 3411 ,
1197 3350 1275 3401 Ib.

336 3418 372 3467 4
431 3418 492 3478 3,
527 3418 840 3479 4.-1b.4,
867 3418 958 3485 15,
985 3418 1037 3471 9.
1063 3445 1126 3455 -
1147 3418 1274 3469 Cum

1430 949 1637 1006 sumptu
1671 940 1723 988 in
1768 937 1995 990 Ciliciam
2040 943 2255 1008 cogitat,
2304 943 2371 992 ad

1426 1011 1531 1063 Att.
1555 1011 1605 1068 4,
1627 1008 1709 1070 16,
1734 1009 1815 1059 12.
1857 1007 1933 1058 cf.
1955 1010 2026 1059 ib.
2048 1011 2099 1069 4,
2123 1011 2203 1076 18,
2230 1013 2281 1062 2.
2300 1038 2371 1048 —-

1426 1079 1587 1143 Appii
1607 1077 1861 1128 calumnia
1886 1076 2018 1143 legis
2042 1080 2283 1140 curiatae,
2304 1081 2371 1132 ad

1427 1146 1549 1196 fam.
1574 1148 1622 1210 1,
1643 1146 1694 1209 9,
1716 1147 1802 1200 25.
1825 1146 2107 1213 —Appius
2124 1150 2234 1198 sine
2251 1149 2369 1215 lege

1430 1217 1621 1266 curiata
1656 1215 1917 1266 confirmat
1938 1231 1994 1266 se
2017 1217 2228 1268 Lentulo
2251 1233 2370 1268 suc-

1428 1299 1693 1334 cessurum
1710 1320 1725 1344 ,
1782 1281 2053 1335 Gabinium
2113 1288 2371 1338 accusavit

1426 1354 1739 1414 maiestatiS,
1770 1354 1837 1403 ad
1872 1354 1931 1414 Q.
1952 1353 2016 1404 fr.
2041 1354 2103 1415 3,
2133 1358 2195 1420 2,
2228 1355 2276 1406 3.
2301 1385 2371 1394 —

1426 1451 1499 1462 —
1526 1423 1583 1474 P.
1617 1420 1825 1472 Clodius
1866 1423 2096 1488 Appium
2139 1423 2368 1485 fratrem,

1426 1494 1687 1543 absentem
1742 1493 1806 1542 de
1853 1494 2178 1557 possessione
2220 1492 2372 1543 fundi

1428 1562 1640 1622 deiecit,
1673 1576 1765 1626 pro
1796 1561 1904 1612 Mil.
1934 1563 2000 1613 27
2016 1600 2030 1622 ,
2061 1562 2145 1614 75.
2178 1587 2245 1598 -·
2276 1560 2371 1611 Se·-

1428 1631 1554 1681 ditio
1588 1630 1803 1680 militum
1840 1633 1894 1680 in
1928 1631 2055 1681 Asia
2086 1631 2265 1681 sedata
2305 1631 2370 1680 ab

1423 1701 1593 1765 Appio
1630 1713 1679 1750 a.
1717 1715 1771 1751 ιι.
1806 1713 1848 1749 c.
1881 1697 2033 1761 703„
2074 1700 2141 1749 ad
2168 1700 2277 1749 Att.
2317 1700 2371 1761 5,

1426 1769 1519 1826 14,
1555 1768 1607 1818 1.
1648 1767 1710 1815 81.
1737 1767 1807 1819 ib.
1845 1767 1905 1824 5,
1940 1767 2035 1826 15,
2068 1768 2119 1816 2.
2159 1794 2226 1804 —
2258 1768 2371 1833 Ap-

1422 1838 1557 1900 pius,
1574 1843 1629 1882 ut
1648 1835 1845 1884 audivit
1860 1834 2154 1886 Ciceronem
2174 1839 2368 1897 venire,

1423 1906 1477 1953 in
1495 1903 1723 1954 ultimam
1738 1903 2057 1968 provinciam
2076 1919 2131 1955 se
2149 1907 2369 1955 coniecit

1420 1974 1637 2022 Tarsum
1667 1986 1829 2035 usque
1848 2007 1862 2033 ‚
1891 1973 1965 2024 Ib.
1989 1972 2052 2033 5,
2076 1974 2170 2033 16,
2194 1976 2247 2029 4.
2292 1978 2367 2027 Ib.

1420 2042 1453 2092 5
1469 2079 1485 2103 ,
1516 2041 1599 2102 17,
1619 2040 1672 2094 6.
1696 2068 1768 2079 -
1785 2041 2099 2093 Praefectum
2121 2042 2371 2095 habuerat

1418 2110 1489 2161 Μ.
1510 2108 1805 2175 Scaptium,
1839 2112 1916 2164 Ib.
1938 2112 2001 2172 5,
2034 2112 2131 2173 21,
2167 2113 2252 2165 10.
2288 2115 2367 2164 Ib.

1419 2179 1483 2240 6,
1518 2180 1574 2239 1,
1604 2180 1654 2231 6.
1692 2178 1755 2240 6,
1791 2183 1852 2241 2,
1880 2180 1931 2231 8.
1968 2206 2038 2217 --
2070 2180 2275 2245 Appius
2310 2177 2369 2242 ἐξ

1420 2240 1771 2313 ἀφαιρέσεως
1798 2250 2112 2314 provinciam
2146 2252 2367 2314 curavit,

1420 2318 1721 2383 sanguinem
1750 2319 1916 2380 misit,
1949 2317 2179 2369 Ciceroni
2203 2320 2367 2369 tradi-

1422 2388 1496 2438 dit
1524 2395 1781 2447 enectam,
1812 2388 1887 2438 Ib.
1910 2387 1973 2445 6,
2005 2387 2063 2447 1,
2092 2388 2141 2437 2.
2168 2414 2232 2423 -
2254 2387 2368 2453 Ap-

1421 2457 1541 2521 pius
1577 2449 1876 2521 πρόπυλον
1910 2456 2147 2505 Eleusine
2186 2456 2363 2507 facere

1423 2526 1625 2588 dicitur,
1646 2527 1717 2576 Π).
1734 2524 1787 2587 6,
1810 2525 1858 2587 1,
1878 2524 1965 2575 26.
1981 2525 2133 2575 -11ι.
2158 2524 2208 2588 6,
2232 2524 2286 2586 6,
2312 2527 2363 2575 2.

1418 2593 1595 2644 -Pro
1608 2594 1777 2660 Appio
1792 2596 1961 2643 omnia
1977 2593 2095 2645 facit
2111 2592 2285 2643 Cicero
2310 2595 2366 2642 in

1413 2664 1705 2729 provincia,
1737 2663 1810 2712 lb.
1835 2662 1894 2725 6,
1924 2664 1985 2723 2,
2011 2662 2094 2713 10.
2135 2663 2208 2711 lb.
2232 2662 2285 2723 6,
2308 2662 2364 2726 3,

1419 2733 1469 2781 7.
1506 2759 1579 2769 -
1608 2733 1734 2781 Eius
1770 2746 2011 2791 censura,
2057 2731 2122 2781 ad
2152 2730 2273 2799 fam.
2310 2728 2366 2789 3,

1420 2800 1503 2859 11,
1524 2802 1574 2851 5.
1608 2802 1681 2850 Ib.
1700 2800 1752 2861 8,
1781 2800 1865 2862 14,
1885 2802 1938 2853 4.
1978 2800 2050 2849 lb.
2072 2798 2139 2859 8,
2174 2799 2268 2860 17,
2309 2798 2361 2852 1.

1416 2869 1545 2918 -·-A
1561 2868 1825 2920 Dolabella
1841 2884 1958 2918 reus
1979 2868 2145 2918 factus
2166 2882 2213 2917 a.
2236 2883 2289 2919 u.
2312 2882 2358 2915 c.

1418 2938 1571 2997 704„
1607 2936 1742 2993 Cael.
1781 2938 1849 2987 ad
1882 2937 2000 2987 fam.
2036 2935 2096 2997 8,
2128 2935 2192 2996 6,
2216 2936 2267 2985 1.
2292 2962 2363 2971 —

1415 3006 1687 3072 Pompeius
1707 3008 1890 3057 dicitur
1908 3006 2051 3055 valde
2072 3019 2165 3069 pro
2186 3005 2363 3069 Appio

1414 3076 1647 3125 laborare
1662 3112 1677 3137 ,
1698 3077 1773 3126 Ib.
1794 3075 1854 3140 8,
1877 3073 1929 3135 6,
1949 3072 2001 3125 3.
2025 3100 2085 3109 —
2116 3072 2158 3121 A
2186 3072 2361 3122 Caelio

1412 3144 1531 3210 lege
1560 3143 1816 3195 Scantinia
1841 3142 2126 3209 postulatus
2152 3156 2201 3193 a.
2228 3156 2280 3191 u.
2308 3156 2357 3190 c.

1413 3212 1531 3263 704.
1546 3250 1562 3275 ,
1584 3214 1661 3263 Ib.
1685 3212 1737 3275 8,
1758 3212 1845 3264 12.
1864 3236 1935 3249 --·
1956 3211 2237 3260 Absolutus
2259 3216 2357 3269 est,

1414 3282 1799 3333 defendentibus
1820 3280 1877 3339 Q.
1907 3277 2177 3330 Hortensio
2208 3286 2259 3327 et
2282 3277 2352 3331 M.

1410 3350 1565 3401 Bruto
1592 3365 1809 3416 genero,
1840 3348 1982 3402 Brut.
2006 3349 2104 3412 64,
2138 3345 2257 3399 230.
2283 3372 2357 3383 -

1412 3420 1610 3484 Appius
1641 3417 2026 3469 et.honorificus
2057 3417 2111 3465 in
2151 3416 2357 3465 Cicero-
