2500 3850
568 192 632 241 L.
657 191 1062 242 SCRIBONIUS
1085 192 1252 242 LIBO
1284 217 1367 228 —
1394 195 1723 245 SEGESTA.

0 372 5 377 ·
81 346 156 399 L.
185 344 529 399 Scribonius
542 342 706 409 Libo,
720 356 921 411 praetor
939 363 985 397 0.
1004 364 1053 398 u.
1073 364 1116 397 c.

166 418 304 471 550.
361 415 538 465 Puteal
576 417 629 464 in
667 415 780 465 foro
821 419 1119 477 construxit,

169 488 328 536 cuius
347 484 563 549 putealis
592 486 646 533 in
668 484 852 534 vicinia
884 493 1119 551 argenta-

166 556 238 603 rii
261 570 310 603 ε.
331 554 638 604 feneratores
668 553 922 603 habebant
952 555 1118 604 taber-

87 636 560 743 1..¹²3⁸033¹1‚⁸3321¹.’.2⁰
580 622 748 741 iffi?
769 622 1002 749 Βὸέῗὲιῑι
1039 688 1119 739 ci-

33 767 38 802 ἲ
167 775 294 811 cero
317 758 376 813 L.
400 760 560 823 Libo,
595 760 680 823 qui
702 758 812 809 Ser.
843 758 1006 809 Galba
1036 773 1120 807 ro-

169 830 436 895 gationem
468 828 611 893 tulit,
641 830 998 894 quod'praetor
1015 826 1118 876 Lu-

169 899 370 947 sitanos
390 904 562 948 contra
594 898 942 962 interpositam
967 895 1119 946 fldem

173 968 468 1027 occidisset,
493 965 834 1017 Censorinone
852 974 901 1015 et
911 964 1118 1023 ManiIIo

175 1052 226 1085 a.
272 1052 324 1084 u.
361 1052 409 1085 0.
441 1032 561 1086 605.
593 1050 658 1085 an
675 1035 736 1085 T.
768 1034 998 1094 Quinctio
1023 1024 1115 1083 Μ’.

171 1105 345 1154 Acilio
377 1119 509 1153 coss.
553 1119 603 1155 a.
640 1120 690 1153 u.
724 1120 766 1153 0.
801 1102 920 1154 704.
956 1103 1118 1152 tribu-

171 1171 1046 1307 {ff‘sssssibfssxfssssCiiffiibffi’ff'ffii.
1067 1256 1110 1289 ο.

173 1308 299 1361 605.
321 1312 634 1375 rogationem
648 1311 702 1358 in
713 1310 823 1360 Ser.
838 1309 1118 1375 Sulpicium

172 1378 388 1427 Galbam
433 1379 692 1443 privilegii
728 1379 950 1430 similem
982 1376 1117 1436 tulit,

172 1448 318 1499 Brut.
341 1447 426 1506 23,
446 1446 532 1497 89.
575 1447 638 1495 de
661 1454 788 1496 orat.
810 1448 864 1509 2,
891 1446 978 1507 65,
993 1445 1113 1496 263.

176 1519 250 1553 —v
267 1516 512 1565 Libonem
531 1529 631 1563 non
658 1514 902 1583 infantem
933 1514 1113 1573 fuisse,

177 1586 332 1647 idque
353 1599 416 1633 ex
433 1584 744 1635 orationibus
764 1584 875 1633 eius
894 1581 1115 1647 intelligi

174 1667 330 1721 posse
349 1690 363 1717 ,
415 1654 558 1704 Brut.
603 1652 698 1716 23,
738 1652 822 1704 90.
871 1678 940 1690 —
993 1652 1116 1701 Eius

177 1724 396 1782 dictum,
427 1722 491 1772 de
529 1729 655 1774 orat.
676 1723 740 1784 2,
769 1722 865 1781 65,
897 1719 1016 1770 263.
1048 1745 1115 1754 -

175 1791 299 1841 Eius
339 1791 467 1841 liber
509 1792 734 1851 annaliS,
781 1790 848 1839 ad
877 1790 985 1839 Att.
1029 1786 1112 1849 13,

177 1860 245 1912 30
317 1860 366 1911 3.
421 1860 494 1911 Ib.
523 1858 586 1910 13
605 1895 620 1923 ,
667 1858 752 1923 32,
793 1858 842 1909 3.
911 1856 985 1908 Ib.
1031 1846 1112 1921 13,

177 1931 263 1988 44,
291 1922 342 1982 3.

110 1997 175 2049 1..
207 1994 532 2048 Scribonius
555 1995 698 2048 Libo
718 2033 734 2060 ,
776 1999 919 2049 cuius
957 1996 1115 2046 filiam

179 2066 294 2117 Sex.
317 2067 588 2132 Pompeius
605 2065 692 2116 Cn.
713 2069 769 2116 F.
791 2080 1000 2116 uxorem
1021 2065 1114 2114 ha-

177 2137 343 2200 bebat,
365 2151 462 2198 quo
483 2134 635 2185 modo
652 2134 794 2200 (trib.
809 2133 910 2201 pl.)
925 2149 980 2184 se
998 2149 1114 2200 ges-

181 2206 298 2253 serit
352 2206 402 2252 in
455 2219 612 2254 causa
654 2204 927 2254 Ptolemaei
976 2204 1114 2268 regis

179 2288 224 2325 0.
249 2288 303 2324 u.
325 2287 369 2320 0.
394 2271 539 2335 698.,
577 2272 643 2321 ad
663 2272 780 2322 fam.
813 2271 935 2334 1,1,
963 2270 1014 2321 3.
1046 2298 1116 2308 -

177 2342 236 2396 L.
286 2341 412 2390 Libo
463 2340 728 2391 familiaris
767 2340 1023 2390 Ciceronis
1068 2347 1117 2388 et

181 2411 421 2459 Varronis
437 2446 451 2470 ,
483 2410 646 2460 Acad.
668 2417 802 2473 post.
833 2409 880 2469 1,
905 2408 1026 2471 1,-3.
1046 2436 1116 2446 -

181 2481 237 2528 L.
263 2477 387 2528 Libo
421 2480 616 2528 amicus
633 2477 701 2528 M.
722 2478 870 2527 Marii
905 2485 952 2526 et
972 2475 1116 2527 Cice-

181 2546 314 2598 ronis
345 2562 392 2596 a.
419 2562 470 2599 u.
495 2563 540 2596 0.
568 2545 687 2598 708.
706 2584 719 2606 ,
754 2547 822 2596 ad
843 2546 966 2600 fam.
989 2547 1039 2608 7,
1061 2548 1112 2595 4.

182 2644 244 2652 -
288 2615 412 2665 Libo
433 2651 448 2678 ,
507 2631 653 2665 socer
688 2614 830 2665 Sexti
865 2614 1114 2678 Pompeii,

185 2686 442 2736 Caesarem
475 2684 610 2750 fugit
641 2699 689 2734 a.
712 2699 764 2734 u.
789 2700 837 2734 c.
855 2682 973 2734 705.
991 2719 1004 2742 ,
1050 2683 1114 2732 ad

183 2755 278 2802 Aa.
301 2756 350 2816 7,
389 2755 484 2818 12,
503 2755 553 2804 2.
587 2781 656 2790 --
675 2753 824 2814 Libo,
845 2751 1111 2816 Pompeia-

183 2837 274 2872 nus
293 2837 339 2874 a.
361 2838 411 2871 u.
435 2837 480 2874 c.
505 2822 652 2882 705„
687 2824 760 2871 Ib.
799 2820 850 2884 8,
873 2821 935 2872 11
953 2821 1032 2885 Β.,
1058 2823 1108 2871 2.

181 2919 246 2928 -
263 2891 371 2940 Non
391 2890 626 2941 laudatur
641 2928 658 2951 ‚
692 2892 767 2941 Ib.
787 2890 836 2955 9,
861 2889 943 2951 ll,
963 2891 1014 2939 4.
1041 2915 1112 2926 —-

183 2960 322 3020 Libo,
344 2959 612 3011 familiaris
628 2959 690 3011 D.
709 2960 871 3020 Bruti,
903 2960 968 3010 ad
986 2958 1108 3008 fam.

188 3030 266 3096 11,
295 3029 344 3090 7,
383 3029 432 3080 1.
471 3059 536 3068 —-
574 3029 718 3092 Libe,
752 3029 950 3079 debitor
969 3027 1109 3079 Cice-

186 3099 314 3148 ronis
346 3114 391 3149 a.
429 3114 482 3148 u.
525 3115 568 3149 0.
601 3099 751 3158 709.,
793 3099 859 3148 ad
880 3098 986 3147 Att.
1024 3098 1108 3159 12,

189 3167 263 3229 18,
293 3166 342 3217 3.
403 3168 476 3217 Ib.
502 3169 602 3227 12,
643 3165 737 3228 19,
784 3168 832 3216 2.
875 3194 942 3204 --
980 3166 1109 3217 Libo

187 3251 230 3283 a.
242 3251 290 3284 u.
313 3251 360 3285 c.
372 3236 490 3288 710.
518 3235 634 3287 Sex.
651 3237 878 3302 Pompeii
896 3237 1109 3298 amicus,

187 3305 248 3354 ad
265 3303 363 3352 Att.
391 3303 471 3366 16,
494 3308 546 3366 4,
577 3306 624 3354 1.

36 3400 46 3449 ι
126 3371 204 3436 (G.
225 3369 568 3438 Scribonius)
587 3373 751 3440 Rupa
767 3412 780 3438 ‚
805 3375 860 3426 0.
882 3373 1111 3426 Curionis
1180 3385 1182 3392 ·

187 3441 268 3496 filii
287 3441 513 3504 libertus,
543 3443 608 3492 ad
627 3443 746 3492 fam.
769 3445 819 3506 2,
847 3441 898 3504 3,
921 3442 970 3493 1.

2077 190 2194 252 351

1190 347 1409 400 Scrofa.
1424 352 1489 399 V.
1508 349 1957 406 Cn.Tremellius
1973 355 2194 407 Scrofa.

1190 416 1401 483 Scylax
1434 418 1881 484 Halicarnasseus,
1933 423 2198 477 familiaris

1260 487 1513 549 Panaetii,
1554 489 1811 540 excellens
1842 493 1896 541 in
1924 494 2200 559 astrologia

1262 556 1499 619 idemque
1527 558 1580 605 in
1611 561 1837 626 regenda
1872 576 1966 611 sua
1995 564 2199 613 civitate

1201 638 1206 642 ¹
1260 624 1517 689 princepe,
1530 633 1691 677 totum
1704 628 2035 681 Chaldaicum
2053 647 2200 697 prae-

1260 694 1499 813 ἓίῗὲιᾶὸἰὸ
1483 710 1644 759 genus
1667 699 1975 765 repudiavit,
1998 700 2061 750 de
2090 702 2195 751 div.

1294 796 1309 821 9
1394 798 1409 825 ν
1504 799 1518 813 ·

1189 828 1411 895 Scylla,
1431 846 1612 881 saxum
1628 871 1643 898 ,
1666 849 1759 899 pro
1780 833 1910 887 Sest.
1932 838 1981 898 8,
2008 837 2091 888 18.

1189 897 1384 964 Scylla
1412 901 1623 952 canibus
1641 905 1913 954 succincta.
1981 907 2041 956 Ei
2062 923 2216 959 com-.

1259 974 1467 1031 paratur
1486 968 1545 1019 (2.
1567 970 1753 1023 Verres
1767 1009 1781 1036 ,
1804 974 1951 1024 Verr.
1974 985 2192 1027 accusat.

1256 1035 1308 1099 5,
1333 1036 1417 1096 56,
1432 1038 1550 1091 146.
1575 1039 1641 1094 01.
1656 1041 1718 1091 de
1731 1040 1938 1108 harusp.
1953 1060 2089 1110 resp.
2110 1047 2197 1106 27,

1254 1104 1341 1157 59.
1374 1106 1437 1155 de
1455 1122 1505 1161 n.
1526 1108 1573 1156 d.
1605 1108 1652 1170 1,
1674 1108 1757 1169 38,
1781 1109 1897 1163 108.

1188 1170 1511 1239 Scyllaeum
1538 1176 1750 1237 fretum,
1788 1181 1981 1243 tropice
2013 1182 2074 1231 de
2106 1196 2197 1231 an-

1258 1245 1443 1307 gustiis
1482 1246 1615 1294 aeris
1653 1248 1805 1295 alieni
1844 1249 2065 1308 dictum,
2099 1265 2195 1315 pro

1258 1308 1391 1361 Sest.
1416 1310 1467 1371 8,
1503 1312 1586 1365 18.

1187 1376 1403 1445 Scyron
1428 1381 1717 1443 EpicuriuS,
1740 1390 1965 1447 tempore
1992 1382 2195 1433 Cicero-

1258 1448 1368 1511 niS,
1410 1449 1579 1497 omnia
1609 1451 1835 1499 meminit
1866 1453 2075 1517 Epicuri
2102 1446 2201 1501 δό-

1256 1530 1454 1579 γματα,
1481 1516 1644 1566 Acad.
1660 1532 1740 1581 pr.
1758 1519 1809 1579 2,
1823 1517 1909 1579 33,
1933 1519 2052 1571 106.

1186 1581 1419 1702 Sep-ps,
1438 1585 1605 1637 insula
1618 1588 1772 1636 maris
1790 1590 1999 1653 Aegaei,
2016 1591 2083 1639 ad
2092 1590 2191 1641 Aa.

1256 1655 1304 1717 5,
1361 1654 1479 1715 2,1.

1186 1719 1455 1789 Scythae,
1474 1724 1620 1772 Verr.
1653 1734 1873 1776 accusat.
1890 1726 1939 1785 5,
1962 1726 2045 1786 58,
2071 1728 2190 1780 150.

1258 1792 1442 1856 fragm.
1482 1807 1535 1855 p.
1567 1792 1685 1843 253.
1720 1820 1789 1829 —
1820 1792 2031 1859 Scythes
2054 1798 2195 1847 Ana-—

1256 1859 1681 1919 charsis,Tuscul.
1694 1862 1745 1923 5,
1760 1860 1846 1923 32,
1860 1861 1946 1915 90.
1962 1866 2026 1917 V.
2040 1863 2195 1916 Ana—

1257 1927 1464 1982 charis.

1184 1995 1453 2116 Scytzl31ia,
1480 1999 1534 2047 in
1558 1999 1727 2048 Pison.
1752 1999 1803 2060 8,
1828 1998 1912 2048 18.
1957 2002 2021 2050 de
2050 2017 2099 2050 n.
2140 2004 2191 2052 d.

1256 2067 1305 2130 2,
1355 2067 1405 2128 4,
1426 2067 1512 2119 88.

1184 2132 1517 2202 Scythicum
1538 2137 1784 2200 tegimen,
1806 2137 2012 2188 Tuscul.
2036 2139 2085 2202 5,
2105 2137 2190 2200 32,

1184 2271 1452 2336 Sebosus,
1468 2271 1629 2323 Catuli
1648 2273 1937 2335 familiariS‚
1952 2276 2193 2327 molestus

1259 2341 1512 2459 Οἰοῗοηί,
1546 2344 1613 2392 ad
1637 2343 1742 2392 Att.
1781 2345 1844 2404 2,
1883 2345 1967 2394 14.
2032 2345 2105 2396 Ib.
2139 2346 2191 2410 2,

1187 2474 1447 2528 Sedulius
1482 2479 1545 2527 de
1580 2479 1751 2542 operis
1794 2478 2087 2542 Clodiani5‚
2128 2480 2195 2530 de

1258 2547 1407 2596 domo
1429 2561 1521 2595 sua
1539 2544 1625 2602 30,
1646 2546 1733 2597 79.
1763 2548 1837 2596 lb.
1860 2546 1946 2612 31,
1966 2549 2049 2598 81.

1185 2611 1559 2680 seg-avianus,
1580 2629 1763 2665 nomen
1790 2625 2099 2682 corruptum,
2126 2619 2192 2668 ad

1252 2684 1374 2732 fam.
1401 2681 1483 2744 10,
1515 2685 1599 2744 17,
1631 2683 1679 2736 3.
1894 2691 1901 2704 ‘

1185 2749 1426 2818 Segesta
1464 2761 1539 2802 est
1580 2755 1827 2820 oppidum
1863 2764 2098 2819 pervetus
2138 2757 2193 2805 in

1252 2819 1447 2871 Sicilia.
1518 2821 1639 2871 Eius
1689 2823 1884 2873 incolae
1922 2821 2191 2889 Segestani

1250 2903 1352 2939 non
1382 2888 1547 2941 solum
1572 2900 1820 2957 perpetua
1848 2893 2087 2944 societate
2118 2899 2195 2941 at-

1249 2973 1350 3022 que
1368 2959 1613 3024 amicitia,
1634 2977 1809 3011 verum
1830 2960 1979 3010 etiam
2005 2975 2190 3026 cogna-

1248 3029 1387 3077 tione
1404 3043 1461 3078 se
1486 3044 1601 3078 cum
1618 3030 1813 3095 populo
1825 3031 2051 3079 Romano
2072 3043 2192 3079 con-

1251 3099 1451 3147 iunctos
1490 3114 1602 3148 esse
1648 3099 2030 3148 arbitrabantur.
2098 3097 2187 3146 Eis

1249 3167 1611 3232 Karthaginem
1636 3167 1859 3217 ablatum
1888 3166 2078 3214 Dianae
2114 3166 2183 3215 si-

1251 3234 1535 3286 mulacrum
1578 3250 1639 3283 ex
1674 3251 1789 3285 aere
1820 3234 2074 3284 redditum
2112 3241 2187 3282 est

1253 3321 1285 3354 a
1326 3305 1383 3352 P.
1424 3302 1659 3367 Scipione
1698 3303 1936 3353 Africano
1974 3303 2185 3362 minore,

1251 3375 1399 3422 Verr.
1426 3379 1644 3426 accusat.
1668 3375 1731 3434 4,
1760 3371 1855 3434 33,
1886 3373 1954 3421 72
1973 3385 2084 3434 sqq.
2114 3397 2189 3409 -—-

1252 3441 1311 3490 Id
1340 3440 1557 3492 ablatum
1580 3448 1655 3490 est
1679 3457 1708 3492 a
1733 3442 1784 3492 C.
1808 3443 1985 3502 Verre,
2022 3441 2095 3492 Ib.
2112 3464 2179 3480 -·
