2500 3850
809 192 1164 242 snmrmns
1187 214 1271 223 -—-
1296 192 1355 239 c.
1390 190 1767 239 susumus.
2203 176 2326 239 359

321 368 416 417 pro
433 351 588 400 Sestii
609 348 875 413 legendum
901 346 1136 411 videtur),
1158 362 1250 412 pro

323 420 426 469 Mil.
451 420 535 481 31,
557 418 642 469 86.

249 486 540 553 Seriphius
561 488 766 548 quidam
795 485 931 549 quod
951 498 1254 549 responsum

1393 345 1635 407 Crassus,
1667 344 1803 393 Brut.
1843 343 1941 405 43,
1974 344 2089 395 161.
2140 347 2213 395 lb.
2238 346 2326 408 44,

1394 414 1511 466 164.
1542 414 1613 463 Ib.
1640 414 1724 477 86,
1747 412 1865 467 296.
1898 414 1974 463 Ib.
1999 415 2085 480 87,
2113 414 2233 467 298.
2267 413 2329 464 de

1395 490 1521 532 orat.
1544 483 1595 540 2,
1617 481 1701 540 55,
1732 480 1853 532 223.

319 557 488 607 tulerit
505 570 534 604 a
550 553 904 612 Themistocle,
928 554 992 603 de
1012 567 1118 603 sen.
1140 552 1252 611 3,8.
1326 547 1567 603 Servilia
1582 550 1667 599 lex
1688 550 1751 599 de
1771 551 1998 615 pecuniis
2016 551 2327 616 repetundiS,

247 622 519 689 seriphus
535 660 549 685 ,
571 637 728 687 parva
748 622 912 671 insula
933 623 984 672 in
1007 622 1136 671 mari
1153 622 1257 670 Ae-

318 708 444 758 gaeo
480 694 610 741 inter
644 688 905 757 Cycladas.
954 690 1075 739 Eius
1112 690 1257 753 lepu-

318 762 446 810 sculi
465 768 514 810 et
533 757 848 824 vulpeculae,
872 759 935 808 de
955 774 1004 807 n.
1027 759 1076 808 d.
1101 758 1148 820 l,
1170 756 1256 819 31,

243 897 540 949 Serranus.
580 896 642 944 V.
667 898 718 943 in
739 891 976 945 Attiliis.

249 966 348 1016 Cn.
371 962 588 1015 Sertius
605 1000 620 1027 ‚
644 978 798 1026 eques
817 963 983 1026 Rom.,
1002 963 1149 1012 Verr.
1175 978 1253 1012 ac-

318 1026 489 1085 cusat?
503 1034 554 1091 2,
575 1033 662 1098 48,
685 1031 802 1082 119.

245 1098 576 1153 Sertoriana
612 1108 858 1166 tempora.
896 1099 1256 1164 Hispaniarum

319 1169 535 1235 vectigal
586 1170 902 1235 temporibus
950 1166 1253 1218 Sertorianis

316 1239 513 1288 nullum
543 1238 669 1301 fuit,
711 1239 775 1288 de
804 1238 916 1303 lege
944 1252 1054 1302 agr.
1075 1238 1136 1299 2,
1165 1235 1249 1301 30,

246 1306 557 1427 staff-{oriani
591 1374 808 1437 milites,
845 1374 994 1426 Verr.
1032 1383 1252 1426 accusat.

317 1444 379 1507 5,
399 1443 496 1502 28,
517 1444 604 1493 72.
636 1443 708 1493 Ib.
728 1443 787 1501 5,
810 1442 905 1504 56,
942 1441 1058 1495 146.
1099 1442 1174 1492 lb.
1199 1442 1248 1505 5,

317 1512 402 1572 58,
431 1511 531 1561 152
549 1526 660 1574 sqq.

243 1576 560 1632 Sertoriani
583 1580 756 1631 duceS.
790 1578 977 1629 Classis
997 1593 1181 1643 magna
1204 1587 1251 1629 et

319 1656 516 1709 ornata,
546 1663 675 1710 qnae
711 1649 920 1698 ducibus
951 1646 1250 1697 Sertorianis

317 1717 383 1767 ad
413 1716 609 1766 ltaliam
638 1718 807 1767 studio
834 1716 1140 1766 inflammata
1169 1731 1249 1766 ra-

317 1786 576 1850 piebatur,
614 1801 645 1834 a
671 1786 729 1835 L.
749 1784 960 1836 Lucullo
991 1792 1246 1851 superata,

318 1856 381 1905 de
400 1855 522 1917 imp.
546 1852 634 1904 Cn.
662 1855 838 1919 Pomp.
861 1854 912 1919 8,
935 1854 1020 1905 21.

248 1923 316 1989 Q.
338 1920 624 1974 Sertorius
639 1960 652 1980 ,
693 1925 738 1973 is
757 1925 843 1988 qui
861 1923 1052 1974 bellum
1075 1932 1250 1974 contra

317 1991 576 2052 Sullanos,
600 2008 630 2042 a
651 1994 834 2055 quibus
853 1992 1020 2044 fuerat
1035 1994 1252 2058 proscri-

314 2069 430 2124 ptus
454 2061 518 2110 ab
547 2076 594 2111 a.
619 2077 668 2110 u.
693 2077 739 2112 c.
768 2061 1062 2114 677—682.
1099 2063 1254 2110 susti-

314 2130 422 2178 nuit
478 2137 527 2178 et
590 2130 802 2180 viriliter
861 2130 1250 2181 administravit.

317 2196 552 2246 Omnium
600 2207 854 2248 oratorum
901 2201 1008 2249 sive
1052 2199 1251 2248 rabula·

315 2280 457 2327 rum,
487 2266 576 2327 qui
598 2274 682 2315 aut
702 2266 852 2330 plane
872 2267 1062 2317 indocti
1094 2275 1142 2316 et
1175 2268 1252 2316 in-

315 2333 496 2381 urbani
528 2341 614 2382 aut
645 2336 825 2384 rustici
853 2336 1004 2384 etiam
1028 2333 1248 2396 fuerunt,

317 2399 660 2452 solutissimus
693 2404 746 2451 in
789 2403 1003 2452 dicendo
1048 2411 1097 2452 et
1132 2418 1252 2452 acu-

314 2469 546 2519 tissimus
626 2473 867 2521 senatorii
931 2472 1122 2521 ordinis
1190 2472 1248 2531 Q.

317 2536 566 2587 Sertorius
585 2575 599 2600 ,
650 2541 898 2601 equestris
950 2540 1004 2590 C.
1059 2538 1250 2604 Gargo-

313 2607 456 2666 niuS‚
493 2607 628 2656 Brut.
652 2607 749 2668 48,
783 2607 901 2658 180.
938 2635 1007 2645 —-
1033 2610 1117 2659 Ad
1136 2624 1251 2657 eum

315 2677 368 2723 in
400 2675 698 2738 Hispaniam
730 2677 926 2741 legatos
963 2691 1022 2725 ac
1059 2677 1253 2727 litteras

314 2745 454 2792 misit
491 2743 833 2807 Mithridates»,
883 2745 946 2794 de
986 2746 1109 2811 imp.
1159 2745 1248 2798 Cn.

311 2813 491 2875 Pomp.
513 2816 575 2872 4,
596 2813 648 2866 9.
689 2813 752 2864 cf.
773 2827 865 2877 pro
885 2813 1014 2864 Mur.
1045 2816 1108 2866 15
1125 2851 1140 2874 ,
1162 2814 1247 2866 32.

311 2906 378 2916 —
407 2879 749 2932 Sertorianum
785 2881 976 2931 bellum
1009 2898 1040 2932 a
1073 2892 1252 2933 senatu

311 2949 554 3014 Pompeio
575 2952 771 3014 privato
801 2951 972 3000 datum
1000 2960 1102 3017 est,
1134 2952 1252 3001 Phi-

311 3016 436 3082 lipp.
464 3017 544 3078 ll,
569 3020 619 3079 8,
646 3019 729 3070 18.

241 3085 538 3149 Servaeus,
562 3088 625 3138 de
645 3087 850 3139 cohorte
870 3089 936 3139 M.
959 3089 1152 3140 Fonteii
1171 3090 1252 3140 vel

313 3156 522 3217 portitor
537 3191 550 3218 ,
571 3172 665 3221 pro
686 3157 829 3206 Font.
852 3158 901 3218 5,
921 3156 972 3210 9.

245 3219 488 3272 Servilia
509 3223 589 3273 lex
610 3227 891 3278 iudiciaria.
929 3229 984 3275 In
1010 3227 1249 3276 suasione

311 3290 439 3354 legis
460 3290 705 3343 Serviliae
723 3293 780 3344 L.
805 3293 1017 3344 Crassus
1035 3296 1248 3343 summis

313 3367 454 3406 ornat
515 3369 744 3411 senatum
814 3363 1051 3412 laudibus
1069 3397 1083 3420 ,
1151 3377 1246 3427 pro

315 3425 505 3480 Cluent.
527 3429 611 3488 51,
637 3430 755 3486 140.
779 3458 842 3467 -
863 3431 988 3480 Eam
1007 3430 1167 3480 suasit
1185 3430 1242 3478 L.

1393 635 1486 684 pro
1520 617 1708 668 Scauro
1732 618 1781 680 1,
1802 620 1853 667 2.
1890 617 2016 668 Rab.
2038 619 2172 674 Post.
2195 622 2247 680 4,
2275 622 2327 675 9.

1396 703 1488 752 pro
1504 687 1664 736 Balbo
1683 689 1767 749 24,
1789 688 1873 738 54.

1327 752 1597 819 Servilia,
1631 754 1819 805 femina
1847 755 2115 819 primaria,
2155 769 2329 805 socrus

1396 826 1455 884 Q.
1479 825 1760 884 Hortensii,
1789 824 1934 871 Verr.
1957 831 2173 872 accusat.
2197 825 2228 873 2
2244 863 2256 886 ,
2279 822 2328 882 8,

1326 958 1596 1022 servilia,
1634 959 1838 1009 Catonis
1876 960 2129 1011 Uticensis
2168 976 2328 1022 soror,

1392 1038 1554 1079 mater
1571 1028 1638 1078 M.
1659 1028 1798 1079 Bruti
1819 1035 1868 1077 et
1886 1029 2137 1078 Tertullae
2151 1066 2164 1087 ,
2201 1046 2329 1079 uxo-

1393 1100 1464 1148 ris
1486 1097 1539 1149 C.
1565 1096 1743 1148 Cassii.
1768 1097 2030 1146 —Mulier
2048 1099 2242 1164 timida,
2266 1100 2331 1148 ad

1393 1168 1515 1217 fam.
1548 1167 1638 1226 12,
1672 1167 1734 1227 7,
1766 1166 1814 1216 1.
1834 1167 2219 1232 —Indignatur
2249 1165 2331 1216 Ci-

1394 1251 1508 1285 cero
1531 1234 1698 1285 Pontii
1716 1233 2101 1299 Neapolitanum
2122 1252 2152 1284 a
2170 1242 2331 1285 matre

1391 1305 1740 1371 tyrannoctoni
1771 1304 2052 1367 possideri,
2086 1305 2329 1353 donatum

1392 1373 1585 1422 scilicet
1604 1372 1701 1421 sibi
1718 1387 1749 1420 a
1769 1371 2009 1436 Caesare,
2030 1372 2097 1421 ad
2116 1372 2219 1425 Att.
2246 1373 2329 1435 14,

1392 1442 1487 1501 21,
1532 1440 1581 1491 3.
1630 1470 1698 1479 -
1736 1439 2005 1503 Serviliae,
2053 1440 2328 1504 Tertullae,

1389 1511 1625 1569 Porciae,
1657 1509 1826 1569 Bruti,
1869 1509 2061 1573 Cassii,
2099 1510 2329 1571 Favonii,

1391 1579 1643 1630 Ciceronis
1661 1578 1993 1641 colloquium,
2025 1580 2101 1631 Ib.
2142 1578 2219 1640 15,
2250 1580 2330 1640 11,

1390 1650 1438 1703 1.
1480 1674 1549 1683 —
1588 1645 1805 1696 Servilia
1835 1647 2144 1698 sublaturam
2180 1664 2242 1697 ex
2276 1646 2327 1697 S.

1389 1718 1442 1768 C.
1480 1730 1538 1765 se
1577 1731 1688 1777 ess-e
1726 1716 1923 1767 dicebat
1959 1732 2065 1765 rem
2110 1716 2332 1766 frumen-

1388 1786 1690 1847 teriam,1b.
1723 1785 1816 1844 13,
1842 1785 1931 1849 12,
1957 1786 2003 1836 l.
2026 1810 2096 1821 —-
2118 1784 2333 1835 Servilia

1385 1854 1783 1919 prudentissima
1832 1860 1880 1901 et
1936 1853 2331 1919 diligentissima

1390 1923 1595 1983 femina,
1621 1937 1704 1989 ep.
1727 1923 1793 1973 ad
1812 1922 1950 1972 Brut.
1979 1922 2026 1987 1,
2052 1922 2134 1974 18.
2174 1923 2237 1976 cl.
2258 1926 2327 1973 ib.

1396 1993 1442 2055 1,
1467 1993 1548 2052 17,
1575 1994 1626 2042 2.
1664 1991 1730 2042 ad
1749 1993 1852 2042 Att.
1876 1991 1926 2052 5,
1949 1993 1999 2050 4,
2021 1991 2069 2040 1.
2106 1994 2180 2041 Ib.
2204 1992 2255 2055 6,
2280 1991 2327 2053 1,

1394 2061 1473 2112 10.
1507 2061 1578 2108 Ib.
1609 2058 1687 2118 13,
1708 2060 1791 2114 11,
1812 2061 1863 2108 2.
1891 2059 1965 2108 Ib.
1994 2060 2077 2120 13,
2111 2060 2194 2124 16,
2222 2063 2272 2111 2.

1323 2126 1593 2191 Servilia,
1634 2127 1721 2178 Gn.
1761 2125 2061 2193 Caepionis,
2088 2131 2175 2192 qui
2207 2145 2330 2180 nau·

1392 2199 1557 2262 fregio
1580 2198 1753 2262 periit,
1784 2197 1916 2262 filia,
1954 2195 2154 2248 Claudii
2181 2215 2325 2257 uxor,

1393 2267 1458 2316 ad
1477 2269 1578 2315 Att.
1604 2266 1686 2325 12,
1707 2264 1792 2326 20,
1816 2269 1865 2320 2.

1323 2333 1569 2386 Servilii.
1610 2336 1815 2398 Antiqui
1855 2335 1931 2384 illi
1971 2333 2205 2398 Servilii,
2242 2337 2330 2398 qui

1393 2403 1584 2469 gemini
1610 2403 1838 2466 fuerunt,
1872 2418 2082 2466 prorsus
2114 2404 2327 2468 simileS,

1390 2480 1445 2520 ut
1464 2472 1695 2536 dignosci
1712 2474 1805 2519 vix
1822 2479 2047 2534 possent,
2071 2474 2225 2520 Acad.
2247 2488 2326 2536 pr.

1393 2541 1444 2601 2,
1470 2539 1552 2601 18,
1575 2538 1657 2590 56.
1684 2538 1811 2588 Sunt
1828 2538 1892 2589 P.
1915 2537 2189 2591 Servilius
2214 2539 2328 2590 Ge·-

1391 2607 1574 2658 minus
1606 2607 1711 2672 (bis
1745 2608 1920 2656 consul
1955 2623 2067 2658 cum
2100 2607 2151 2657 C.
2184 2607 2329 2658 Cotta

1393 2693 1437 2726 a.
1460 2693 1510 2726 u.
1535 2693 1578 2725 c.
1604 2676 1720 2726 502.
1743 2685 1790 2725 et
1812 2674 1959 2739 506.)
1978 2686 2026 2726 et
2047 2676 2115 2741 Q.
2132 2674 2327 2728 Servi-

1392 2745 1503 2796 lius
1528 2741 1794 2796 Geminus
1813 2781 1827 2806 ,
1850 2746 1921 2795 lb.
1943 2747 1975 2794 2
1990 2782 2005 2807 ,
2028 2748 2113 2809 26,
2133 2747 2219 2798 84.

1323 2811 1552 2867 Servilii
1592 2815 1723 2878 duo,
1762 2813 2108 2865 interfectores
2142 2815 2325 2866 Caesa-

1390 2885 1477 2935 ris.
1492 2911 1557 2920 -
1573 2882 1761 2933 Cascae
1780 2899 1843 2932 an
1865 2883 2073 2946 Ahalae,
2095 2885 2319 2949 Philipp.

1388 2954 1438 3018 2,
1457 2953 1541 3012 11,
1556 2954 1641 3002 27.
1664 2953 1727 3002 V.
1743 2952 1807 3002 P.
1832 2950 2103 3002 Servilius
2128 2951 2319 3003 Casca.

1320 3019 1697 3071 Serviliorum
1734 3022 1966 3085 sepulcra
2017 3022 2082 3070 ad
2125 3029 2321 3085 portam

1393 3089 1677 3153 Capenam,
1703 3088 1909 3138 Tuscul.
1938 3089 1984 3150 1,
2011 3091 2059 3153 7,
2088 3087 2166 3139 13.

1321 3155 1596 3208 Servilius
1631 3157 1770 3206 lacus
1799 3159 2013 3217 Romae,
2053 3173 2083 3207 a
2108 3155 2320 3207 Servilio

1391 3227 1608 3288 quodam
1630 3225 1795 3274 dictus
1812 3262 1825 3286 ,
1863 3241 1955 3290 pro
1978 3226 2099 3276 Sex.
2137 3226 2319 3276 Roscio

1324 3359 1385 3410 C.
1424 3358 1715 3412 servilius.
1757 3361 1813 3410 L.
1840 3360 2037 3412 Philoni
2070 3361 2318 3422 quaestori

1387 3431 1436 3478 in
1474 3429 1525 3478 C.
1560 3429 1828 3479 Servilium
1864 3438 2145 3495 praetorem
2172 3443 2321 3480 suum
