2500 3850
249 169 371 233 388
459 185 532 230 M.
565 180 860 228 TERENT.
887 179 1120 226 VARRO
1147 179 1363 226 (ΗΒΕΑ
1389 199 1462 208 -
1489 178 1562 225 ιι.
1587 179 1884 224 TERENT.
1912 176 2187 223 VARRO.

249 339 326 389 M.
353 335 651 388 Terentius
666 337 842 386 Varro
863 334 1065 386 Gibba.
1091 335 1253 395 Quae-

320 419 426 457 stor
460 407 526 456 M.
565 407 735 469 Bruti,
767 405 1112 470 propraetoris
1135 402 1253 452 Gal-

322 478 420 526 liae
453 476 741 540 Cisalpinae
769 491 816 526 a.
849 491 900 523 ιι.
922 490 966 524 c.
990 471 1108 522 708.
1127 510 1143 533 ,
1187 472 1254 521 ad

324 545 407 601 13,
429 546 509 609 10,
535 545 582 597 1.
617 572 684 582 -
714 543 830 592 Vult
851 542 1024 592 Cicero
1042 541 1106 591 M.
1123 542 1253 591 Var-

319 616 460 664 ronis
480 615 664 664 mortui
685 619 800 662 ante
829 627 875 662 a.
894 627 946 661 u.
978 627 1020 660 c.
1047 609 1166 662 709.
1205 618 1256 660 et

321 683 474 732 Lollii
495 684 592 733 sibi
625 684 756 731 mitti
783 681 1151 740 laudationem,
1193 680 1259 729 ad.

323 757 425 802 Αιι.
451 751 531 816 13,
556 752 640 812 48,
661 752 712 801 2.

253 817 1261 883 M.TerentiusVarroLucullus,i'rater

324 905 595 954 germanus
619 889 678 941 L.
694 889 909 954 Luculli,
932 903 1064 940 cosS.
1081 903 1127 937 a.
1145 903 1197 938 u.
1217 903 1259 936 c.

321 959 460 1020 681„
501 972 598 1022 quo
635 959 812 1008 eodem
842 972 971 1007 anno
1006 959 1056 1006 in
1099 958 1264 1005 Mace-

323 1029 525 1077 doniam
566 1027 826 1091 profectus
863 1034 969 1085 est,
1023 1027 1168 1074 testis
1205 1026 1259 1073 in

323 1098 558 1152 Verrem,
580 1096 722 1144 Verr.
747 1102 967 1143 accusat.
989 1095 1051 1152 2,
1085 1093 1137 1157 8,
1169 1094 1258 1146 24.

325 1165 397 1214 Ib.
423 1164 469 1222 1,
493 1163 578 1222 23,
599 1163 684 1214 60.
733 1165 796 1214 V.
827 1164 875 1211 in
900 1158 1153 1212 Liciniis.

251 1235 331 1285 M.
385 1230 685 1282 Terentius
728 1230 904 1281 Varro
925 1268 940 1294 ,
997 1231 1062 1280 ad
1111 1245 1263 1293 quem

321 1302 523 1351 suntad
545 1301 662 1350 fam.
684 1301 733 1352 9.
775 1317 856 1366 ep.
881 1300 1054 1362 1-8,,
1089 1315 1263 1351 omnes

323 1380 523 1436 praeter
543 1380 768 1420 octavam
789 1407 800 1427 ‚
841 1371 985 1418 cuius
1005 1383 1166 1419 annus
1185 1376 1263 1418 est

326 1439 475 1501 709.,
514 1456 559 1488 a.
592 1455 642 1489 u.
675 1457 718 1488 c.
757 1438 907 1497 708„
947 1438 1087 1488 civili
1124 1437 1259 1488 bello

324 1519 372 1558 et
418 1510 621 1570 quidem
665 1506 764 1565 illo
818 1507 979 1556 ferme
1034 1515 1261 1572 tempore

325 1579 570 1641 scriptae,
609 1591 708 1637 quo
732 1575 918 1626 Caesar
945 1583 1119 1625 contra
1142 1575 1261 1625 reli-

323 1647 469 1708 quias
505 1645 838 1709 Pompeianas
871 1645 924 1692 in
957 1643 1131 1694 Africa
1163 1659 1262 1710 pu-

323 1715 512 1778 gnavit.
564 1739 630 1748 —
685 1712 751 1761 Μ.
792 1714 1057 1763 Terentius
1094 1713 1259 1764 Varro

326 1783 552 1832 Ciceroni
617 1789 666 1830 et
725 1783 909 1832 studiis
965 1782 1162 1831 eisdem
1211 1789 1262 1833 et

325 1857 571 1900 vetustate
625 1851 880 1900 amicitiae
938 1849 1260 1915 coniunctus,

323 1920 484 1973 Acad.
511 1928 644 1986 post.
672 1920 720 1981 1,
742 1921 790 1981 1,
816 1921 862 1973 l.
879 1919 1262 1969 —Antiochum

324 1990 524 2040 audivit
570 1988 934 2055 philosophum
985 1990 1263 2039 Academi-

325 2074 456 2119 cum,
497 2061 570 2109 11).
607 2058 656 2117 l,
679 2058 729 2118 3,
765 2059 846 2109 12.
876 2086 949 2095 -
975 2060 1135 2108 varro
1173 2072 1263 2107 an·

323 2128 572 2187 tiquitatis
596 2126 854 2176 Romanae
883 2128 1145 2176 scientiam
1175 2142 1261 2175 ac-

325 2202 523 2258 ceptam
545 2211 574 2243 a
591 2194 650 2242 L.
673 2194 820 2243 Aelio
851 2202 1151 2257 auctamque
1168 2210 1263 2260 per

325 2278 454 2325 sese,
493 2266 573 2312 vir
591 2263 796 2328 ingenio
815 2270 1081 2327 praestans
1100 2266 1265 2314 omni-

327 2348 424 2396 que
464 2332 726 2395 doctrina,
768 2332 1004 2397 pluribus
1052 2338 1102 2382 et
1147 2332 1264 2382 illu·

325 2404 594 2454 strioribus
610 2402 794 2452 litteris
815 2402 1107 2467 explicavit,
1121 2401 1263 2451 Brut.

323 2471 410 2532 56,
431 2472 551 2523 205.
573 2499 643 2510 -—
661 2473 824 2521 Varro
845 2472 968 2522 satis
988 2472 1110 2521 facit
1124 2469 1265 2520 Cice-

320 2541 462 2604 roni,
501 2542 566 2591 ad
604 2544 709 2591 Att.
746 2544 810 2601 2,
855 2542 953 2602 20,
996 2540 1044 2593 l.
1093 2539 1167 2593 lb.
1208 2542 1261 2601 2,

324 2610 411 2667 21,
429 2610 482 2661 6.
504 2637 570 2646 -
590 2609 748 2658 Multa
764 2624 858 2673 per
879 2612 1156 2659 Varronem
1178 2610 1265 2673 agi

321 2692 478 2740 posse
502 2679 739 2727 videntur
755 2684 926 2725 contra
939 2676 995 2723 P.
1013 2675 1263 2739 Clodium,

323 2746 396 2793 ΙΙ).
420 2747 470 2802 2,
491 2746 578 2804 22,
605 2746 657 2794 4.
695 2744 769 2792 11).
795 2746 845 2805 2,
862 2743 949 2802 25,
983 2742 1030 2791 l.
1067 2769 1133 2779 —
1171 2744 1266 2794 Mi-

320 2812 552 2860 rabiliter
607 2817 833 2859 moratus
897 2816 1009 2867 est,
1079 2811 1154 2860 Ib.
1177 2809 1184 2815 ’
1211 2814 1263 2872 2,

324 2878 586 2944 25,1.1b.
610 2876 662 2939 3,
685 2877 737 2935 8,
759 2876 810 2927 3.
832 2904 898 2913 —
929 2877 1014 2926 De
1025 2876 1265 2931 Cicerone

317 2946 501 2998 exsule
522 2948 651 2996 bene
669 2952 908 3004 meretur,
929 2946 1003 2999 11).
1027 2947 1079 3008 3,
1105 2950 1186 3014 15,
1212 2951 1260 3001 1.

325 3014 577 3077 11).,,315
611 3014 662 3065 3.
718 2982 1054 3078 n>„3'18‚.1
1114 3019 1261 3079 11).,4

324 3088 374 3145 2,
412 3083 463 3134 5.
503 3110 568 3120 -
600 3085 794 3149 Varro,
833 3084 1261 3143 familiarissimus

318 3153 480 3217 ‚Appii
511 3151 706 3204 Claudii
728 3153 921 3219 Pulcri,
945 3156 1030 3206 ad
1057 3154 1177 3205 fam.
1207 3156 1259 3220 3,

324 3224 374 3283 7,
414 3224 467 3272 4.
499 3249 564 3259 --
600 3222 667 3273 M.
708 3225 870 3275 Varro
915 3230 1031 3274 ante
1067 3225 1260 3275 bellum

322 3290 580 3353 profectus
612 3292 788 3341 eratin
810 3293 1138 3356 Hispaniam,
1179 3294 1253 3343 11).

323 3357 385 3417 9,
411 3356 474 3408 13
495 3394 509 3417 ,
534 3359 581 3408 1.
603 3385 669 3395 --
694 3359 760 3407 Μ.
778 3362 940 3409 Varro
972 3368 1020 3409 et
1039 3361 1108 3413 M.
1134 3361 1254 3411 Cato

325 3425 375 3471 in
436 3424 568 3475 bello
615 3426 907 3478 Pharsalico
957 3428 1251 3493 Dyrrhachii

1393 341 1548 384 erant.
1602 334 1679 382 Ibi
1702 335 1880 396 Varro,
1900 334 1981 382 vir
2002 333 2160 381 doctu
2170 347 2215 392 5,
2239 347 2361 396 per-

1390 405 1596 453 territus
1618 402 1944 452 estvaticinio
1959 401 2158 450 Rhodii
2182 403 2359 449 cuius-

1393 473 1508 521 dam
1527 472 1756 537 remigi8‚
1791 471 1855 520 de
1874 471 2038 524 divin.
2064 470 2115 528 1,
2150 469 2246 531 33,
2271 470 2357 520 68.

1392 567 1458 576 -
1480 543 1533 589 In
1556 541 1667 592 eius
1699 540 1914 590 fundum
1941 540 2245 590 Casinatem
2268 540 2361 588 ad-

1399 609 1675 660 volavitM.
1694 607 1979 673 AntoniuS,
2000 600 2339 676 Philipp...

1399 677 1651 742 40‚103.
1724 678 1790 728 cl.
1837 679 1906 730 ib.
1960 645 2025 739 2,
2076 677 2185 736 41,
2234 643 2357 726 105.

1399 748 1581 814 fragm.
1624 763 1677 812 p.
1702 746 1823 798 258
1870 774 1942 784 —
1974 747 2240 796 Varronis
2285 747 2361 794 bi-

1400 816 1673 875 bliotheca,
1698 818 1765 866 ad
1777 818 1881 866 Att.
1904 819 1956 876 4,
1996 816 2076 875 14,
2102 814 2151 866 1.
2188 842 2259 850 —
2286 814 2358 863 De

1402 888 1513 935 eius
1549 887 1783 950 scriptia,
1821 885 1983 934 Acad.
2016 895 2160 948 post.
2204 884 2265 946 1,
2306 885 2357 942 2,

1402 956 1437 1006 8
1474 969 1585 1016 sqq.
1614 956 1865 1004 —Varro
1905 953 2045 1002 cives
2085 967 2216 1003 suos
2255 966 2358 1001 non
2455 997 2456 1012 ἶ

1404 1024 1555 1073 modo
1604 1025 1751 1087 copia
1790 1037 1956 1073 rerum
2008 1024 2196 1082 auxit,
2264 1021 2357 1070 sed

1401 1093 1555 1142 etiam
1584 1092 1882 1153 verborum,
1918 1092 2084 1140 Acad.
2121 1097 2265 1155 post.
2309 1090 2355 1149 l,

1402 1163 1453 1227 7,
1484 1160 1570 1213 26.
1599 1187 1656 1198 -
1688 1161 1761 1210 De
1780 1161 2029 1211 Varronis
2049 1174 2281 1226 persona
2304 1161 2354 1205 in

1402 1230 1622 1292 aliquem
1634 1229 1797 1280 locum
1816 1229 2145 1294 includenda,
2160 1229 2233 1278 ad
2241 1229 2347 1277 At‘

1401 1304 1452 1359 4,
1475 1299 1557 1364 16,
1591 1301 1641 1350 2.
1708 1298 1973 1359 Ι1).5,11,
2008 1298 2063 1350 3.
2096 1299 2350 1348 ——Vano

1402 1337 1630 1421 Ciceroni
1653 1369 1981 1418 denunciavit
1999 1381 2246 1446 magnam
2273 1381 2350 1414 sa·
2440 1379 2447 1394 ⁸

1404 1453 1465 1487 ne
1534 1444 1583 1487 et
1645 1452 1853 1503 gravem
1910 1429 2347 1501 προσφώνησιν.

1400 1506 1667 1556 Biennium
1718 1507 2017 1572 praeteriit,
2064 1519 2224 1568 quum
2266 1505 2347 1554 ilie

1399 1573 1800 1638 Καλλιππίδης
1826 1575 2046 1625 adsiduo
2082 1589 2239 1623 cursu
2265 1589 2347 1623 cu-

1400 1645 1560 1694 bitum
1582 1643 1779 1695 nullum
1808 1643 2134 1709 processerit.
2206 1642 2345 1692 Illam

1390 1705 1805 1777 Ἀκαδημαϊκὴν
1820 1713 2171 1762 advarronem
2186 1721 2343 1761 trans-

1400 1782 1521 1832 i'erri
1558 1782 1677 1831 vult.
1750 1781 1947 1832 Etenim
1990 1795 2107 1831 esse
2145 1772 2345 1829 'Avati-

1402 1865 1551 1915 χεια,
1589 1866 1719 1914 quae
1750 1853 1844 1900 iste
1872 1849 2022 1899 valde
2051 1851 2254 1913 probet,
2276 1849 2340 1898 ad

1401 1925 1504 1970 Ati.
1536 1918 1617 1981 13,
1642 1921 1725 1981 12,
1753 1919 1803 1973 3.
1858 1919 1924 1969 cl.
1946 1920 2016 1970 ib.
2060 1916 2144 1980 13,
2184 1917 2266 1982 13,
2296 1917 2340 1966 1.

1405 1990 1539 2054 Ergo
1598 1987 1773 2039 Cicero
1842 1989 1910 2039 ad
1968 2004 2083 2037 eum
2140 1990 2343 2051 scripsit

1404 2059 1709 2109 Acatfemica
1758 2058 2072 2123 posteriora,
2132 2071 2343 2119 quorum

1402 2133 1566 2177 exstat
1586 2126 1714 2175 liber
1733 2128 1954 2191 primus,
1980 2140 2171 2187 eosque
2189 2125 2343 2176 libros

1405 2196 1470 2245 ad
1498 2195 1779 2245 Varronem
1808 2208 1923 2244 cum
1947 2195 2169 2259 epistola
2186 2194 2339 2253 misit,

1407 2280 1539 2327 quae
1563 2271 1638 2315 est
1677 2265 1745 2315 ad
1767 2264 1889 2317 i'am.
1932 2262 1998 2324 9,
2038 2262 2089 2313 8.
2152 2263 2222 2313 ad
2238 2264 2339 2313 Att.

1409 2332 1489 2394 14,
1522 2334 1571 2383 2.
1602 2359 1668 2369 —-
1694 2333 1857 2382 Homo
1900 2301 2343 2395 πολυγραφώτα-

1401 2414 1499 2458 τος
1531 2416 1807 2473 numquam
1845 2401 2141 2451 Ciceronem
2188 2400 2341 2449 laces·

1402 2470 1523 2521 sivit
1559 2464 1747 2535 s‘cripto
1791 2470 1990 2533 aliquo,
2044 2468 2244 2532 11).14,
2284 2468 2343 2519 18

1403 2544 1497 2592 etc.
1554 2539 1626 2588 lb.
1654 2540 1737 2598 14,
1757 2538 1842 2599 25,
1865 2537 1916 2591 3.
1973 2539 2047 2591 Ib.
2075 2538 2159 2596 14,
2167 2506 2323 2600 33,4

1402 2608 1476 2657 11).
1502 2608 1584 2668 14,
1608 2604 1693 2669 35,
1714 2608 1768 2656 2.
1794 2608 2127 2657 -Varronis
2154 2575 2339 2654 διάλο-

1406 2689 1509 2739 γον
1540 2683 1803 2741 exspectat
1826 2676 2018 2737 Cicero,
2047 2676 2116 2725 ad
2134 2676 2240 2727 Att.
2262 2676 2337 2735 15,

1408 2743 1491 2804 13,
1512 2744 1563 2793 2.
1592 2771 1661 2781 -
1683 2741 2137 2809 Πεπλογραφίαν
2159 2744 2340 2792 Varro-

1404 2814 1485 2862 nis
1526 2814 1692 2864 Attico
1732 2814 1941 2879 probari
1987 2827 2090 2863 nou
2132 2810 2339 2861 moleste

1406 2881 1502 2931 fert
1526 2880 1728 2945 Cicero,
1783 2883 1857 2931 11).
1902 2881 1998 2946 16,
2040 2882 2101 2932 11
2128 2916 2144 2943 ,
2186 2880 2237 2932 3.
2274 2906 2338 2917 —

1408 2952 1564 3000 Varro
1609 2951 1782 3001 laudat
1825 2950 2077 3015 Hegesiae
2131 2952 2337 2999 oratoris

1403 3033 1591 3085 genus,
1630 3020 1705 3070 11).
1749 3020 1845 3083 12,
1886 3018 1949 3079 6,
1985 3020 2037 3070 2.
2069 3046 2142 3057 —-
2176 3019 2336 3068 Varro

1400 3089 1555 3138 vitam
1588 3089 1767 3142 Naevii
1802 3088 2039 3154 producit
2074 3086 2209 3137 ultra
2251 3102 2335 3136 au-

1401 3170 1593 3208 numu.
1620 3175 1669 3208 c.
1688 3157 1831 3217 550.,
1867 3156 2008 3208 Brut.
2036 3156 2119 3215 15,
2144 3153 2231 3210 60.
2271 3182 2331 3191 —-

1400 3225 1756 3278 proverbium:
1813 3194 1965 3275 '‘Non
2017 3226 2065 3276 si
2094 3225 2333 3275 Varronis

1396 3293 1662 3348 thesauros
1722 3295 1961 3345 haberem
1980 3330 1997 3356 ‚
2059 3286 2331 3344 subsistere

1397 3366 1623 3429 sumptui
1658 3377 1865 3429 possem
1880 3367 1920 3429 ’,
1958 3362 2021 3414 D.
2054 3362 2237 3413 Brutus
2269 3362 2333 3411 ad.

1396 3430 1515 3482 fam.
1541 3433 1625 3498 11,
1648 3434 1733 3494 ιο,
1757 3432 1807 3482 5.
