2500 3850
651 232 722 277 M.
759 228 1049 277 TULLIUS
1075 230 1146 277 M.
1177 202 1727 277 F.1'u.N.'010ERO.
2103 216 2235 279 409

205 394 398 450 queret,
421 384 591 437 Cicero
611 403 674 437 ex
694 392 898 436 senatus
919 384 1144 436 consulto

204 455 372 521 legem
401 455 516 503 tulit
555 456 620 506 ad
658 451 934 521 populum,
985 464 1040 502 ut
1081 454 1147 503 ad

205 539 421 590 poenam
442 526 659 575 ambitus
680 526 877 574 crimini
906 524 1146 573 constitu-

139 656 145 661 ·
203 603 306 643 tam
329 594 503 643 decem
533 609 774 643 annorum
797 592 1037 643 exsilium
1058 592 1146 641 ad·

208 664 438 725 deretur,
479 662 628 712 simul
663 662 760 712 hac
786 662 899 727 lege
933 662 1144 711 vetitum

208 738 284 781 est.
311 731 542 791 biennio,
579 747 678 793 quo
707 732 821 793 quis
849 738 986 795 petat
1016 730 1146 794 peti-

205 808 410 849 turusve
429 799 522 862 sit,
543 800 850 866 gladiatores
875 800 994 849 dare
1009 836 1023 862 ,
1047 798 1146 847 nisi

205 884 270 918 ex
301 876 599 918 testamento
632 870 929 933 praestituta
950 868 1061 928 die,
1095 868 1146 915 in

201 938 374 990 Vatin.
399 938 480 999 15,
495 938 796 989 37.—Tum
817 952 968 1000 quum
991 938 1144 987 comi-

201 1007 275 1055 tia
324 1006 610 1055 consularia
652 1007 840 1056 indicta
887 1012 1056 1055 essent
1091 1006 1144 1053 in

203 1071 317 1123 an'te
337 1075 468 1124 diem
495 1074 607 1124 ΧΠ.
633 1074 741 1129 Kal.
773 1074 900 1127 Nov.
921 1112 938 1134 ,
968 1074 1142 1125 Cicero

200 1144 366 1209 pridie
408 1144 468 1193 de
509 1146 850 1210 coniuratione
895 1141 1144 1192 Catilinae

203 1212 268 1261 ad
305 1221 529 1263 senatum
571 1213 775 1262 rettulit.
825 1214 1032 1262 Factum
1067 1219 1143 1261 est

201 1289 406 1330 senatus
425 1282 703 1331 consultum
721 1298 736 1329 ε
771 1282 999 1331 viderent.
1025 1295 1143 1331 con-

201 1348 358 1411 sules,
377 1365 440 1398 ne
460 1351 580 1411 quid
601 1366 681 1399 res
701 1349 837 1413 publ.
859 1349 1144 1399 detrimenti

201 1426 418 1481 caperet.
441 1417 668 1467 Comitiis
688 1418 1034 1467 consularibus
1050 1416 1142 1466 Ca-

201 1487 348 1535 tilina
375 1488 555 1536 iterum
575 1487 829 1551 repulsam
849 1482 992 1545 tulit,
1023 1500 1142 1534 con·-

201 1554 398 1605 sulibus
427 1558 606 1605 creatis
637 1556 698 1605 D.
723 1556 866 1604 Iunio
894 1554 1069 1605 Silano
1093 1561 1140 1603 et

199 1622 258 1675 L.
291 1623 484 1673 Licinio
515 1626 736 1675 Murena.
779 1623 994 1673 Catilina
1023 1636 1141 1672 eon·-

200 1693 393 1743 iuratos
418 1700 572 1742 noctu
601 1694 653 1741 in
673 1694 739 1743 M.
762 1692 960 1742 Laecae
989 1692 1140 1742 domo

200 1761 379 1811 adesse
400 1762 575 1821 iussit,
601 1763 673 1811 ibi
693 1762 946 1811 distribuit
972 1768 1141 1826 partes

199 1830 400 1893 Italiae,
427 1832 600 1879 statuit
629 1846 728 1893 quo
750 1845 1000 1893 quemque
1023 1844 1140 1894 pro-

198 1898 358 1949 ficisci
387 1899 636 1964 placeret,
665 1900 855 1966 delegit
888 1914 1020 1962 quos
1037 1899 1138 1949 Ro-

201 1984 312 2018 mae
332 1969 650 2032 relinqueret,
681 1983 806 2032 quos
827 1984 996 2020 secum
1017 1969 1140 2019 edu-

200 2044 360 2098 ceret,
399 2038 670 2103 descripsit
700 2039 839 2088 urbis
873 2047 1039 2103 partes
1075 2038 1142 2088 ad

199 2106 461 2166 incendia,
509 2107 819 2157 confirmavit
866 2123 922 2156 se
971 2108 1141 2174 ipsum

198 2176 296 2222 iarn
327 2189 440 2224 esse
471 2177 750 2239 exiturum,
784 2177 913 2225 dixit
937 2176 1142 2240 paullu-

199 2244 302 2292 lum
345 2244 441 2292 sibi
470 2259 582 2293 esse
621 2245 770 2292 etiam
805 2252 912 2293 tum
951 2260 1138 2305 morae,

199 2312 336 2373 quod
355 2310 526 2361 Cicero
549 2313 760 2361 viveret.
783 2313 1005 2377 -Reperti
1025 2322 1141 2362 sunt

198 2381 299 2432 dno
319 2381 513 2442 equites
542 2380 780 2443 Romani,
815 2382 903 2443 qui
921 2395 1034 2430 sese
1053 2381 1143 2430 illa

201 2450 314 2512 ipsa
345 2457 492 2498 nocte
517 2449 690 2514 paullo
725 2458 840 2498 ante
873 2450 1036 2500 lucem
1062 2449 1142 2498 Ci-

201 2533 432 2567 ceronem
464 2519 515 2564 in
539 2533 631 2568 suo
651 2517 828 2568 lectulo
849 2518 1143 2568 interfectu-

199 2602 286 2636 ros
307 2585 684 2650 pollicerentur.
719 2587 894 2638 Cicero
915 2602 1007 2650 per
1026 2587 1140 2636 Ful-

197 2656 332 2704 viam
357 2656 422 2704 de
443 2671 502 2706 eo
521 2654 734 2704 consilio
757 2655 940 2706 certior
961 2655 1140 2715 factus,

199 2724 404 2773 domum
447 2739 591 2774 suam
629 2726 906 2774 maioribus
949 2727 1142 2788 praesi-

199 2793 300 2841 diis
330 2793 572 2854 firmavit,
608 2793 824 2842 exclusit
860 2807 978 2854 eos,
1017 2809 1141 2856 quos

200 2861 416 2911 Catilina
448 2862 515 2911 ad
549 2877 662 2911 eum
696 2875 843 2911 mane
871 2862 1140 2911 salutatum

198 2931 431 2986 miserat,
457 2929 603 2980 Catil.
631 2931 657 2979 1
674 2966 689 2990 ‚
715 2930 774 2990 3,
798 2932 828 2979 7
848 2945 960 2994 sqq.
987 2958 1052 2968 -
1077 2935 1138 2982 Α.

201 2999 249 3050 d.
289 2999 378 3051 VI.
416 2999 533 3046 ldus
567 2999 838 3048 Novembr.
876 3008 1052 3049 senatu
1089 3003 1138 3050 in

199 3066 374 3116 aedem
423 3068 558 3117 Iovis
596 3067 809 3118 Statoris
845 3077 1139 3130 convocato,

201 3151 355 3197 quum
387 3137 562 3186 eodem
597 3135 814 3188 Catilina
833 3153 1034 3201 quoque
1053 3154 1140 3188 ve-

199 3205 374 3268 uisset,
388 3205 560 3254 Cicero
571 3205 742 3256 habuit
758 3207 994 3288 primam,
1010 3221 1138 3269 quae

201 3279 391 3336 exstat,
439 3275 711 3324 orationem
757 3276 810 3324 in
853 3269 1028 3325 Catilu
1036 3289 1136 3333 am,

202 3355 300 3400 qua
333 3341 503 3389 omnia
530 3343 642 3391 eius
673 3341 884 3392 consilia
920 3344 1020 3392 sibi
1054 3356 1138 3392 co-

139 3425 142 3431 ·
197 3407 340 3473 gnita
376 3422 488 3458 esse
524 3411 770 3470 ostendit,
820 3426 1034 3474 eumque
1073 3426 1137 3460 ex

197 3477 320 3528 urbe
367 3476 508 3526 exire
559 3491 780 3541 suosque
819 3494 996 3529 omnes
1051 3486 1136 3528 aut

1289 391 1419 435 certe
1440 400 1590 447 quam
1611 383 1859 448 plurimos
1890 385 2105 435 educere
2122 386 2229 436 ius-

1288 456 1371 503 sit.
1410 455 1584 515 Itaque
1615 452 1828 503 Catilina
1860 469 1971 504 cum
1991 456 2247 513 trecentis.

1288 524 1493 573 armatis
1513 523 1749 587 proxima
1766 531 1909 571 nocte
1929 524 1981 571 in
1992 522 2231 573 Malliana

1288 599 1452 642 castra
1472 591 1733 657 profectus
1760 599 1852 643 est.
1874 589 2125 641 Postridie
2147 592 2237 643 Ci-

1288 676 1402 711 cero
1436 661 1711 710 secundam
1738 658 1916 709 habuit
1950 661 2229 709 orationem

1286 732 1337 779 in
1382 730 1642 779 Catilinam
1662 766 1675 788 ,
1729 728 1797 777 ad
1834 727 2081 788 QuiriteS,
2131 744 2231 791 qua

1284 816 1399 849 eum
1416 799 1541 848 urbe
1572 798 1853 849 excessisse
1875 800 2103 860 nunciat,
2135 812 2239 863 po—

1283 868 1503 933 puloque
1524 866 1819 933 gratulatur,
1842 881 1955 916 eum
1978 883 2041 917 ex
2062 867 2230 915 occul-

1282 939 1347 986 tis
1368 938 1569 987 insidiis
1590 938 1637 986 in
1661 944 1890 1001 apertum
1906 935 2230 985 latrocinium

1284 1020 1395 1055 esse
1416 1007 1713 1056 coniectum.
1752 1004 1927 1054 Paullo
1946 1012 2063 1069 post
2082 1020 2229 1053 sena-

1282 1082 1365 1124 tus
1404 1073 1666 1125 Catilinam
1704 1081 1754 1123 et
1788 1072 2015 1122 Mallium
2057 1072 2265 1141 hostes-

1284 1144 1555 1204 iudicavit,
1580 1144 1901 1205 decrevitque
1922 1149 1976 1192 ut
1996 1143 2232 1193 consules

1286 1212 1521 1263 dilectum
1544 1212 1808 1273 haberent,
1830 1210 1893 1259 M.
1915 1210 2096 1262 Cicero
2116 1212 2231 1261 urbi

1281 1287 1567 1345 praeesset,
1612 1280 1665 1329 C.
1703 1280 1951 1330 Antonius
2006 1282 2231 1329 exercitu

1286 1348 1551 1399 Catilinam
1580 1355 1986 1413 persequeretur.
2021 1350 2228 1398 Interim

1283 1433 1435 1480 quum
1468 1417 1678 1478 Murena
1719 1432 1821 1466 cos.
1868 1417 2161 1483 designatus
2200 1432 2232 1467 a

1284 1485 1393 1537 Ser.
1440 1485 1694 1549 Sulpicio,
1750 1486 1816 1535 M.
1869 1484 2085 1547 Catoneg
2134 1484 2225 1535 Cn.

1282 1554 1539 1604 Postumio
1564 1556 1625 1604 de
1648 1555 1841 1604 ambitu
1860 1563 2124 1605 accusatus
2146 1554 2233 1605 es'·

1278 1631 1385 1684 set,
1426 1624 1761 1673 defenderunt
1786 1638 1897 1673 eum
1934 1622 1993 1682 Q.
2014 1624 2231 1689 lssorten-

1282 1693 1415 1753 sius,
1437 1692 1503 1741 Μ.
1528 1690 1757 1752 CrassuS‚
1785 1699 1889 1741 tum
1912 1692 2086 1744 Cicero
2108 1708 2227 1743 con-

1284 1760 1362 1813 sul
1382 1762 1625 1825 oratione,
1649 1776 1777 1825 quae
1798 1768 1873 1811 est
1892 1776 1984 1825 pro
2000 1762 2233 1815 Murena..

1280 1830 1457 1879 Paullo
1487 1840 1603 1894 post
1635 1843 1788 1893 quum
1819 1830 1992 1880 Cicero
2028 1846 2229 1896 compe-

1280 1900 1432 1950 risset
1450 1899 1505 1953 P.
1534 1898 1799 1950 lentulum
1826 1898 2006 1950 Suram
2029 1900 2235 1966 legatos

1278 1969 1611 2034 Allobrogum
1662 1968 1781 2019 belli
1819 1970 2142 2034 Transalpini
2183 1978 2233 2018 et

1279 2036 1526 2086 tumultus
1564 2037 1746 2104 Gallici
1786 2039 2039 2088 excitandi
2075 2053 2231 2089 causa
2291 2042 2297 2047 '

1282 2106 1613 2173 sollicitasse,
1646 2121 1833 2170 cosque
1853 2108 1905 2156 in
1926 2105 2139 2156 Galliam
2162 2109 2231 2158 ad

1282 2190 1401 2226 suos
1423 2177 1559 2226 cives
1576 2213 1590 2240 ,
1618 2177 1895 2239 eodemque
1917 2177 2095 2226 itinere
2115 2192 2232 2226 cum

1282 2245 1465 2294 litteris
1485 2246 1843 2308 mandatisque
1874 2247 1939 2294 ad
1961 2244 2230 2295 Catilinam

1284 2329 1397 2364 esse
1434 2315 1649 2375 missos,
1692 2316 1912 2376 itemque
1948 2316 2014 2364 iis
2046 2316 2229 2366 adiuu-

1282 2390 1417 2431 etum
1448 2399 1559 2432 esse
1588 2382 1906 2432 Vulnrcium
1924 2391 2089 2445 *atque
2108 2382 2229 2434 huic

1283 2452 1427 2501 datas
1471 2466 1585 2501 esse
1619 2451 1684 2499 ad
1712 2449 1978 2500 Catilinam
2017 2452 2228 2514 litteraS,

1282 2519 1457 2569 Cicero
1504 2520 1563 2568 L.
1608 2517 1811 2568 Valerio
1858 2519 2035 2568 Flacco
2086 2527 2135 2570 et
2172 2517 2227 2569 C.

1282 2588 1571 2652 Pomptinio
1591 2587 1912 2653 praetoribus
1942 2589 2231 2653 imperavit,

1284 2663 1337 2704 ut
1358 2655 1551 2721 legatos
1573 2656 1903 2720 Allobrogum
1936 2658 2001 2706 ad
2020 2665 2227 2721 pontem

1280 2724 1527 2774 Mulvium
1565 2724 2065 2790 comprehenderent.
2128 2727 2228 2776 Ita-

1283 2808 1381 2856 que
1414 2809 1459 2842 a.
1494 2795 1546 2844 d.
1570 2795 1659 2844 lV.
1683 2793 1811 2844 Non.
1841 2793 2102 2845 Decembr.
2126 2802 2227 2846 ter-

1279 2864 1351 2912 tia
1371 2863 1477 2912 fere
1498 2863 1675 2928 vigilia
1701 2869 1875 2912 exacta
1896 2899 1912 2923 ‚
1942 2879 2097 2926 quum
2123 2866 2227 2914 iam

1282 2940 1481 2996 pontem
1505 2931 1657 2998 legati
1671 2933 2001 2996 Allobrogum
2023 2934 2227 2996 ingredi

1282 3001 1588 3066 inciperent,
1611 3015 1807 3062 unaque
1826 2998 2146 3063 VulturciuS,
2172 3001 2225 3049 fit

1282 3071 1333 3125 in
1354 3085 1439 3118 eos
1460 3071 1697 3133 impetuS,
1718 3068 1931 3131 litterae,
1956 3083 2227 3130 quaecum-

1281 3146 1537 3201 que-crant
1558 3139 1605 3184 in
1624 3136 1710 3187 illo
1731 3135 1990 3196 comitata,
2011 3137 2231 3202 integris

1280 3206 1462 3270 signis„
1484 3205 1801 3263 praetoribus
1822 3204 2099 3266 traduntur,
2120 3207 2226 3274 ipsr

1280 3272 1583 3338 deprehensi
1604 3274 1671 3323 ad
1688 3271 1945 3322 consulem
1966 3275 2223 3325 deducun-

1277 3349 1375 3392 tur.
1418 3344 1494 3391 ⁴lta
1524 3342 1775 3406 patefacta
1800 3341 1980 3392 horum
2019 3343 2225 3394 indiciis

1276 3411 1648 3472 coniuratione,
1692 3412 1800 3461 eius
1840 3412 2103 3478 principes
2140 3413 2222 3462 Ci-

1276 3493 1389 3530 cero
1410 3481 1475 3530 ad
1494 3495 1549 3528 se
1579 3480 1749 3529 venire
1778 3480 1955 3540 iussit,
1991 3490 2224 3532 senatum
