2500 3850
770 245 877 293 cn.
910 227 1256 295 ponemus
1289 248 1596 298 MAGNUS.
2115 238 2234 299 307

219 402 521 467 cognomine
547 415 929 461 consenescere,
970 416 1012 450 a.
1036 418 1086 451 u.
1104 419 1146 451 c.

218 470 358 533 695.,
390 471 456 520 ad
476 472 582 519 Att.
606 473 654 531 2,
694 468 772 530 13,
791 472 843 521 2.
866 498 930 504 -
952 471 1157 521 Timen-

219 541 336 589 dum
366 554 479 589 esse
508 554 572 587 ne
597 538 681 587 ille
719 538 1155 603 Sampsiceramus

221 609 318 675 {sic
353 609 502 672 quasi
537 606 746 674 regulus
790 609 1155 659 Emesenorum

216 679 305 727 Cn.
379 677 652 742 Pompeius
736 676 1151 743 appellabatur],

216 762 372 809 quum
434 761 489 795 se
550 746 773 795 omnium
836 749 1153 797 sermonibus

214 817 396 864 sentiat
430 816 699 879 vapulare,
738 830 886 865 ruere
923 818 1152 881 incipiat,

213 884 414 933 adAtt.
452 886 622 945 2,14,
665 884 713 933 1.
757 911 825 919 -
860 883 1150 949 Sampsice-

210 968 383 1003 1amus
424 961 691 1018 praeterea
730 960 939 1003 vocatut
986 956 1059 1005 ib.
1098 956 1151 1014 2,

215 1021 900 1084 16,2.1b.2„172.1b
925 1021 1151 1086 2,,233.

209 1120 271 1127 -
321 1092 515 1142 Gnaeus
548 1086 709 1171 φὐσᾷ
730 1105 799 1139 ov
832 1092 1153 1173 σμικροῖσιν

211 1152 503 1217 αὐλίσκοις
558 1153 667 1219 ἔτι,
732 1152 860 1208 αλλ’
928 1152 1153 1243 ἀγρίαις

211 1221 477 1293 vocato-t,
526 1224 798 1295 φορβειας
845 1218 977 1294 ἄτερ
1034 1219 1148 1284 κτὲ.

208 1300 367 1363 lb.2,
407 1298 489 1359 16,
526 1299 577 1347 2.
613 1325 678 1333 --
711 1298 942 1364 Vectigal
968 1300 1153 1349 Roma

208 1368 293 1415 nis
328 1368 382 1415 in
419 1374 584 1416 monte
618 1367 913 1417 Antilibano
966 1370 1153 1418 consti-

210 1437 331 1495 tuit,
374 1437 449 1485 Ib.
513 1462 570 1472 —
630 1436 821 1486 Turbat
862 1436 1152 1501 Sampsice-

210 1520 416 1555 reamus
453 1497 915 1583 ὁμολογουμένως
949 1514 1151 1571 τυραν-

210 1571 347 1625 νίδα
370 1565 781 1637 συσκευάζεται,
820 1576 893 1625 Ib.
920 1576 1149 1638 2,17,1.

206 1671 279 1679 -
318 1642 633 1693 Arabarches
692 1644 886 1695 ironice
942 1651 1151 1694 vocatur

206 1714 289 1763 Ib.
309 1714 360 1775 2,
385 1713 462 1774 17,
486 1711 537 1765 3.
560 1738 629 1749 —
649 1711 782 1770 Quid
802 1714 864 1763 de
882 1713 937 1763 P.
969 1712 1145 1763 Clodio

208 1782 442 1832 adfirmet
476 1782 723 1843 Ciceroni,
754 1784 833 1837 ·Ib.
874 1786 924 1847 2,
968 1784 1050 1847 19,
1092 1786 1144 1833 4.

206 1879 277 1887 -
298 1850 489 1901 Edictis
514 1850 682 1899 Bibuli
716 1852 860 1901 ardet
892 1851 1066 1901 dolore
1099 1859 1148 1901 et

208 1925 283 1970 ira
302 1919 593 1986 Pompeiu8‚
619 1921 692 1970 Ib.
716 1922 765 1986 2,
788 1920 869 1982 19,
892 1923 940 1972 5.
999 1920 1073 1970 lb.
1096 1922 1148 1987 2,

207 1991 295 2049 20,
335 1991 383 2041 1.
421 2017 491 2026 —-
524 1990 799 2056 Pompeius
820 2007 920 2054 quo
952 2006 1007 2040 se
1029 2005 1148 2040 con-

207 2061 339 2108 ferat
388 2060 546 2108 nescit
592 2075 639 2113 a.
691 2075 743 2108 u.
778 2076 823 2109 c.
868 2059 1020 2122 695„
1070 2061 1145 2112 Ib.

205 2131 273 2189 2,
312 2128 411 2190 21,
451 2129 498 2179 3.
539 2158 605 2166 »-
647 2128 771 2176 Cum
815 2127 991 2178 Clodio
1042 2130 1149 2195 egit

206 2197 271 2246 de
311 2195 573 2247 Ciceronis
602 2196 782 2255 salute,
816 2199 889 2247 Ib.
910 2201 963 2259 2,
988 2199 1071 2260 22,
1094 2197 1146 2247 2.

204 2267 281 2315 Ib.
324 2267 406 2327 SS.
446 2264 480 2313 5
519 2272 567 2313 et
604 2264 657 2316 6.
708 2292 779 2302 —-
824 2266 1008 2316 Plenus
1066 2265 1147 2315 Ci-

207 2347 325 2384 cero
366 2340 444 2382 est
486 2335 865 2396 exspectatione
898 2334 961 2382 de
998 2335 1147 2383 Pom-

202 2403 699 2522 {El⁰02t3¹1l¹‹{22¹¹{‘.”u.
706 2403 780 2524 ‘¹3
815 2401 970 2531 333¹?
996 2403 1147 2532 13⁰3?

212 2542 375 2600 14,1.
420 2565 483 2576 -—
523 2539 589 2590 M.
632 2539 815 2590 Bibulo
855 2539 1059 2590 consule
1097 2556 1144 2595 a.

207 2626 259 2661 u.
277 2626 320 2658 c.
335 2609 455 2663 695.
495 2608 623 2658 nihil
643 2624 698 2660 se
722 2609 1145 2674 praetermisisse,

211 2680 332 2742 quin
362 2680 662 2743 Pompeium
696 2695 727 2728 a
761 2678 991 2729 Caesaris
1030 2695 1145 2730 con-

206 2749 465 2798 iunctione
494 2755 745 2801 avocaret.
802 2750 860 2798 In
895 2763 993 2811 quo
1026 2747 1149 2798 Cae-

211 2833 375 2868 sarem
423 2817 702 2867 feliciorem
740 2817 927 2882 fuisse,
977 2819 1147 2883 ipsum

211 2888 341 2936 enim
374 2889 672 2952 Pompeium
714 2901 743 2936 a
776 2886 1031 2937 Ciceronis
1070 2887 1145 2938 fa-

208 2955 498 3006 miliaritate
520 2957 821 3017 diiunxisse,
843 2957 1064 3022 Philipp.
1089 2959 1143 3020 2,

214 3025 311 3083 to,
352 3025 431 3083 23.
476 3046 533 3058 ·-
584 3025 658 3075 De
698 3026 757 3075 L.
797 3026 960 3076 Flavii
996 3041 1144 3092 prae-

208 3095 331 3144 toris
367 3108 521 3144 causa
574 3102 621 3144 et
668 3094 862 3144 scilicet
896 3095 1142 3161 Pompeii,

212 3179 256 3215 a.
300 3179 349 3211 u.
394 3179 438 3216 c.
485 3163 635 3224 695„
674 3163 740 3213 ad
778 3163 833 3222 Q.
874 3164 937 3213 fr.
988 3166 1053 3226 1,
1090 3167 1141 3226 2,

211 3231 258 3283 3.
300 3235 349 3296 5.
380 3233 465 3283 11.
502 3261 571 3270 --
598 3233 687 3282 Cn.
710 3233 983 3298 Pompeius
1007 3235 1144 3283 omni

212 3302 468 3362 cautione,
520 3301 752 3363 foedere,
798 3304 1147 3354 exsecratione

214 3371 437 3420 devinxit
495 3371 549 3424 P.
601 3370 835 3420 Clodium
905 3370 1032 3420 nihil
1092 3372 1146 3419 in

212 3440 465 3490 tribunatu
498 3449 671 3490 contra
703 3438 991 3488 Ciceronem
1032 3453 1145 3488 esse

212 3507 487 3581 facturum,
512 3523 602 3574 pro
647 3507 812 3557 Sestio
845 3509 905 3570 7,
956 3507 1037 3556 15.
1077 3533 1146 3543 -—-

1301 402 1528 453 Ciceroni
1557 411 1606 453 et
1639 418 1772 453 nunc
1803 420 1846 454 a.
1867 404 1970 458 698
2003 412 2049 454 et
2070 404 2240 473 quoad

1298 472 1440 522 licuit
1483 475 1854 533 amicissimuS,
1907 475 1980 523 lb.
2031 474 2122 536 17,
2167 473 2235 524 39

1300 549 1348 590 et
1407 543 1500 604 18,
1552 544 1639 596 41.
1702 570 1770 578 --
1827 541 1917 591 Cn.
1964 542 2236 607 Pompeius

1294 610 1500 661 domum
1537 627 1682 661 suam
1719 611 2014 674 compulsus
2055 627 2084 659 a
2124 610 2236 659 Clo-

1298 680 1413 739 dio,
1454 679 1668 740 Pisone,
1705 678 1949 744 Gabinio,
1993 682 2043 728 in
2064 675 2232 728 Pison.

1295 750 1358 808 7,
1384 748 1464 800 16.
1490 776 1562 785 --
1599 749 1961 813 Depreliensus
2003 756 2079 797 est
2126 762 2238 797 cum

1295 817 1429 866 ferro
1467 818 1532 867 ad
1557 825 1790 867 senatum
1827 832 2004 867 servus
2041 817 2096 865 P.
2122 815 2238 866 Clo-

1297 886 1402 945 dii,
1443 903 1591 949 quem
1627 888 1692 937 ad
1717 885 1805 935 Cn.
1832 886 2129 951 Pompeium
2159 886 2237 935 in-

1293 957 1632 1005 terimendum
1703 955 2002 1005 collocatum
2075 956 2236 1005 fuisse

1294 1026 1555 1073 constabat
1575 1041 1620 1076 a.
1648 1041 1694 1073 u.
1729 1041 1772 1073 c.
1807 1024 1926 1077 696.
1944 1062 1958 1089 ,
1987 1026 2038 1073 in
2061 1026 2234 1073 Pison.

1297 1094 1386 1153 12,
1419 1094 1504 1147 28.
1543 1095 1606 1143 cl.
1637 1108 1730 1159 pro
1764 1094 1952 1143 Milone
1991 1097 2040 1153 7,
2063 1093 2231 1143 18,-

1295 1162 1676 1228 enrompetus,
1693 1178 1844 1226 quam
1860 1162 2232 1215 diuP.Clodius

1293 1234 1525 1282 tribunus
1543 1234 1612 1298 pl.
1636 1232 1756 1290 fuit,
1788 1234 1989 1282 carebat
2007 1232 2230 1297 publico,

1295 1302 1359 1350 de
1386 1301 1599 1365 harusp.
1621 1314 1756 1365 resp.
1780 1300 1876 1361 23,
1895 1300 1982 1351 49.
2045 1300 2120 1353 Ib.
2143 1302 2228 1362 27,

1293 1370 1378 1419 58.
1415 1397 1484 1407 -—
1527 1370 1788 1417 Excitatus
1831 1369 2104 1431 aliquando
2140 1371 2229 1419 Cn.

1292 1439 1525 1502 Pompeii
1567 1438 1778 1485 nimium
1816 1437 1904 1485 diu
1942 1437 2234 1485 reconditus

1294 1509 1450 1555 animi
1493 1505 1639 1555 dolor
1681 1506 1916 1553 subvenit
1963 1505 2131 1553 subito
2161 1508 2234 1553 rei

1254 1576 1553 1641 ‘publicam
1598 1576 1663 1624 de
1706 1574 1854 1623 domo
1895 1588 1988 1623 sua
2034 1572 2138 1631 10‚·
2165 1574 2232 1623 25

1291 1660 1403 1708 sqq.
1448 1644 1838 1707 —Pompeium
1885 1642 2234 1692 simulatorem

1289 1712 1456 1763 videri
1481 1728 1526 1762 a.
1549 1728 1602 1765 u.
1627 1729 1672 1761 c.
1697 1711 1839 1774 696,
1860 1712 1994 1771 adQ.
2021 1712 2082 1763 fr.
2112 1712 2158 1771 l,
2181 1711 2230 1771 3,
2252 1726 2256 1730 “

1285 1782 1337 1833 9.
1386 1810 1455 1819 --
1509 1779 1688 1831 Subita
1735 1782 1950 1831 defectio
1983 1782 2230 1845 Pompeii,

1283 1853 1360 1902 Ib.
1401 1853 1462 1913 1,
1505 1852 1566 1910 4,
1616 1852 1667 1900 4.
1705 1876 1776 1887 —-
1805 1852 1868 1899 A.
1911 1866 1963 1900 u.
2003 1866 2048 1898 c.
2087 1849 2232 1915 696„

1288 1921 1414 1972 certi
1454 1920 1687 1970 homines
1719 1935 1819 1970 non
1851 1920 2075 1974 studium
2119 1921 2230 1969 eius

1289 2008 1318 2040 a
1348 1990 1589 2039 Cicerone
1617 1989 1926 2052 alienarunt,
1965 1990 2056 2037 sed
2082 1990 2229 2036 auxi-

1289 2061 1416 2108 lium
1459 2058 1806 2122 retardarunt,
1849 2059 1900 2106 in
1937 2058 2107 2108 Pison.
2143 2055 2230 2117 31,

1290 2129 1358 2180 76
1407 2143 1520 2190 sqq.
1578 2155 1636 2164 --
1687 2126 1772 2177 Cn.
1817 2127 2090 2191 Pompeius
2133 2141 2233 2189 quo

1289 2198 1440 2248 modo
1479 2197 1732 2247 Ciceronis
1783 2196 1977 2246 exsulis
2024 2211 2232 2246 causam

1287 2268 1603 2332 susceperit,
1631 2281 1722 2332 pro
1747 2266 1911 2316 Sestio
1931 2265 1994 2316 31
2012 2303 2024 2327 ,
2055 2265 2142 2318 67.
2165 2293 2231 2302 -

1285 2337 1494 2386 Insidiis
1531 2337 1721 2401 petitus
1757 2350 1786 2384 a
1819 2334 2079 2384 Clodianis
2100 2371 2114 2394 ,
2153 2335 2230 2383 Ib.

1288 2405 1383 2466 32,
1423 2404 1508 2458 69.
1559 2431 1626 2440 --
1664 2403 1976 2453 Sententiam
2007 2403 2138 2450 dixit
2179 2404 2233 2450 in

1289 2482 1467 2524 senatu
1515 2474 1580 2523 de
1628 2473 1916 2522 revocando
1969 2470 2228 2530 Cicerone,

1287 2544 1360 2592 lb.
1383 2543 1464 2597 34,
1486 2544 1648 2593 74.—
1664 2539 1738 2590 Ob
1763 2539 1992 2588 eamdem
2011 2553 2115 2587 rem
2140 2553 2233 2603 po-

1286 2613 1408 2677 pulo
1441 2612 1588 2663 Rom.
1612 2610 1828 2675 supplex
1859 2608 1985 2670 fuit,
2023 2621 2116 2672 pro
2138 2606 2232 2657 Se-

1289 2683 1386 2732 stio
1416 2679 1500 2742 50,
1543 2679 1661 2731 107.
1688 2706 1755 2714 -
1787 2679 1862 2728 De
1902 2686 2105 2728 senatus
2141 2679 2230 2727 de-

1289 2757 1424 2800 creto
1482 2749 1571 2799 Cn.
1612 2748 1856 2814 Pompeio
1911 2755 2116 2798 auctore
2180 2758 2228 2798 et

1293 2820 1402 2870 eius
1429 2819 1710 2869 sentcntiae
1739 2820 1974 2884 principe
2003 2819 2066 2870 de
2089 2817 2229 2867 Cice-

1288 2903 1409 2940 rone
1428 2889 1740 2939 restituendo
1775 2889 1910 2939 sacto
1929 2925 1944 2953 ,
1985 2889 2037 2936 in
2057 2887 2228 2936 Pison.

1289 2958 1373 3019 15,
1405 2955 1490 3011 35.
1513 2987 1579 2995 —
1599 2960 1676 3007 De
1700 2957 1912 3020 reliquis
1943 2958 2052 3004 eius
2075 2957 2228 3002 meri·-

1287 3028 1352 3076 tis
1400 3027 1452 3076 in
1482 3027 1799 3077 restituendo
1831 3025 2102 3077 Cicerone,
2150 3023 2226 3070 Ib.

1288 3096 1371 3160 32,
1389 3095 1474 3147 80.
1501 3111 1594 3161 pro
1609 3095 1799 3143 Milone
1815 3095 1897 3153 15,
1914 3089 2000 3142 39.
2017 3089 2226 3139 -Non.

1289 3165 1412 3228 Apr.
1464 3180 1511 3217 a.
1556 3180 1609 3214 u.
1652 3179 1698 3211 c.
1745 3169 1956 3210 senatus
1993 3158 2225 3208 consulto

1287 3234 1530 3296 Pompeio
1563 3231 1781 3294 pecunia
1806 3230 2005 3278 decreta
2035 3229 2086 3275 in
2121 3241 2228 3275 iem

1288 3301 1667 3350 frumentariam
1703 3299 1768 3347 ad
1798 3296 1896 3348 HS.
1921 3295 2126 3356 CCCC„
2163 3295 2230 3343 ad

1287 3369 1346 3428 Q.
1370 3369 1434 3418 fr.
1461 3371 1512 3429 2,
1534 3365 1656 3427 5,1.
1678 3361 2228 3431 -CarpebaturaBi-

1283 3437 1420 3498 bulo,
1460 3435 1694 3494 Curione,
1737 3435 1976 3494 Favonio,
2010 3431 2225 3481 Servilio

1287 3507 1392 3556 filio
1415 3523 1459 3560 a.
1484 3524 1533 3557 u.
1561 3522 1604 3558 c.
1628 3505 1771 3560 698„
1791 3505 1856 3553 ad
1873 3501 1928 3560 Q.
1955 3502 2017 3553 fr.
2041 3498 2159 3566 2,3,
2173 3501 2224 3548 2.

1713 3573 1822 3623 20*
