2500 3850
279 174 406 235 400

347 356 396 391 a.
427 355 477 389 u.
509 355 552 391 c.
587 338 739 399 710.,
779 340 842 387 ad
866 338 986 392 fam.
1016 340 1106 401 12,
1141 340 1198 399 5,
1230 342 1280 389 2.

347 435 413 445 -
433 408 782 472 Transpadani
814 407 961 456 alarii
995 416 1112 457 sunt
1145 408 1286 469 eqni-

346 486 422 526 tes
465 477 718 525 auxiliarii
751 485 888 527 trans
928 478 1122 527 Padum
1153 477 1285 537 lecti,

347 546 530 608 quibus
573 544 746 597 Cicero
793 560 850 595 se
894 547 970 594 uti
1017 552 1289 611 negaverat

345 615 399 663 in
429 614 558 662 bello
579 624 752 663 contra
772 614 1007 677 ParthoS,
1046 615 1183 677 quod
1210 615 1290 662 in·

348 690 481 733 stare
501 684 788 747 putabatur,
821 684 885 732 ad
909 683 1032 732 fam.
1053 684 1106 744 2,
1135 683 1216 744 17,
1237 683 1286 731 7.

274 748 645 801 Trasimenus
665 752 805 800 lacus
826 754 878 800 in
901 752 1106 800 Etruria
1124 766 1287 816 prope

345 821 606 869 Perusiam
621 857 637 882 ,
659 820 812 870 hodie
832 824 948 885 layo
969 821 1024 870 di
1039 822 1281 885 Peruqia.

345 889 428 938 Ad
481 904 594 938 eum
646 890 777 939 bello
826 890 1015 940 Punico
1063 892 1285 939 secundo

349 959 603 1007 exercitus
621 958 798 1023 populi
821 958 968 1012 Rom.
993 961 1198 1020 interiit,
1221 960 1285 1007 de

348 1042 399 1073 n.
429 1028 477 1075 d.
505 1027 555 1085 2,
586 1024 638 1087 3,
664 1026 712 1077 8.
757 1026 820 1076 de
854 1028 1010 1076 divin.
1037 1028 1086 1087 2,
1111 1027 1161 1087 8,
1194 1027 1281 1077 21.

273 1091 596 1156 Tratorius,
620 1093 678 1152 Q.
708 1094 962 1144 Cornificii
991 1095 1280 1155 familiariS,

347 1179 392 1210 a.
419 1178 468 1214 u.
492 1177 534 1209 c.
559 1162 698 1224 710.,
733 1164 799 1211 ad
831 1163 951 1211 fam.
977 1164 1071 1225 12,
1101 1163 1198 1225 23,
1231 1165 1281 1213 1.

347 1232 419 1279 lb.
447 1230 530 1289 12,
551 1230 635 1291 30,
663 1231 710 1279 5.

277 1299 344 1349 C.
371 1296 678 1349 Trebatius
705 1298 902 1359 Testa,
931 1307 1109 1365 postea
1126 1301 1285 1349 tribn-

345 1384 440 1417 nus
459 1367 531 1433 pl.
557 1382 603 1419 a.
638 1382 690 1415 n.
714 1385 758 1421 c.
783 1367 902 1420 707.
936 1371 1062 1420 iuris
1081 1369 1284 1418 consul-

345 1448 427 1487 tus
448 1438 676 1486 fortunas
715 1438 766 1487 in
789 1438 954 1489 Gallia
983 1454 1172 1504 augere
1192 1454 1286 1504 pcr

345 1505 611 1556 Caesarem
663 1509 990 1557 constituerat
1031 1524 1078 1558 a.
1135 1524 1187 1557 ιι.
1237 1524 1282 1557 c.

348 1574 469 1626 700.
516 1591 545 1625 a
587 1573 825 1625 Cicerone
865 1575 1068 1626 Caesari
1117 1576 1285 1626 ffierat

345 1644 753 1707 commendatus,
781 1646 848 1694 ad
878 1644 999 1694 fam.
1041 1647 1100 1706 7,
1141 1645 1192 1695 5.
1215 1672 1283 1683 --

342 1712 612 1776 Epicurius
632 1712 705 1761 ibi
723 1711 887 1763 factus
904 1751 917 1773 ‚
953 1715 1026 1762 Ib.
1050 1714 1098 1774 7,
1121 1714 1203 1774 12,
1231 1715 1282 1765 1.

345 1806 415 1817 -
433 1780 720 1830 Frustratus
751 1796 845 1847 spe
866 1797 974 1843 sua,
1007 1782 1076 1832 lb.
1102 1784 1150 1842 7,
1164 1782 1277 1843 7,2.

345 1851 418 1899 lb.
444 1851 493 1910 7,
516 1849 598 1911 17,
614 1850 660 1899 1.
690 1850 764 1900 Ib.
781 1852 830 1913 7,
852 1850 901 1913 8,
931 1852 977 1901 1.
996 1873 1058 1887 -—-
1081 1851 1284 1915 Episto-

344 1918 424 1968 lae
445 1920 584 1984 ipsae
604 1920 743 1980 salis,
759 1920 948 1986 leporis
962 1919 1285 1970 facetiarum-

344 2004 442 2052 que
482 1989 692 2054 plenae,
745 1990 949 2052 ordine,
989 2005 1088 2053 quo
1125 1990 1282 2056 vulgo

343 2058 474 2106 inter
513 2071 569 2106 se
609 2059 902 2124 excipiunt,
941 2059 1280 2123 perturbatae,

341 2125 440 2175 hoc
461 2126 640 2175 ordine
657 2135 774 2176 sunt
794 2128 1068 2192 legendae:
1091 2143 1137 2176 a.
1153 2144 1204 2176 u.
1231 2144 1279 2175 c.

343 2191 499 2247 700.:
560 2192 614 2245 6.
650 2195 700 2244 7.
747 2195 797 2245 8.
841 2197 924 2244 17.
964 2195 1015 2245 9.
1057 2195 1278 2256 10.‚16.

343 2276 388 2312 a.
413 2277 461 2309 ιι.
486 2276 529 2310 c.
552 2261 700 2312 701.:
729 2263 952 2314 11-13,
976 2263 1058 2315 15.
1086 2264 1170 2315 18.
1194 2264 1276 2313 14.

343 2345 391 2379 a.
431 2345 484 2384 u.
515 2345 558 2379 c.
601 2329 748 2382 710.:
790 2331 874 2382 19.
909 2331 993 2384 20.
1035 2333 1119 2382 21.
1162 2333 1283 2382 anni

345 2399 550 2450 incerti:
588 2401 672 2452 22.
710 2429 776 2438 --
804 2401 1096 2452 Trebatium
1144 2403 1282 2465 quod

339 2469 407 2518 ad
433 2484 489 2518 se
519 2470 734 2532 miserit,
771 2472 1001 2536 persalse
1030 2476 1080 2521 et
1104 2471 1281 2520 huma-

341 2539 472 2587 niter
502 2539 654 2588 etiam
690 2540 880 2605 gratias
918 2540 1149 2592 Ciceroni
1176 2541 1281 2604 agit

343 2606 556 2666 Caesar,
601 2607 667 2656 ad
690 2609 747 2666 Q.
771 2608 834 2658 fr.
853 2610 906 2671 2,
940 2610 1001 2660 11
1037 2607 1183 2672 (15),
1225 2607 1275 2657 3.

339 2673 411 2722 lb.
446 2674 496 2734 3,
539 2675 588 2735 1,
632 2674 682 2724 3.
721 2679 770 2738 S.
805 2676 860 2728 9.
903 2703 970 2714 -
1012 2677 1279 2726 Trebatius

339 2741 492 2788 homo
521 2742 702 2805 plenus
724 2743 897 2804 officii,
933 2744 1204 2795 familiaris
1223 2745 1275 2794 G.

341 2808 580 2868 Marii,1id
595 2810 717 2862 fam.
738 2812 816 2866 11,
831 2813 914 2873 27,
930 2812 979 2864 1.
1001 2815 1076 2866 Ib.
1095 2814 1276 2876 11,28‚

342 2876 395 2930 8.
417 2877 494 2925 Ib.
517 2878 578 2937 4,
604 2876 651 2940 l,
683 2878 728 2930 l.
761 2907 830 2916 -
855 2880 937 2929 Ad
955 2897 1070 2930 eum
1089 2881 1279 2948 Topica

341 2945 516 2996 scribit
534 2943 725 3011 Cicero,
756 2951 910 3014 topic.
944 2951 990 3012 1,
1027 2951 1074 3000 1.
1113 2951 1173 3004 cl.
1204 2952 1273 3001 ib.

345 3015 424 3076 19,
453 3016 538 3068 72.
568 3017 918 3068 —Trebatius
951 3021 1125 3070 scribit
1163 3036 1219 3070 se
1245 3037 1277 3070 a

342 3083 557 3134 Caesare
578 3085 669 3139 IX.
701 3089 811 3138 Kal.
835 3089 974 3138 Febr.
1011 3088 1168 3155 (705)
1193 3105 1274 3139 ro·

338 3159 512 3217 gatum
530 3169 644 3204 esse
657 3193 673 3221 ,
705 3165 762 3208 ut
783 3157 1025 3208 scriberet
1046 3159 1112 3208 ad
1133 3159 1276 3210 Cice-

339 3235 542 3283 ronem,
594 3233 652 3274 ut
689 3235 824 3277 esset
858 3228 924 3278 ad
961 3229 1170 3292 urbem,
1207 3229 1274 3278 ad

337 3289 443 3339 Att.
464 3292 514 3354 7,
545 3290 626 3357 17,
646 3294 696 3346 3.
724 3323 794 3332 —
810 3295 1032 3346 Trebatii
1063 3305 1112 3347 et
1132 3296 1276 3346 Marii

338 3358 556 3418 epistola
585 3363 650 3411 ad
671 3363 797 3424 Cic„
820 3365 884 3414 ad
903 3364 1007 3416 Att.
1023 3363 1074 3425 9,
1100 3365 1180 3414 15.
1205 3365 1270 3414 A.

339 3423 407 3472 Of·
441 3427 508 3473 ib·
535 3426 586 3497 (ι),
620 3431 702 3492 17,
732 3431 778 3482 1.
803 3460 868 3468 -
898 3433 1164 3482 Trebatius
1183 3431 1273 3480 bo-

742 184 1175 232 TRASIMENUS
1205 184 1369 231 ——0.
1399 184 1788 231 TREBONIUS
1817 183 1877 231 C.
1908 184 1972 232 F.

1425 355 1521 389 nus
1540 342 1617 389 vir
1643 346 1689 387 et
1710 340 1867 397 civis,
1906 338 1981 387 Ib.
2008 337 2099 399 10,
2123 338 2148 388 1
2174 375 2189 399 ,
2216 337 2270 389 3.
2317 364 2383 377 -

1424 410 1519 457 Vir
1538 408 1689 473 plane
1713 418 1761 457 et
1791 408 1919 456 civis
1946 408 2105 456 bouus
2126 444 2142 471 ,
2184 409 2265 457 Ib.
2296 408 2380 467 10,

1430 478 1510 537 ll,
1536 479 1585 526 4.
1627 478 1699 526 lb.
1728 474 1807 540 13,
1828 476 1913 540 23,
1936 475 1985 525 3.
2013 501 2079 511 —-
2099 476 2380 525 Trebatius

1428 546 1552 594 nihil
1586 548 1711 595 bene
1746 552 1917 610 sperat
1948 545 2010 594 de
2050 545 2185 593 bello
2240 546 2379 593 civili

1432 631 1476 664 a.
1503 630 1552 663 u.
1576 630 1622 667 c.
1648 614 1785 673 705„
1828 615 1893 663 ad
1912 614 2016 663 Att.
2040 612 2091 673 9,
2112 612 2163 673 9,
2187 615 2243 661 4.
2302 616 2375 664 lb.

1434 684 1515 738 11,
1537 682 1588 740 8,
1615 684 1661 735 1.
1702 683 1768 731 ad
1791 683 1907 731 fam.
1933 680 2015 739 14,
2041 682 2123 733 17.

1359 748 1698 801 Trebianus.
1734 755 1793 800 V.
1820 748 2158 800 Trebonius.

1357 818 1419 869 L.
1459 816 1815 884 Trebellius,
1866 819 2071 868 Antonii
2110 819 2372 879 adsecula,

1424 888 1576 940 homo
1598 890 1850 954 perditus,
1878 888 2099 953 Philipp.
2123 888 2175 951 6,
2197 889 2231 936 4
2247 924 2261 947 ,
2291 890 2371 939 11.

1424 959 1585 1007 —1b.
1614 956 1692 1021 10,
1721 958 1799 1016 10,
1820 958 2073 1011 22.-1b.
2102 957 2186 1017 11,
2208 956 2263 1019 6,
2294 960 2370 1007 14.

1426 1028 1497 1075 lb.
1526 1027 1606 1089 12,
1627 1026 1678 1089 8,
1700 1028 1783 1075 20.
1822 1028 1893 1073 lb.
1923 1025 2002 1085 13,
2024 1026 2071 1088 2,
2094 1027 2155 1089 2..
2184 1027 2260 1078 ιι).
2290 1026 2369 1087 13,

1428 1096 1508 1154 12,
1537 1094 1621 1143 26.
1645 1122 1711 1131 —
1732 1095 1794 1143 D.
1819 1094 1997 1143 Brutus
2030 1095 2095 1143 ad
2126 1094 2254 1145 fam.
2291 1095 2370 1152 11,

1352 1230 1428 1280 Μ.
1454 1229 1777 1281 Trebellius
1812 1230 1932 1281 Sex.
1954 1230 2132 1281 Naevii
2156 1234 2369 1291 amicus,

1422 1314 1513 1364 pro
1536 1301 1732 1359 Qttiuct.
1764 1301 1814 1360 5,
1842 1301 1927 1351 21.

1354 1366 1693 1431 Trebonius,
1714 1370 1781 1418 ad
1800 1368 1922 1418 fam.
1946 1368 2000 1420 6.
2021 1384 2102 1433 ep.
2125 1369 2190 1419 10
2212 1377 2263 1419 et
2284 1371 2366 1422 11.

1353 1436 1418 1487 Α.
1448 1435 1800 1501 Trebonius,
1836 1438 2003 1487 Publii
2040 1438 2225 1497 frater,
2258 1452 2363 1502 pro·

1423 1508 1659 1571 scripturi,
1676 1506 1820 1555 Verr.
1846 1514 2067 1560 accusat.
2082 1506 2130 1570 1,
2142 1508 2231 1567 47,
2251 1507 2365 1559 123.

1352 1574 1417 1626 Δ.
1442 1572 1764 1625 Trebonius
1780 1611 1797 1640 ,
1822 1590 1978 1638 eques
2004 1576 2146 1625 Rom.
2168 1613 2182 1635 ,
2209 1590 2369 1641 nego-

1420 1646 1591 1695 tiator.
1651 1645 1779 1695 Eum
1828 1645 2003 1695 Cicero
2049 1644 2103 1693 P.
2149 1644 2368 1693 Lentulo

1423 1712 1680 1779 Spintheri
1733 1714 2073 1773 commendat,
2124 1713 2192 1762 ad
2240 1712 2363 1765 fam.

1358 1848 1419 1899 G.
1444 1848 1795 1915 Trebonius,
1830 1858 1973 1915 pater
1992 1851 2100 1901 Caii
2129 1850 2366 1898 Trebonii

1423 1922 1709 1984 sequentis,
1760 1920 1886 1970 civis
1942 1920 2243 1984 acerrimus»,
2301 1918 2364 1968 ad

1422 1988 1543 2038 fam.
1582 1989 1647 2039 10
1665 2024 1680 2050 ,
1724 1989 1818 2051 28,
1860 1989 1906 2038 1.
1947 2016 2016 2024 -
2056 1988 2362 2052 splendidus

1422 2073 1577 2120 eques
1599 2059 1740 2106 Rom.
1757 2094 1772 2121 ,
1798 2057 2023 2123 Philipp.
2052 2057 2117 2108 13
2134 2094 2147 2116 ,
2172 2056 2254 2116 10,
2275 2056 2356 2107 23.

1356 2125 1420 2175 (2.
1449 2124 1769 2176 Trebonius
1794 2124 1856 2175 C.
1878 2123 1942 2179 F.
1968 2154 2033 2162 —-
2050 2126 2259 2174 Amicus
2281 2125 2361 2175 Oi-

1421 2197 1618 2246 ceronis
1632 2234 1647 2260 ‚
1677 2197 1763 2258 qui
1783 2210 1896 2245 eum
1916 2195 2235 2244 contionibus
2254 2196 2360 2243 suis

1422 2264 1678 2326 defendit,
1710 2279 1757 2313 a.
1793 2280 1845 2312 u.
1884 2278 1931 2313 c.
1961 2263 2111 2322 694„
2149 2264 2217 2312 ad
2243 2263 2357 2312 fam.

1422 2333 1504 2394 15,
1525 2335 1611 2398 21,
1630 2334 1683 2382 2.
1704 2359 1772 2370 -
1792 2333 1983 2396 Legem
2004 2331 2189 2382 tulitin
2207 2333 2359 2380 tribu-

1421 2413 1541 2451 natu
1572 2418 1618 2455 a.
1652 2418 1701 2451 ιι.
1742 2419 1787 2456 c.
1827 2399 1944 2453 699.
1989 2403 2052 2452 de
2086 2401 2357 2466 provinciis

1422 2471 1801 2534 consularibus,
1833 2470 1900 2518 ad
1918 2470 2021 2522 Att.
2057 2471 2121 2530 4,
2156 2469 2206 2520 8.
2228 2470 2277 2519 b.
2305 2471 2352 2520 2.

1422 2566 1485 2576 -
1518 2539 1691 2590 Cicero
1722 2539 2028 2588 Trebonium
2052 2553 2203 2588 suum
2242 2553 2271 2586 a
2298 2538 2353 2596 Q.
2440 2595 2455 2604 ο

1421 2609 1576 2659 fratre
1604 2609 1763 2658 amari
1795 2623 2011 2670 eumque
2038 2609 2101 2658 ab
2137 2607 2227 2659 illo
2248 2622 2356 2670 per-

1420 2678 1633 2742 gaudet‚
1653 2678 1721 2727 ad
1744 2676 1803 2735 Q.
1829 2676 1890 2728 fr.
1912 2676 1944 2728 3
1961 2714 1976 2737 ,
2002 2677 2049 2738 1,
2068 2675 2119 2727 3.
2140 2678 2191 2740 §-
2216 2674 2264 2726 9.
2288 2701 2350 2710 —-

1417 2748 1573 2796 Fama
1602 2746 1698 2796 fuit
1730 2745 2000 2796 Afranium
2026 2748 2079 2795 in
2105 2744 2353 2810 Pyrenaeo

1418 2831 1533 2866 cum
1553 2814 1805 2865 Trebonio
1834 2829 2122 2881 pugnasse,
2153 2812 2355 2878 pulsum

1418 2884 1722 2935 Trebonium
1739 2921 1753 2945 ,
1775 2899 1824 2938 a.
1846 2899 1897 2936 u.
1920 2899 1965 2937 c.
1988 2883 2105 2934 705.
2129 2919 2143 2943 ,
2164 2882 2230 2930 ad
2250 2881 2349 2933 Att.

1415 2953 1475 3017 8,
1512 2951 1574 3018 3,
1604 2953 1655 3004 7.
1684 2979 1753 2990 -
1779 2951 2044 3018 Significat
2078 2951 2251 3002 Cicero
2280 2964 2349 3013 se,

1416 3020 1667 3084 quidquid
1684 3021 1880 3082 fecerit,
1901 3022 1965 3072 de
1983 3019 2219 3070 Trebonii
2239 3031 2347 3070 sen-

1414 3091 1572 3139 tentia
1590 3091 1774 3142 fecisse
1792 3105 1839 3140 a.
1859 3107 1914 3141 u.
1934 3106 1979 3142 c.
2000 3087 2117 3139 706.
2130 3122 2145 3150 ,
2167 3087 2239 3139 lb.
2264 3085 2347 3146 11,

1413 3158 1465 3219 6,
1486 3157 1535 3208 3.
1552 3160 1695 3209 -Μ.
1718 3160 1967 3210 Antonius
1984 3157 2218 3208 Narbone
2235 3168 2348 3205 con-

1414 3227 1586 3276 silium
1618 3227 1949 3279 interficiendi
1980 3227 2211 3280 Caesaris
2240 3239 2345 3274 cum

1414 3295 1469 3350 G.
1501 3297 1752 3347 Trebonio
1772 3298 1970 3362 cepisse
2003 3297 2186 3346 dicitur
2214 3301 2261 3344 et
2285 3294 2343 3343 ob

1414 3365 1523 3413 eins
1543 3366 1743 3414 consilii
1769 3367 2080 3422 societatem,
2105 3379 2254 3427 quum
2274 3364 2344 3411 in-

1412 3431 1717 3483 terficeretur
1736 3433 1941 3495 Caesar,
1964 3449 1993 3483 a
2006 3433 2251 3483 Trebonio
2270 3445 2343 3482 se-
