2500 3850
849 140 909 189 ο.
941 142 1172 191 muns
1201 143 1486 192 CAESAR.
2104 131 2218 194 187

191 298 366 348 tinius
396 312 549 362 saepe
579 299 843 363 increpuit,
866 313 1021 361 quum
1053 299 1143 347 ad-

190 366 455 429 firmaret,
485 367 627 416 illum
673 381 947 430 numquam
970 403 983 427 ,
1024 367 1142 416 dum

191 437 525 499 optimatium
570 437 707 485 natio
743 437 967 495 viveret,
1029 437 1144 486 sine

191 519 328 554 cura
372 503 597 554 futurum
619 540 635 565 ,
700 519 789 568 pro
838 503 1003 556 Sestio
1056 504 1142 564 63,

194 573 327 623 132.
354 597 424 608 -—-
449 571 573 622 Eius
600 573 686 623 lex
713 575 777 624 de
804 574 1037 638 pecuniis
1065 589 1143 622 re-

190 642 470 708 petundis,
505 643 579 695 lb.
607 642 706 704 64,
750 643 869 694 135.
904 643 965 694 V.
996 639 1145 692 Iulia

193 711 309 760 leX.
333 735 403 746 --
432 711 617 760 Caesar
634 713 813 761 consul
835 713 891 762 id
911 711 1145 777 publica-

192 781 278 828 nis
307 795 400 844 per
424 781 671 845 populum
699 781 855 845 dedit,
898 782 1033 844 quod
1053 795 1145 845 per

190 857 461 907 senatum,
508 852 551 898 si
585 849 848 911 licuisset,
898 850 1142 908 dedisset,

190 934 295 982 pro
325 915 528 968 Plancio
561 918 651 976 14,
689 917 775 970 35.
802 943 873 954 -—
912 917 1143 969 Caesaris

189 987 343 1052 leges
371 987 545 1036 iubent
572 987 637 1047 ei,
680 988 769 1049 qui
797 987 861 1036 de
888 988 969 1048 vi,
999 989 1141 1038 item-

191 1071 301 1118 que
330 1057 403 1118 ei,
442 1057 528 1118 qui
559 1056 837 1106 maiestatis
868 1056 1138 1106 damnatus

191 1126 292 1186 sit,
336 1138 467 1186 aqua
498 1132 547 1174 et
582 1125 691 1189 igni
719 1125 984 1186 interdici,
1021 1124 1139 1174 Phi-

189 1194 329 1257 lipp.
365 1193 414 1252 1,
443 1191 492 1253 9,
522 1192 605 1247 23.
647 1222 719 1234 —-
750 1193 950 1243 Bellum
979 1193 1138 1244 Galli-

190 1277 319 1312 cum
359 1261 415 1314 C.
457 1260 673 1312 Caesare
711 1264 1013 1327 imperatore
1050 1278 1139 1328 ge-

191 1337 333 1382 stum
380 1340 455 1380 est
475 1368 492 1392 ,
540 1337 688 1381 antea
742 1339 934 1381 tantum
964 1332 1136 1382 ‘modo

188 1399 476 1466 repulsum,
504 1400 568 1450 de
590 1415 737 1466 prov,
769 1416 911 1454 cons.
943 1399 1027 1460 13,
1056 1398 1161 1450 32..

193 1470 265 1521 cl.
310 1470 379 1521 ib.
430 1471 478 1532 S.
514 1468 597 1522 33.
654 1495 723 1506 -—-
779 1470 832 1519 C.
872 1470 1139 1519 Caesarem

190 1546 409 1588 senatus
431 1544 480 1588 et
506 1553 691 1604 genere
707 1539 1137 1604 supplicationum

190 1607 519 1671 amplissimo
575 1609 772 1657 ornavit
826 1615 877 1658 et
928 1621 1137 1658 numero

193 1678 400 1728 dierum
433 1690 593 1726 novo:
628 1677 763 1726 idem
803 1679 855 1726 in
882 1677 1136 1742 angustiis

188 1745 385 1796 aerarii
424 1746 668 1796 victorem
722 1747 998 1796 exercitum
1046 1746 1139 1796 sti-

188 1815 389 1880 pendio
412 1813 619 1874 adfecit,
644 1816 935 1879 imperatori
964 1817 1139 1866 decem

191 1885 396 1950 legatos
416 1884 659 1945 decrevit,
696 1884 811 1950 lege
838 1883 1140 1951 Sempronia

191 1954 578 2004 succedendum
608 1968 708 2003 non
736 1955 947 2016 censuit,
982 1968 1138 2017 quum

128 2025 134 2031 '
192 2038 385 2073 earum·
412 2023 775 2074 sententiarum
813 2032 861 2074 et
897 2024 1137 2087 princeps

192 2101 245 2142 et
283 2098 462 2141 auctor
508 2100 642 2141 esset
681 2091 858 2143 Cicero
898 2107 943 2140 a.
994 2108 1044 2141 u.
1088 2107 1133 2141 c.

190 2160 342 2220 698„
380 2175 473 2223 pro
516 2160 677 2210 Balbo
708 2163 803 2223 27,
844 2160 925 2211 61.
973 2160 1035 2209 cl.
1068 2160 1136 2209 ad

192 2231 319 2281 fam.
367 2230 427 2291 1,
457 2230 519 2291 7,
552 2230 657 2280 10..
706 2232 769 2279 de
799 2243 945 2294 prov.
990 2243 1132 2280 cons,

192 2301 243 2359 7,
286 2300 349 2348 17
394 2312 507 2359 sqq.
591 2298 667 2347 De
708 2299 763 2350 C.
808 2298 1041 2349 Caesaris
1092 2303 1141 2346 et

194 2367 263 2416 M.
309 2365 567 2415 Ciceronis
607 2367 825 2418 discidio
866 2374 917 2415 et
964 2380 1140 2416 recon-

190 2434 371 2484 ciliata
418 2436 611 2499 gratia,
651 2438 723 2487 lb.
751 2435 803 2495 9,
832 2434 899 2486 23
925 2449 1037 2497 sqq.
1078 2435 1141 2483 de

194 2518 345 2569 prov,
378 2517 517 2554 cons.
542 2518 657 2567 cap.
689 2506 752 2555 17
766 2504 1138 2567 sqq.—··Quum

191 2580 404 2637 propter
430 2586 633 2622 causam
653 2573 961 2638 Campanam
982 2573 1141 2620 iratus

192 2648 331 2690 esset
374 2639 631 2701 Ciceroni,
674 2642 1015 2691 intercedente
1047 2640 1135 2689 Cn.

192 2710 439 2773 Pompeio
468 2711 514 2759 ei
548 2711 901 2761 reconciliatus
929 2717 1034 2770 est,
1071 2709 1139 2758 ad

194 2779 321 2827 fam.
363 2778 420 2841 1,
451 2778 513 2838 9,
554 2777 607 2828 9.
652 2780 714 2831 cl.
748 2780 821 2829 ib.
864 2781 913 2843 S.
946 2777 1029 2831 18.
1069 2804 1139 2815 --

194 2846 383 2896 Caesar
441 2847 609 2897 fautor
670 2849 768 2899 fuit
836 2847 891 2900 C.
943 2847 1139 2896 Rabirii

190 2916 456 2977 Postumi,
516 2931 609 2981 pro
665 2917 793 2967 Rab.
848 2917 984 2967 Post.
1052 2916 1135 2980 15,

190 2986 262 3035 42
296 3000 411 3047 sqq.
461 3012 519 3021 -
572 2984 759 3035 Caesar
784 2985 1023 3050 perfecit,
1062 2990 1135 3044 ut,

190 3054 413 3105 victoria
439 3067 534 3103 sua
559 3056 814 3117 rebusque
852 3055 1012 3119 gestis
1038 3054 1137 3103 Ita-

192 3122 317 3171 liam
340 3123 583 3171 munitam
610 3124 915 3173 haberemus
942 3138 990 3176 a.
1013 3138 1063 3173 u.
1086 3138 1131 3172 c.

192 3190 339 3251 699„
362 3192 414 3239 in
435 3192 607 3244 Pison.
633 3192 717 3257 33,
740 3192 825 3243 82.
854 3220 921 3229 --
950 3191 1135 3243 Caesar

191 3259 249 3309 C.
292 3258 479 3309 Alfium
513 3262 841 3324 praeteritum
882 3262 934 3309 in
982 3274 1133 3325 prae-

191 3337 307 3377 tura
366 3330 587 3393 petenda
637 3328 941 3395 permoleste
1000 3328 1132 3379 tulit.

192 3397 439 3449 Eiusdem
459 3398 650 3449 dictum
673 3400 735 3449 de
761 3400 817 3449 P.
836 3398 1059 3458 Vatinio,
1079 3398 1135 3445 iu

1283 301 1544 352 Vatinium
1583 301 1676 362 16,
1713 301 1794 354 38.
1832 330 1901 340 -
1928 302 2222 353 Memmium

1287 369 1516 419 Caesaris
1560 384 1733 420 omnes
1765 387 1887 436 opes
1921 373 2219 422 confirmare

1285 439 1522 488 dicuntur
1539 453 1585 493 a.
1609 456 1660 489 ιι.
1683 455 1728 492 c.
1754 440 1872 491 700.
1889 476 1905 503 ,
1948 442 2013 490 ad
2036 441 2138 490 Att.
2167 445 2217 502 4,

1289 509 1371 567 15,
1388 508 1436 558 7.
1461 536 1524 548 --
1548 506 1778 560 Caesaris
1800 509 1976 559 laudes
1997 511 2221 576 primum

1285 577 1465 640 populi
1483 576 1717 638 Romani,
1751 593 1882 626 nunc
1903 593 1948 628 a.
1967 595 2016 630 ιι,
2039 595 2082 628 c.
2102 577 2218 628 700.

1285 649 1436 694 etiam
1460 653 1665 696 senatus
1686 646 1920 710 plurimis
1941 656 2091 710 atque
2111 663 2219 696 am-

1283 715 1529 778 plissimis
1549 715 1753 765 iudiciis
1768 716 1905 764 videt
1917 715 2089 766 Cicero
2109 731 2222 766 esse

1285 783 1588 846 celebratas,
1631 798 1724 848 pro
1766 784 1973 834 Plancio
2003 784 2100 844 39,
2128 783 2215 837 93.

1280 879 1349 890 --
1365 851 1531 902 Locus
1552 853 1616 902 de
1637 851 1877 902 Cicerone
1899 869 1963 904 ex
1985 855 2093 902 eius
2114 857 2222 918 epi-

1280 921 1414 972 stola
1450 921 1514 972 ad
1554 921 1766 971 Balbum
1807 923 1967 988 missa
2003 938 2051 976 a.
2081 938 2133 973 u.
2172 938 2218 972 c.

1283 990 1427 1048 700.,
1467 991 1532 1040 ad
1551 989 1608 1048 Q.
1641 990 1706 1039 fr.
1733 992 1784 1050 2,
1817 990 1880 1041 10
1901 991 2040 1056 (12),
2063 993 2117 1042 4.
2151 1017 2220 1026 —-

1281 1060 1403 1108 Eius
1423 1057 1618 1110 litterae
1635 1059 1700 1108 ad
1722 1059 2010 1110 Ciceronem
2032 1060 2220 1108 missae

1282 1143 1326 1176 a.
1360 1144 1410 1179 u.
1441 1143 1482 1176 c.
1525 1127 1642 1180 700.
1683 1128 1900 1178 refertae
1937 1130 2075 1179 omni
2104 1127 2218 1179 offi-

1280 1197 1376 1257 cio,
1415 1197 1700 1262 diligentia,
1734 1198 2012 1258 suavitate,
2051 1197 2118 1247 ad
2156 1195 2214 1254 Q.

1284 1266 1340 1315 t'r.
1364 1267 1415 1328 2,
1454 1265 1517 1316 13
1537 1266 1629 1330 (15
1643 1265 1713 1331 a),
1736 1266 1783 1318 1.
1828 1292 1898 1302 —
1924 1267 2216 1316 Trebatium

1283 1335 1419 1396 quod
1464 1335 1529 1384 ad
1557 1349 1612 1384 se
1643 1335 1867 1399 miserit,
1904 1335 2131 1398 persalse
2171 1342 2220 1382 et

1281 1403 1568 1452 humaniter
1586 1403 1732 1452 etiam
1767 1402 1958 1466 gratias
1990 1402 2219 1452 Ciceroni

1280 1472 1634 1589 3132‘2502351133
1656 1470 1816 1588 {imm
1849 1470 1919 1588 {5¹
1921 1485 2221 1590 ¹13¹.¹¹¹‹¹-,¹.⁸7⁶‹¹›¹‹¹›5

1216 1606 1615 1669 ,1b.3,1,3.
1662 1607 1786 1672 §.a
1863 1610 1937 1659 lb.
1976 1606 2036 1671 3,
2083 1607 2282 1668 1‚4..

1280 1681 1328 1742 §-
1361 1677 1447 1727 11.
1473 1705 1542 1715 -
1570 1675 1916 1728 Suavissimae
1947 1677 2056 1726 eius
2086 1676 2220 1725 litte-

1279 1761 1370 1796 rae
1399 1762 1446 1796 a.
1475 1763 1526 1795 ιι.
1553 1761 1596 1795 c.
1629 1744 1768 1804 700.,
1809 1746 1875 1796 ad
1903 1747 1959 1805 Q.
1995 1743 2055 1793 fr.
2083 1744 2134 1806 3,
2167 1746 2215 1808 1,

1280 1815 1329 1865 5.
1384 1818 1431 1879 S.
1475 1815 1556 1865 17.
1614 1813 1678 1864 cl.
1707 1814 1778 1863 ib.
1817 1817 1865 1878 S.
1914 1811 1994 1866 18.
2031 1841 2099 1852 -
2144 1814 2217 1863 De

1283 1884 1512 1935 Caesaris
1532 1885 1586 1934 in
1609 1899 1666 1934 se
1694 1898 1863 1933 amore
1889 1891 1938 1933 et
1961 1882 2218 1933 voluntate

1279 1956 1453 2004 scribit
1474 1953 1648 2005 Cicero
1673 1970 1721 2002 a.
1750 1968 1799 2002 u.
1821 1970 1866 2004 c.
1897 1954 2036 2011 700.,
2069 1953 2136 2002 ad
2157 1952 2216 2011 Q.

1277 2022 1341 2071 fr.
1367 2022 1416 2087 3,
1438 2024 1488 2081 5,
1512 2022 1562 2073 3.
1587 2048 1652 2058 -—
1668 2023 1840 2073 Cicero
1856 2022 2060 2071 Caesari
2083 2036 2217 2071 com-

1275 2093 1482 2142 mendat
1496 2092 1551 2143 C.
1567 2091 1853 2140 Trebatium
1875 2106 1921 2139 a.
1946 2106 1996 2138 u.
2017 2105 2059 2140 c.
2075 2088 2214 2155 700.,

1277 2161 1344 2210 ad
1375 2161 1496 2213 fam.
1519 2164 1567 2226 7,
1599 2161 1649 2221 5,
1685 2161 1732 2210 1.
1765 2186 1830 2197 —-
1867 2160 1989 2209 Loci
2014 2174 2078 2209 ex
2108 2160 2216 2210 eius

1282 2231 1514 2293 epistolis
1565 2230 1629 2279 ad
1666 2228 1958 2279 Ciceronem
1994 2229 2215 2293 scriptis,
2266 2250 2296 2275 ι

1278 2298 1354 2348 Ib.
1375 2300 1470 2361 §.2
1493 2308 1540 2347 et
1563 2297 1614 2348 3.
1639 2328 1707 2337 —
1727 2298 1802 2347 De
1828 2299 2010 2347 virtute
2035 2304 2083 2346 et
2102 2312 2216 2361 gra-

1279 2369 1436 2417 vitate
1456 2366 1686 2417 Caesaris
1714 2368 1768 2414 in
1794 2372 1954 2414 morte
1984 2364 2142 2412 Iuliae
2159 2364 2217 2411 fi-

1281 2436 1401 2496 liae,
1421 2450 1470 2485 a.
1487 2452 1542 2485 ιι.
1570 2451 1616 2487 c.
1643 2434 1783 2497 700.,
1817 2433 1883 2483 ad
1913 2431 1971 2490 Q.
2000 2432 2064 2485 fr.
2087 2432 2136 2492 3,
2163 2431 2215 2490 8,

1282 2504 1331 2555 3.
1356 2531 1420 2541 —
1443 2504 1498 2553 C.
1520 2503 1745 2553 Memmii
1765 2501 2048 2551 enunciatio
2068 2499 2217 2551 valde

1283 2574 1482 2623 Caesari
1524 2570 1785 2636 displicuit
1831 2585 1878 2625 a,
1911 2585 1961 2618 u.
2001 2584 2048 2622 c.
2074 2566 2213 2633 700.,

1283 2642 1348 2691 ad
1373 2643 1480 2694 Att.
1508 2642 1570 2700 4,
1600 2640 1682 2703 16,
1717 2639 1769 2691 6.
1800 2666 1866 2675 —
1903 2638 2026 2687 Eius
2055 2640 2215 2688 incre-

1281 2710 1456 2761 dibilis
1496 2724 1637 2760 amor
1677 2710 1729 2758 in
1773 2710 2098 2775 Ciceronem,
2135 2710 2211 2757 lb.

1279 2782 1328 2841 3-
1378 2778 1458 2830 13.
1498 2806 1568 2817 --
1608 2778 1806 2829 Bellum
1847 2778 2212 2838 Britannicum,

1278 2847 1351 2897 Ib.
1377 2876 1441 2884 —
1457 2846 1752 2898 Confectum
1763 2848 1852 2903 VI.
1873 2846 1984 2897 Kal.
2011 2847 2212 2898 Octobr.

1281 2932 1327 2969 a.
1357 2933 1410 2967 ιι.
1435 2933 1478 2969 c.
1503 2916 1644 2976 700.,
1685 2918 1755 2965 [b.
1780 2918 1832 2977 4,
1855 2918 1938 2977 17,
1969 2914 2021 2970 3.
2047 2943 2112 2952 -
2134 2915 2215 2965 Ci-

1281 2988 1478 3037 ceronis
1514 3001 1628 3037 cum
1661 2984 1875 3035 Caesare
1906 2985 2210 3043 coniunctio,

1278 3055 1553 3120 1b.4,18,
1577 3054 1627 3105 3.
1667 3053 1731 3103 cl.
1765 3055 1832 3103 ad
1862 3053 1922 3112 Q.
1959 3053 2021 3105 l'r.
2055 3054 2113 3113 2,
2149 3052 2210 3101 11

1279 3121 1420 3187 (13),
1449 3125 1494 3177 l.
1519 3151 1584 3159 --
1604 3124 1849 3174 Rumores
1866 3157 1880 3180 ,
1903 3121 1987 3182 qui
2007 3120 2068 3169 de
2091 3119 2213 3169 Cae-

1277 3206 1390 3241 sare
1420 3208 1467 3244 a.
1491 3208 1544 3243 ιι.
1579 3206 1624 3242 c.
1652 3190 1769 3243 703.
1824 3189 2209 3253 spargebantur,

1275 3261 1429 3310 veluti
1470 3274 1583 3310 eum
1617 3259 1756 3323 apud
1783 3257 2078 3308 Bellovacos
2115 3258 2212 3305 cir-

1277 3329 1569 3390 cumsideri,
1591 3334 1759 3377 narrat
1777 3325 1978 3376 Caelius
1999 3326 2066 3374 ad
2085 3324 2207 3377 fam.

1276 3397 1335 3457 8,
1371 3398 1423 3458 1,
1452 3398 1506 3451 4.
1549 3422 1618 3433 -·
1660 3395 1846 3447 Caesar
1865 3394 1919 3448 C.
1943 3394 2212 3445 Curionem
