2500 3850
388 169 451 216 P.
486 167 691 216 CORN.
722 167 952 215 SERVII
976 169 1039 216 F.
1066 167 1290 216 SULLA
1317 191 1389 200 ——
1416 169 1509 216 TI.
1549 168 2053 217 CORUNOANIUS.

236 325 359 376 XII.
379 361 393 388 ,
424 323 492 374 ad
524 337 677 386 quam
700 321 839 373 Sulla
862 315 1032 384 venit,
1053 323 1184 388 lapi-

238 395 397 444 dibus
417 393 631 442 eiecisse
647 392 906 442 hominem
926 393 1187 443 dicebatur

238 478 285 511 a.
309 478 365 512 ιι.
390 477 435 509 c.
467 461 617 520 707„
651 462 717 511 a'd
748 463 851 516 Att.
878 462 968 521 11,
1001 463 1063 512 21
1083 498 1098 523 ,
1130 463 1183 514 2.

236 558 305 567 —
328 529 477 580 Sunia
505 545 619 580 cum
648 529 867 581 Messala
897 536 1101 581 currunt
1122 531 1189 581 ad

238 601 517 666 Caesarem
560 599 699 664 pulsi
737 615 767 650 a
802 599 1072 660 militibus,
1109 600 1187 650 lb.-

240 670 326 731 11,
358 670 447 730 22,
471 669 521 720 2.
545 697 615 708 ——
636 670 712 719 De
741 669 849 720 eius
877 677 1038 718 morte
1062 684 1109 719 a.
1132 685 1183 718 u.

236 755 286 788 c.
320 737 445 788 709.
480 739 650 803 agitur
686 738 753 787 ad
772 737 895 787 fam.
918 737 982 798 9,
1006 738 1101 798 10,
1135 737 1185 792 3.

234 807 310 856 lb.
343 807 437 870 15,
472 806 553 870 17,
574 808 625 856 2.
647 833 717 844 ·—-
732 806 805 856 De
827 808 937 856 eius
960 809 1185 857 moribus

239 883 289 926 et
308 877 543 936 avaritia,
567 875 619 926 G.
642 875 849 926 Cassius
871 877 937 926 ad
956 876 1075 924 fam.
1099 876 1183 938 15,

170 1011 234 1062 Ρ.
255 1011 560 1064 Cornelius
586 1011 771 1064 Servii
792 1013 855 1063 F.
879 1012 1067 1078 Sulla,
1092 1013 1184 1064 Ca-

238 1082 523 1142 tilinarius,
550 1098 643 1147 pro
666 1083 792 1134 Sull.
816 1085 865 1146 2,
888 1082 937 1133 6.

171 1148 295 1203 Ser.
344 1148 641 1202 Cornelius
681 1150 839 1206 Sulla
874 1148 1063 1202 Servii
1096 1150 1183 1216 R,

238 1222 295 1270 P.
319 1219 498 1270 Sullae
518 1221 699 1282 frater,
723 1221 1069 1286 catilinarius‚
1091 1236 1183 1286 pro

242 1289 389 1340 Sulla
404 1291 455 1350 2,
474 1289 527 1340 6.

176 1357 523 1424 (Cornelius)
559 1357 721 1410 Sulla
750 1359 1096 1410 nomenclator
1121 1359 1181 1418 Q.

242 1427 503 1479 Ciceronis
538 1429 589 1477 in
617 1428 741 1477 Asia
769 1430 1031 1494 provincia
1061 1444 1107 1478 a.
1129 1443 1181 1477 ιι.

239 1513 285 1546 c.
304 1497 427 1547 695.
446 1535 461 1557 ,
484 1497 551 1546 ad
579 1497 637 1556 Q.
661 1497 725 1546 fr.
754 1497 801 1557 1,
822 1499 873 1557 2,
902 1498 951 1550 3.
978 1500 1026 1560 S.
1049 1494 1101 1548 9.

176 1562 473 1619 Cornelius
504 1564 867 1630 Tlepolemus
890 1564 1183 1633 Cybarita,

236 1637 420 1702 pictor,
445 1635 739 1684 emissarius
751 1635 804 1684 C.
820 1636 1013 1697 Verris,
1034 1637 1181 1686 Verr.

238 1711 466 1754 accusat.
494 1704 543 1769 3,
564 1703 651 1766 28,
671 1703 757 1756 69.
796 1705 873 1758 Ib.
900 1706 961 1760 4,
986 1703 1067 1767 13,
1096 1704 1182 1756 30.

176 1770 487 1826 Corniades
501 1810 517 1838 ,
539 1772 749 1838 Epicuri
771 1773 1058 1823 familiaris.
1081 1773 1187 1822 Hoc

240 1857 428 1892 nomen
459 1843 638 1910 reponi
670 1843 830 1893 voluit
857 1853 1061 1892 auctore
1086 1842 1185 1894 Da-

240 1913 376 1963 visio
414 1910 655 1977 OrelliuS,
703 1928 797 1963 nos
836 1929 952 1963 cum
988 1912 1185 1964 Madvi-

242 1982 329 2045 gio
360 1980 639 2031 Carneadis
664 1996 847 2033 nomen
867 1983 1181 2045 reliquimus.

240 2051 366 2100 Eius
386 2049 695 2113 colloquium
714 2066 830 2101 cum
853 2052 1098 2115 Arcesila,
1123 2051 1185 2102 de

242 2119 329 2169 fin.
356 2122 407 2179 5,
428 2118 515 2184 31,
541 2120 627 2175 94.

176 2185 513 2239 Cornicinus
534 2190 641 2239 sive
663 2188 939 2241 Cornicen
953 2226 967 2255 ‚
996 2204 1185 2255 cogno-

242 2273 362 2307 men
384 2256 475 2310 Cn.
502 2256 694 2323 Oppio,
726 2259 793 2310 ad
821 2260 923 2309 Att.
944 2261 1007 2321 4,
1034 2261 1097 2322 2,
1128 2260 1182 2309 4.

241 2328 310 2379 V.
336 2324 436 2376 Cn.
467 2324 699 2393 Oppius.

178 2393 519 2461 cornificia,
572 2396 628 2457 Q.
668 2396 797 2457 fllia,
846 2397 913 2447 ad
950 2397 1055 2446 Att.
1100 2395 1183 2461 13,

242 2465 329 2526 29,
363 2466 411 2515 1.

179 2530 521 2584 Cornificius
536 2571 551 2599 ,
572 2536 741 2585 scriba
765 2534 821 2586 C.
845 2536 1019 2585 Verris
1039 2549 1184 2599 prae-

243 2604 371 2653 toris
402 2604 583 2653 urbani
614 2620 661 2654 a.
689 2621 741 2655 u.
774 2622 817 2655 c.
851 2602 1003 2669 680„
1037 2607 1181 2654 Verr.

244 2680 467 2726 accusat.
494 2674 543 2732 1,
570 2674 653 2733 57,
674 2671 790 2725 150.

174 2740 246 2807 Q.
273 2738 638 2808 Cornificius,
660 2743 1015 2793 severissimus
1034 2748 1185 2807 atque

242 2812 601 2876 integerrimus
630 2814 817 2875 iudeX,
849 2813 1081 2863 tribunus
1110 2812 1181 2876 pl.

244 2895 293 2932 a.
322 2897 377 2930 u.
410 2896 455 2929 c.
490 2880 643 2947 685„
680 2882 827 2931 Verr.
863 2886 961 2933 act.
999 2882 1056 2941 1,
1096 2881 1179 2945 10,

242 2946 329 2997 30.
366 2974 439 2987 --
480 2946 792 3015 competitor
832 2950 1090 3001 Ciceronis
1130 2952 1183 2999 in

242 3018 541 3080 consulatu,
560 3020 626 3069 ad
646 3020 750 3070 Att.
776 3020 826 3083 1,-
852 3019 901 3083 1,
926 3021 975 3069 1.
993 3018 1183 3068 ——Pri-

243 3101 359 3135 mus
381 3088 445 3136 de
469 3086 526 3139 P.
550 3086 713 3138 Clodii
745 3088 937 3139 incesto
970 3090 1187 3139 mentio-

242 3170 361 3205 nem
384 3156 436 3205 in
457 3165 635 3206 senatu
663 3158 787 3208 fecit
817 3174 864 3211 a.
894 3174 947 3212 ιι.
978 3174 1019 3211 c.
1042 3157 1184 3220 693.,

246 3224 312 3273 ad
332 3226 436 3274 Att.
470 3226 518 3285 1,
542 3225 625 3287 13,
646 3226 696 3278 3.

176 3291 246 3358 Q.
272 3290 611 3345 Cornificius
633 3298 915 3362 superioris
931 3296 989 3355 Q.
1014 3295 1186 3347 Corni-

242 3361 346 3411 ficii
363 3362 533 3427 filius,
555 3365 620 3415 ad
642 3366 763 3419 fam.
790 3366 881 3430 12,
916 3368 983 3418 25
999 3403 1013 3429 ,
1047 3365 1096 3418 1.
1118 3394 1186 3402 -

243 3432 559 3484 Adolescens
597 3434 861 3485 Orestillae
891 3435 1047 3485 filiam
1086 3435 1185 3484 sibi

311 3515 529 3553 ciosum.

2149 157 2266 223 113

1329 325 1602 389 despondit
1632 339 1679 374 a.
1705 341 1758 374 u.
1786 342 1832 374 c.
1864 323 2010 383 704„
2045 325 2110 374 ad
2141 325 2274 383 fam.

1327 393 1383 454 8,
1405 394 1455 453 7,
1477 394 1529 446 2.
1551 419 1614 429 —
1639 392 1866 443 Obtinuit
1894 393 2120 444 Africam
2148 405 2268 460 pre-

1327 462 1549 511 vinciam
1585 477 1633 514 a.
1665 477 1718 516 ιι.
1755 478 1798 512 c.
1839 461 1958 513 709.
2009 463 2267 514 Ciceronis

1329 531 1574 596 epistolae
1595 531 1661 580 ad
1685 545 1797 580 eum
1817 532 2004 581 missae
2018 569 2032 594 ,
2057 533 2122 582 ad
2143 533 2264 584 fam.

1333 601 1418 655 12.
1448 615 1531 664 ep.
1559 599 1642 650 17.
1667 627 1734 636 ———
1755 600 1841 652 30.
1884 600 1943 649 cl.
1964 600 2034 649 ib.
2059 601 2151 659 12,
2181 602 2263 668 19,

1332 669 1383 718 l.
1422 670 1488 719 ad
1510 670 1612 719 Att.
1637 670 1732 730 12,
1756 670 1837 730 14,
1859 671 1919 720 2.-
1947 670 2021 722 Ib.
2047 670 2138 729 12,
2180 671 2263 727 17.

1329 765 1395 775 —-—
1427 739 1488 788 Ei
1521 738 1697 789 Cicero
1727 737 1985 788 Oratorem
2015 753 2163 788 suum
2201 740 2267 790 ad

1324 807 1394 860 M.
1415 807 1627 857 Brutum
1649 823 1696 858 a.
1719 823 1772 860 u.
1800 823 1842 857 e.
1863 807 1984 860 709.
2013 821 2266 858 commen-

1328 879 1433 942 det,
1452 878 1522 926 >ad
1538 877 1660 927 fam.
1685 878 1768 938 12,
1791 878 1870 940 17,
1885 879 1935 929 2.
1950 903 2014 912 -
2027 876 2266 943 Magnum

1327 955 1578 996 oratorem
1599 962 1712 996 eum
1745 954 1918 1007 vocat,
1951 947 2014 995 ad
2037 946 2155 999 fam.
2181 947 2263 1012 12,

1260 1082 1321 1133 C.
1360 1083 1672 1148 Cornutus,
1705 1092 1767 1134 tr.
1797 1085 1868 1150 pl.
1900 1100 1949 1134 a.
1982 1101 2032 1138 u.
2067 1101 2112 1136 c.
2141 1084 2264 1138 693.

1327 1153 1530 1203 deditus
1565 1153 1822 1215 Ciceroni,
1855 1155 1923 1202 ad
1954 1155 2057 1204 Att.
2092 1153 2150 1214 1,
2183 1154 2266 1215 14,

1325 1222 1378 1276 6.
1403 1223 1697 1272 -Praetor
1727 1238 1774 1275 a.
1809 1241 1861 1273 u.
1895 1239 1938 1271 c.
1971 1219 2090 1273 697.
2126 1223 2266 1273 fave-

1322 1293 1413 1344 bat
1435 1291 1690 1352 Ciceroni,
1710 1298 1826 1355 post
1855 1291 1962 1340 red.
1997 1292 2049 1340 in
2081 1305 2188 1340 sen.
2213 1291 2263 1353 9,

1254 1362 1359 1498 ΜΞ
1373 1427 1680 1488 Cornutus,
1711 1427 2022 1489 praetoriuS,
2065 1427 2266 1491 legatus

1327 1498 1381 1546 in
1403 1495 1536 1546 bello
1557 1495 1762 1552 sociali,
1781 1509 1876 1560 pro
1897 1495 2042 1547 Font.
2074 1494 2156 1559 15,
2178 1494 2263 1548 33.

1254 1565 1334 1616 Μ.
1373 1565 1683 1624 Cornutus,
1723 1571 1926 1628 praetor
1959 1565 2184 1615 urbanus
2218 1579 2262 1615 a.

1326 1651 1378 1688 u.
1405 1650 1452 1687 c.
1474 1633 1596 1702 [⁷11.
1612 1669 1625 1692 ,
1661 1635 1930 1684 consulare
1951 1649 2134 1685 munus
2153 1649 2266 1684 sus-

1327 1703 1523 1754 tinebat
1555 1717 1694 1754 more
1722 1705 1998 1768 maiorum,
2035 1705 2100 1754 ad
2139 1704 2262 1759 farn.

1330 1773 1414 1833 10,
1440 1773 1522 1834 12,
1544 1772 1596 1824 3.
1637 1773 1712 1822 Ib.
1737 1772 1820 1834 10,
1850 1773 1933 1835 16,
1958 1774 2005 1827 1.
2041 1773 2263 1840 Philipp.

1332 1843 1414 1906 14,
1438 1842 1522 1904 14,
1545 1840 1630 1893 37.

1257 1911 1482 1963 Corona
1512 1911 1798 1975 Ariadnes,
1835 1912 1998 1963 sidus.
2040 1913 2184 1963 Arat.
2214 1930 2264 1964 v.

1327 1981 1411 2034 73.
1459 1982 1523 2031 de
1555 1996 1605 2029 n.
1639 1981 1690 2030 d.
1721 1982 1780 2041 2,
1811 1982 1905 2044 42,
1940 1981 2058 2033 108.
2097 1984 2172 2036 lb.
2213 1982 2265 2051 3,
2325 2046 2329 2049 ,

1329 2050 1412 2111 16,
1433 2048 1522 2101 40.
1551 2049 1737 2115 fragm.
1760 2064 1814 2114 p.
1837 2048 1960 2103 265.

1258 2116 1497 2172 Coronis
1529 2126 1579 2169 et
1603 2119 1794 2169 Valens
1827 2113 2136 2187 (Κράτος),
2172 2137 2266 2187 pa-

1325 2198 1490 2241 rentes
1509 2188 1747 2239 Mercurii
1775 2191 2018 2254 secundi,
2043 2192 2106 2241 de
2136 2206 2188 2242 n.
2213 2192 2264 2241 d.

1327 2260 1377 2319 3,
1405 2259 1492 2323 22,
1513 2258 1597 2309 56.

1260 2326 1489 2380 Corsica
1509 2328 1692 2389 insula,
1716 2328 1912 2377 devicta
1935 2342 1966 2375 a
1987 2328 2041 2377 P.
2061 2326 2266 2390 Papirio

1325 2399 1535 2449 Masone
1557 2410 1660 2444 cos.
1685 2410 1734 2449 a.
1751 2412 1804 2447 u.
1830 2410 1874 2447 c.
1896 2394 2037 2456 523„
2057 2395 2120 2443 de
2139 2408 2190 2443 n.
2211 2394 2264 2449 d.

1325 2466 1376 2532 3,
1398 2465 1482 2529 20,
1506 2464 1590 2514 52.

1260 2532 1603 2597 Corumbus,
1643 2532 1786 2583 Balbi
1817 2532 2056 2593 libertuS,
2099 2532 2266 2583 archi-

1325 2612 1514 2662 tectnS,
1539 2603 1605 2653 ad
1629 2604 1728 2652 Att.
1755 2602 1838 2663 14,
1859 2602 1909 2668 3,
1941 2603 1986 2653 1.

1257 2673 1351 2725 Τί.
1377 2669 1762 2723 Coruncanius
1778 2709 1792 2737 ,
1811 2672 2131 2723 Tusculanus
2153 2687 2266 2723 esse

1327 2744 1508 2794 dicitur
1525 2758 1555 2791 a
1579 2741 1849 2803 Cicerone,
1882 2756 1976 2809 pro
2004 2742 2178 2797 Plane.
2213 2742 2265 2809 8,

1325 2812 1411 2863 20.
1438 2838 1509 2849 -—
1537 2813 1614 2863 Ti.
1650 2810 1991 2863 Coruncanius
2017 2814 2214 2878 primus
2239 2828 2267 2863 e

1325 2881 1473 2947 plebe
1485 2882 1716 2947 pontifex
1733 2898 1868 2935 max.
1889 2883 2064 2933 consul
2081 2898 2126 2932 a.
2147 2897 2198 2930 u.
2216 2897 2262 2936 c.

1323 2952 1466 3011 474.,
1484 2953 1592 3003 iure
1612 2952 1889 3016 consultuS,
1911 2954 1975 3003 de
1993 2951 2095 3016 leg.
2115 2952 2163 3015 2,
2179 2950 2264 3013 21,

1325 3020 1410 3070 52.
1433 3019 1496 3069 de
1515 3030 1639 3071 orat.
1663 3021 1695 3071 3
1712 3057 1726 3083 ,
1753 3021 1816 3071 15
1830 3058 1844 3085 ,
1865 3021 1948 3072 56.
1973 3046 2038 3056 -
2059 3019 2134 3068 De
2155 3019 2268 3067 eius

1327 3089 1628 3153 eloquentia,
1641 3090 1779 3139 Brut.
1795 3089 1878 3149 14,
1891 3089 1974 3139 55.
1990 3114 2059 3123 --
2069 3086 2143 3136 De
2155 3088 2266 3137 eius

1324 3161 1575 3223 sapientia
1591 3197 1604 3219 ,
1629 3160 1691 3211 de
1717 3164 1842 3209 orat.
1864 3157 1914 3219 3,
1934 3156 2032 3216 33,
2058 3154 2267 3217 134.·-

1325 3229 1670 3277 Peritissimus
1716 3224 1952 3291 pontifex
1988 3224 2147 3274 fuisse
2188 3224 2262 3273 di-

1327 3298 1476 3358 citur,
1501 3298 1564 3345 de
1583 3296 1734 3346 domo
1751 3309 1844 3343 sua
1863 3293 1948 3355 54,
1974 3292 2088 3345 139.
2124 3294 2187 3343 de
2209 3307 2263 3344 n.

1329 3366 1382 3419 d.
1410 3364 1436 3414 1
1456 3402 1470 3424 ,
1500 3365 1596 3430 41,
1630 3364 1745 3414 115.
1775 3364 1987 3412 -Eius
2016 3378 2176 3426 usque
2200 3362 2265 3412 ad

1329 3442 1612 3485 extremum
1651 3434 1886 3498 spiritum
1926 3440 2000 3482 est
2025 3437 2265 3496 provecta

1817 3501 1852 3553 8
