2500 3850
657 245 1217 293 PANHORMITANA
1238 263 1323 276 —·-
1348 246 1667 293 PAPIRIUS
1692 244 1941 293 CARBO.

317 404 405 467 43,
435 404 551 453 152.
599 403 669 451 Ib.
693 402 738 460 1,
761 401 847 459 45,
889 400 1005 451 161.
1051 428 1120 439 —
1159 400 1256 449 Pa-

319 473 514 521 naetius
557 473 610 519 in
646 471 790 519 libris
831 470 895 517 (18
933 468 1116 517 officiis
1153 470 1252 517 duo

317 540 671 605 praetermisit,
706 538 1252 587 valetudiniscuratio-

315 624 430 657 nem
473 617 521 657 et
555 608 827 671 pecuniae,
864 607 927 656 de
950 606 1036 656 off.
1064 609 1127 666 2,
1163 608 1248 668 24,

315 678 400 727 86.
426 702 491 711 -·
517 675 1006 743 Ρειῐι88ῐίι18,-ᾳυ8ῐιι
1036 673 1251 723 multum

316 748 368 795 in
413 746 560 793 libris
601 745 662 794 de
706 744 889 793 officiis
931 750 1136 793 secutus
1175 751 1251 793 est

317 814 527 876 Cicero,
573 827 675 862 non
723 814 1117 877 interpretatuS,
1173 826 1251 859 re-

315 882 584 948 prehendit
605 882 818 944 theatra,
852 882 1097 945 porticus,
1120 893 1253 929 nova

315 950 503 1015 templa
541 951 602 999 ab
640 950 931 999 hominibus
967 950 1252 999 ambitiosis

317 1025 582 1075 exstructa,
623 1019 688 1067 de
713 1018 801 1071 off.
832 1021 895 1079 2,
931 1018 1027 1079 17,
1065 1016 1153 1069 60.
1186 1043 1252 1053 --

314 1088 544 1137 Panaetii
569 1102 624 1137 se
654 1088 887 1136 comitem
917 1086 1176 1150 profitetur
1203 1086 1256 1133 in

273 1208 290 1217 Ν
316 1156 462 1205 libris
502 1156 564 1205 de
606 1156 790 1205 officiis
827 1155 1030 1215 Cicer0,
1069 1155 1250 1218 fragm.

315 1240 366 1289 p.
385 1224 504 1275 347.
523 1252 586 1259 --
607 1225 877 1275 Panaetius
907 1225 1097 1273 dictum
1118 1222 1256 1271 Afri-

317 1294 430 1342 cani
472 1293 718 1341 auditoris
761 1302 810 1341 et
861 1290 1128 1341 familiaris
1173 1293 1254 1339 sui

314 1361 520 1423 rettulit,
561 1361 626 1410 de
650 1362 739 1413 off.
776 1362 821 1420 l,
847 1361 931 1419 26,
953 1358 1040 1409 90.
1060 1384 1130 1396 --
1158 1361 1256 1408 Pa-

318 1430 515 1477 naetius
565 1429 778 1493 epistola
816 1430 1034 1489 quadam
1081 1428 1148 1477 ad
1193 1428 1250 1485 Q.

315 1497 630 1546 Tuberonem
680 1498 824 1547 valde
882 1497 1053 1546 laudat
1096 1497 1253 1560 Appii

317 1566 466 1614 Caeci
505 1580 731 1623 carmen,
768 1564 976 1617 Tuscul,
1005 1564 1063 1625 l,
1095 1566 1127 1613 2
1146 1602 1160 1626 ,
1197 1566 1251 1613 4.
1281 1619 1283 1621 v

316 1659 386 1670 —
414 1635 682 1683 Panaetius
705 1632 956 1683 Tuberoni
975 1634 1252 1697 praecepit,

316 1709 372 1750 ut
397 1702 464 1751 ad
489 1704 696 1751 verbum
724 1702 969 1752 edisceret
995 1702 1251 1751 Crantoris

317 1770 546 1819 libellum
584 1772 646 1821 de
674 1772 841 1829 luctu,
878 1771 1038 1820 Acad.
1082 1785 1157 1834 pr.
1199 1771 1250 1829 2,

314 1840 403 1903 44,
419 1838 533 1889 165.
551 1868 624 1878 ·--
641 1840 787 1893 ef.·de
801 1839 886 1888 fin.
909 1840 956 1899 1,
977 1841 1027 1898 2,
1049 1839 1101 1891 6.
1125 1839 1252 1888 Tus-

316 1908 418 1960 cul.
441 1909 491 1969 5,
512 1906 598 1971 37,
621 1909 736 1961 107.

245 1973 690 2028 Panhormitana
709 1979 886 2027 civitas
913 1979 1021 2027 sine
1043 1977 1252 2027 foedere

317 2048 554 2096 immunis
574 2062 634 2096 ac
660 2047 834 2111 libera,
853 2048 1002 2098 Verr.
1025 2054 1248 2099 accusat.

316 2114 366 2176 3,
387 2114 437 2174 6,
462 2114 543 2165 13.

245 2180 617 2246 Panhormus,
654 2184 806 2234 hodie
827 2185 1077 2246 PalermO,
1103 2184 1248 2232 Verr.

318 2261 539 2304 accusat.
563 2256 612 2310 2,
638 2252 724 2315 26,
745 2251 830 2302 63.

246 2317 500 2383 Panisci,
545 2336 608 2369 an
631 2322 708 2380 di,
751 2322 812 2369 de
834 2334 883 2368 n.
907 2321 956 2369 d.
981 2320 1031 2376 3,
1056 2320 1136 2377 17,
1159 2319 1246 2369 43.

314 2413 383 2426 —-
417 2389 663 2454 Fingebat
700 2382 984 2438 Carneades
1021 2389 1072 2436 in
1099 2387 1250 2437 Chio-

313 2458 728 2522 rumlapicidinis
747 2471 873 2506 saxo
891 2455 1085 2506 diffisso
1101 2461 1252 2522 caput

317 2527 574 2576 exstitisse
593 2527 809 2588 Panisci,
836 2525 898 2574 de
919 2525 1078 2576 divin.
1103 2526 1150 2589 1,
1168 2525 1250 2583 13,

315 2594 403 2647 23.
442 2597 514 2646 Ib.
546 2597 595 2652 2,
615 2597 702 2653 21,
723 2595 808 2646 48.

245 2660 453 2713 Pansa.
492 2665 565 2717 V.
589 2659 784 2712 Vibius
803 2661 1009 2712 Pansa.

244 2729 534 2781 Panthera
561 2741 608 2781 et
625 2730 884 2791 Sabidius,
912 2730 1143 2780 homines
1165 2734 1252 2782 ob-

317 2801 478 2860 scuri,
516 2803 666 2850 amici
687 2800 742 2853 C.
772 2800 982 2850 Antonii
1008 2803 1251 2864 competi-

312 2869 441 2917 toris
473 2868 728 2920 Ciceronis
756 2870 811 2916 in
851 2875 1088 2932 praetura
1115 2881 1164 2918 et
1198 2870 1251 2918 in

318 2936 609 3054 congsulatm
642 2938 700 2995 Q.
733 2937 835 2990 Cic.
869 2938 932 2986 de
959 2945 1064 3002 pet.
1111 2953 1250 2992 cons,

315 3007 367 3068 2,
430 3042 440 3052 .

245 3073 540 3140 Panurgus
563 3109 578 3137 ,
627 3089 802 3125 servus
853 3075 1134 3124 communis
1192 3075 1248 3134 Q.

315 3145 475 3192 Fanni
507 3142 759 3192 Chaereae
795 3151 844 3192 et
872 3143 929 3202 Q.
961 3145 1132 3194 Roscii
1169 3158 1254 3193 co-

313 3211 503 3266 moedi.
577 3213 655 3262 Ab
707 3227 766 3261 eo
811 3214 1060 3277 originem
1097 3212 1253 3262 traxit

313 3280 381 3328 lis
402 3282 532 3329 inter
559 3278 612 3330 C.
638 3281 883 3331 Fannium
909 3280 1181 3331 Chaeream
1205 3288 1254 3331 et

316 3347 376 3406 Q.
390 3348 629 3398 Roscium
653 3350 969 3412 comoedum,
988 3365 1082 3415 pro
1101 3351 1253 3400 Rosc.

317 3416 462 3469 Corn.
479 3417 564 3479 10,
583 3419 672 3468 27.

242 3483 470 3552 Paphii,
494 3486 688 3536 incolae
715 3486 876 3554 Paphi
901 3487 1139 3538 ininsula
1157 3487 1253 3552 Cy-

2208 231 2329 291 277

1395 415 1515 465 pre,
1560 400 1612 451 C.
1652 398 1865 450 Sextilio
1899 400 2034 450 Rufo
2076 412 2331 449 commen-

1397 471 1591 533 dantur,
1624 468 1691 517 ad
1708 468 1830 518 fam.
1857 468 1940 534 13,
1967 470 2053 520 48.

1329 534 1749 605 Paphlagonia,
1772 538 1918 603 regio
1947 538 2101 587 Asiae
2121 538 2331 586 minoris

1394 608 1459 655 ad
1478 608 1689 657 Pontum
1716 607 1969 657 Euxinum
2001 609 2129 656 inter
2155 606 2331 669 Bithy-

1382 678 1529 725 ·niam
1559 685 1607 725 et
1626 676 1866 735 Pontum,
1908 676 1971 725 de
2000 676 2113 738 lege
2134 688 2245 739 agr.
2281 675 2329 733 l,

1390 746 1441 804 2,
1470 744 1521 795 6.
1571 745 1645 795 Ib.
1676 745 1727 802 2,
1752 744 1838 807 21,
1870 744 1955 794 55.

1326 811 1586 878 Paphus,
1610 812 1731 861 urbs
1756 810 1907 877 Cypri
1931 812 2193 861 notissima
2212 826 2331 876 pro-

1392 890 1505 946 pter
1542 882 1729 931 cultum
1752 882 1999 945 Veneris,
2036 895 2166 944 quae
2213 879 2330 928 inde

1392 950 1617 1015 Paphia,
1658 948 1882 1014 Philipp.
1904 950 1967 1009 2,
1996 950 2078 1014 15,
2104 948 2189 1000 39

1324 1016 1502 1083 Papia
1530 1018 1639 1081 lex,
1680 1018 1743 1066 de
1784 1019 2068 1081 peregrinis
2104 1032 2170 1066 ex
2204 1018 2329 1066 urbe

1399 1056 1691 1146 eiiciendi’S,
1729 1100 1821 1151 pro
1854 1086 2043 1135 Archia
2088 1088 2239 1151 poeta
2276 1087 2328 1148 5,

1400 1155 1481 1205 10.
1517 1169 1610 1220 pro
1636 1154 1693 1205 L.
1720 1154 1878 1203 Balbo
1900 1152 1985 1215 23,
2012 1154 2095 1204 52.
2137 1155 2202 1203 ad
2222 1155 2326 1203 Att.

1326 1288 1528 1358 Papia,
1550 1292 1815 1356 Oppianici
1844 1307 1993 1351 uxor,
2015 1305 2107 1356 pro
2132 1290 2326 1345 Cluent.

1324 1428 1527 1494 Papia,
1561 1428 1748 1477 femina
1788 1444 1815 1476 e
1853 1436 2004 1493 gente
2028 1427 2184 1492 Papia
2225 1427 2331 1491 ple-

1393 1499 1526 1561 beia,
1545 1513 1672 1559 quae
1698 1496 1924 1546 Ciceroni
1940 1497 2211 1561 pecuniam
2238 1497 2331 1546 de-

1393 1568 1569 1627 bebat,
1608 1566 1675 1615 ad
1695 1565 1817 1615 fam.
1846 1564 1927 1629 16,
1956 1567 2041 1626 24,
2072 1566 2119 1613 2.

1324 1636 1387 1687 1..
1430 1632 1701 1699 Papinius
1724 1670 1740 1697 ,
1782 1648 1937 1697 eques
1961 1634 2107 1683 Rom.
2129 1671 2143 1696 ,
2176 1634 2324 1683 Verr.

1391 1717 1609 1753 accusat.
1632 1706 1684 1766 4,
1712 1704 1797 1763 21,
1820 1703 1907 1754 46.

1324 1769 1554 1838 Papiria
1602 1773 1687 1822 lex
1727 1772 1789 1822 de
1834 1773 2211 1821 consecratione
2247 1786 2329 1821 ae·

1396 1843 1555 1905 dium,
1595 1842 1657 1891 (18
1684 1842 1835 1891 domo
1856 1854 1949 1889 sua
1967 1840 2051 1903 50,
2071 1842 2188 1892 128.

1323 1907 1629 1976 Papiriana
1645 1911 1825 1960 domus
1841 1909 1895 1960 C.
1914 1909 2136 1959 Trebatii
2148 1909 2329 1961 Veliae

1395 1981 1445 2027 in
1476 1979 1716 2038 Lucania,
1755 1979 1822 2028 ad
1842 1977 1965 2028 fam.
1990 1980 2037 2041 7,
2060 1976 2144 2043 20,
2174 1980 2223 2029 1.

1323 2045 1559 2113 Papirii,
1589 2049 1733 2112 prius
1760 2044 1995 2111 Papisii,
2028 2047 2210 2110 partim
2237 2061 2329 2112 pa·-

1392 2117 1522 2165 tricii
1556 2118 1803 2166 minorum
1829 2117 2055 2180 gentium
2074 2153 2088 2180 ,
2125 2125 2182 2165 ut
2208 2115 2329 2180 Cur-

1395 2200 1555 2245 sore8‚
1580 2192 1627 2234 et
1639 2185 1889 2247 MasoneS,
1912 2185 2099 2249 partim
2118 2185 2326 2250 plebeii,

1392 2262 1448 2303 ut
1460 2252 1712 2304 Carbones
1725 2261 1773 2302 et
1782 2253 1953 2314 Turdi,
1968 2254 2032 2302 ad
2045 2254 2163 2302 fam.
2174 2251 2225 2315 9,
2242 2253 2327 2315 21,

1394 2324 1443 2372 2.
1470 2332 1520 2372 et
1542 2323 1594 2374 3.

1321 2388 1536 2456 Papirii
1562 2389 1868 2452 Carbones,
1900 2389 2088 2455 plebei,
2118 2389 2184 2438 ad
2204 2389 2328 2442 fam.

1325 2527 1387 2578 C.
1418 2526 1517 2577 Cn.
1531 2497 1627 2577 Μ.
1659 2523 1873 2592 Papirii
1908 2518 2193 2576 Carbones
2224 2533 2329 2576 tres

1393 2596 1594 2652 fratres,
1632 2596 1699 2645 ad
1719 2595 1838 2645 fam.
1859 2594 1909 2656 9,
1931 2595 2013 2653 21,
2034 2595 2087 2646 3.

1323 2661 1551 2797 Papa-{31
1561 2661 1762 2727 Turdi,
1800 2664 2004 2728 plebeii,
2034 2664 2102 2714 ad
2128 2663 2251 2718 fam.
2274 2663 2326 2724 9,

1322 2802 1385 2854 L.
1404 2799 1666 2867 Papirius
1687 2801 2029 2866 Fregellanus,
2045 2809 2211 2852 orator
2230 2801 2329 2850 La-

1392 2871 1547 2932 tinuS,
1585 2874 1695 2920 eius
1716 2872 1875 2922 oratio
1899 2886 1989 2936 pro
2016 2871 2330 2936 Fregellanis

1394 2939 1603 2988 coloniis
1640 2955 1705 2989 ue
1730 2940 1926 2990 Latinis
1953 2940 2126 2988 habita
2153 2941 2205 2987 in
2248 2954 2328 2988 se-

1393 3015 1531 3065 nata,
1557 3009 1597 3058 B
1661 3008 1796 3068 t.47‚
1820 3008 1938 3060 170.

1325 3075 1394 3141 Q.
1417 3073 1679 3140 Papirius
1699 3078 1931 3125 tribunus
1952 3074 2025 3138 pl.
2050 3074 2215 3140 legem
2246 3092 2326 3126 ro-

1392 3146 1562 3210 gavit,
1601 3159 1731 3207 quae
1756 3152 1892 3194 vetat
1930 3144 2127 3193 iniussu
2162 3145 2328 3208 plebis

1394 3213 1563 3272 aedes,
1601 3223 1813 3271 terram,
1852 3227 1989 3261 aram
2017 3226 2325 3273 consecrare,

1394 3283 1456 3331 (18
1476 3281 1625 3330 domo
1651 3280 1836 3344 sua49,
1855 3281 1971 3332 127.
2001 3283 2066 3331 V.
2081 3281 2196 3333 Lex
2212 3279 2325 3332 Pa·

1391 3346 1556 3430 piria.

1322 3415 1587 3483 Papirius
1610 3416 1825 3480 Carbo,
1866 3419 2123 3470 Ciceronis
2155 3418 2323 3470 inimi

1394 3501 1501 3547 cue,
1536 3487 1601 3536 ad
1623 3486 1744 3536 fam.
1765 3486 1814 3548 9,
1838 3487 1921 3550 21,
1944 3488 1997 3540 3.

2376 3560 2420 3576 „A
