2500 3850
456 177 532 225 M,
561 172 886 224 ATTILIUS
919 173 1234 222 REGULUS
1258 196 1343 206 —-
1365 171 1699 220 AUFIDIUS
1724 171 1973 220 LURco.

246 351 291 385 a.
312 349 364 386 ιι.
389 347 434 384 c.
464 329 588 382 505.
619 331 890 394 perterruit
920 329 1184 396 Karthagi-

243 404 438 468 ginem,
461 401 524 450 de
543 415 584 448 r.
605 414 660 463 p.
689 400 736 460 1,
761 398 807 458 1,
831 400 881 450 1.
921 415 1014 464 pro
1035 399 1184 448 Plan-

243 474 318 521 cio
337 469 423 530 25,
444 468 534 521 60.
547 467 708 516 —Ab
728 483 787 517 eo
807 466 936 532 Spes
953 469 1047 518 dea
1067 483 1182 518 con-

241 545 437 591 secrata
459 544 562 597 est,
585 536 648 586 de
670 535 772 602 leg.
794 537 845 600 2,
871 536 930 586 11
939 573 954 598 ,
977 537 1062 588 28.
1099 537 1182 585 Fi-

245 611 334 660 des
353 607 616 666 dedicata,
649 605 713 654 de
731 619 782 655 n.
805 604 856 657 d.
877 606 941 667 2,·
973 605 1070 664 23,
1090 603 1176 658 61.

242 704 310 714 -
424 677 472 712 σ·
518 675 632 723 mei
670 688 722 731 S,
793 688 949 724 esen.
1008 674 1037 722 7
1129 673 1176 722 1.

243 749 304 796 de
325 675 513 803 ἓιιιοῖιξι
515 742 607 802 35,
635 675 1004 795 ι116.(1Ἰ“ιιιιιιιι11.
1038 742 1064 792 1
1081 671 1123 803 ,6
1128 742 1178 807 7,

243 813 324 866 13.
363 812 428 862 cl.
453 812 516 861 de
535 826 586 864 ιι.
613 811 661 859 d.
684 813 734 868 2,
753 810 840 867 66,
865 811 982 862 165.

173 878 250 934 Μ.
287 877 518 931 Attilius
557 875 741 944 (Atii.)
781 878 861 929 M.
901 877 965 927 F.
1005 879 1068 930 Ia.
1107 875 1174 928 N.

240 948 516 1016 Regulus,
535 963 639 999 cos.
659 961 706 995 a.
726 961 779 999 ιι.
799 963 846 1000 c.
862 946 984 998 487.
1002 947 1178 995 trium-

240 1018 420 1084 phavit
441 1018 503 1068 de
523 1014 836 1068 Sallentinis,
864 1013 978 1066 Coe.
998 1016 1181 1064 iterum

241 1103 287 1136 a.
322 1103 374 1136 u.
411 1101 454 1134 o.
487 1084 612 1137 498.
633 1083 847 1134 —Eius
874 1099 958 1134 res
987 1091 1180 1149 gestae,

244 1156 307 1205 de
325 1153 411 1204 off.
438 1153 488 1214 1,
511 1151 604 1214 13,
629 1151 712 1204 39.
735 1179 803 1192 -—
821 1152 1182 1217 Karthaginem

243 1224 394 1274 rediit
412 1221 516 1272 fide
534 1222 682 1280 data,
713 1221 776 1270 de
795 1221 880 1274 off.
903 1221 936 1272 3
950 1258 966 1283 ,
997 1220 1093 1281 26,
1113 1221 1182 1273 99

243 1309 352 1356 sqq.
388 1291 457 1340 ad
477 1291 581 1343 Att.
607 1288 686 1346 16.
711 1290 795 1350 11,
813 1291 864 1344 5.
895 1305 990 1354 pro
1013 1288 1180 1340 Sestio

243 1361 326 1423 59,
355 1359 472 1410 127.
511 1360 574 1409 de
599 1373 708 1412 sen.
742 1358 828 1422 20,
856 1360 938 1412 74.
978 1357 1184 1408 Crucia-

243 1439 323 1480 tus
343 1443 372 1478 a
393 1427 926 1492 Carthaginiensibus,
954 1427 1179 1492 Philipp.

245 1498 336 1557 11,
357 1499 410 1556 4,
432 1496 484 1550 9.
505 1522 575 1534 -
601 1497 654 1546 in
683 1497 854 1546 Pison.
880 1493 974 1557 19,
1003 1495 1091 1548 43.
1113 1519 1184 1532 --

246 1565 427 1617 defin.
463 1566 514 1630 2,
543 1564 628 1626 20,
655 1565 748 1617 65.
785 1565 838 1624 5,
867 1565 956 1629 27,
987 1563 1074 1615 82.
1108 1561 1182 1616 lb.

243 1635 304 1700 5,
325 1636 422 1694 29,
445 1601 834 1688 88'.——‹1en.d
837 1631 1182 1702 .3,32,,8,Ω,

243 1729 310 1740 --
327 1704 457 1753 Eum
478 1718 572 1752 nec
596 1716 956 1752 aerumnosum
987 1717 1082 1751 nec
1109 1703 1185 1750 in

245 1771 448 1822 felicem
470 1787 565 1821 nec
581 1773 824 1822 miserum
843 1785 1068 1834 unquam
1088 1783 1184 1834 pu·

244 1840 368 1889 tavit
415 1839 615 1903 cicere,
655 1840 836 1905 parad.
877 1840 940 1900 2,
983 1839 1065 1890 16.
1118 1837 1179 1888 cl.
1258 1873 1265 1880 .

141 1950 148 1954 .
245 1909 452 1962 Tuscul.
482 1909 548 1970 5,
565 1911 624 1973 5,
653 1897 743 1959 14.’
763 1934 833 1947 --
852 1907 1082 1974 Regulus
1099 1923 1184 1959 co-

243 1992 463 2043 gnomen
482 1980 631 2028 etiam
650 1978 1013 2040 Livineiorum,
1033 1977 1100 2027 cf.
1117 1977 1183 2027 ad

244 2046 367 2095 fam.
392 2045 485 2108 13,
506 2046 602 2106 60,
623 2045 674 2101 l.
716 2047 782 2096 ad
804 2047 911 2099 Att.
934 2045 985 2107 3,
1013 2046 1095 2109 17,
1131 2047 1202 2097 1..

181 2114 238 2166 G.
260 2111 494 2166 Attilius
515 2112 701 2179 (Atil.)
722 2112 1018 2168 Serranus.
1053 2115 1182 2163 Eum

241 2198 334 2233 sua
357 2198 513 2233 manu
533 2190 854 2249 spargentem
882 2197 1072 2243 semen,
1092 2184 1183 2246 qui

241 2253 386 2303 missi
436 2260 606 2313 erant,
660 2259 1002 2302 convenerunt
1019 2287 1032 2311 ,
1085 2266 1180 2319 pro

241 2319 362 2370 Sex.
382 2320 570 2370 Ro'scio
591 2320 674 2381 18,
697 2321 782 2373 50.

179 2386 238 2438 G.
258 2385 498 2439 Attilius
527 2386 713 2455 (Atil.)
733 2386 1006 2439 Serranus
1022 2424 1039 2451 ,
1072 2403 1177 2439 cos.

241 2473 288 2507 a.
306 2474 355 2506 u.
373 2472 419 2511 e.
437 2454 560 2508 648.
584 2456 736 2509 homo
753 2458 954 2521 nobiliS,
980 2458 1181 2522 praela·

238 2534 320 2575 tus
341 2527 394 2575 in
424 2526 670 2590 petitione
687 2525 977 2577 consulatus
1001 2525 1060 2585 Q.
1085 2525 1180 2577 Ca·

236 2594 361 2653 tulo,
381 2608 475 2658 pro
494 2594 701 2645 Plancio
719 2598 772 2657 5,
792 2596 877 2645 12.
895 2622 957 2633 --
975 2596 1045 2656 Is,
1066 2610 1182 2645 cum

239 2664 606 2713 interficeretur
636 2662 937 2714 Saturninus
966 2678 1013 2713 a.
1047 2679 1100 2715 ιι.
1132 2680 1180 2713 c.

239 2730 396 2790 654.
427 2746 524 2796 pro
561 2732 724 2781 salute
753 2734 1010 2783 communi
1039 2746 1182 2783 arma

241 2800 407 2863 cepit,
419 2800 598 2878 proc.
618 2802 792 2851 Rabir.
811 2800 955 2867 perd.
978 2801 1031 2862 7,
1057 2802 1144 2853 21.

172 2862 298 2917 Sex.
311 2864 553 2919 Attilius
567 2867 724 2933 (Atil.
728 2868 751 2935 )
768 2868 1042 2921 Serranus
1064 2872 1179 2919 etP.

235 2934 418 2985 Furius
448 2936 624 2987 Philus
651 2952 784 2989 coSS.
817 2954 864 2988 a.
895 2954 950 2987 ιι.
983 2954 1028 2987 c.
1055 2938 1180 2991 618.

236 3006 555 3070 rogationem
571 3006 794 3057 tulerunt
813 3008 876 3057 de
895 3005 950 3057 0.
966 3005 1182 3058 Hostilio

236 3071 472 3123 Mancino
495 3074 816 3126 Numantinis
843 3075 1093 3137 dedendo,
1117 3078 1181 3127 de

146 3164 154 3169 ·
239 3112 1178 3210 0ff330109.01..a‹1mt12‚5'‚3.

168 3203 295 3260 Sex.
343 3180 584 3263 Attii’im
640 3210 858 3279 (Atil.)
883 3182 1180 3278 Serranus,

233 3278 472 3329 tribunus
489 3280 560 3345 pl.
583 3296 634 3335 a.
653 3297 705 3333 ιι.
727 3298 775 3335 o.
797 3281 920 3333 697.
943 3284 1182 3332 inimicus

236 3345 518 3408 Ciceronis,
539 3363 636 3413 pro
656 3349 824 3400 Sestio
849 3350 937 3410 33,
959 3351 1045 3402 72.
1077 3353 1182 3403 Ga-

234 3417 414 3467 vianna·
449 3432 482 3467 a
511 3415 672 3469 Gavio
711 3416 1024 3483 (Caepione)
1057 3420 1182 3470 ado-

2173 159 2251 219 41

1322 335 1495 394 ptatus
1522 328 1700 378 dieitur
1726 329 1796 382 ib.
1830 327 1917 389 34,
1952 328 2036 379 74.
2076 327 2146 377 lb.
2169 325 2257 388 39,

1322 397 1409 450 85.
1450 399 1521 448 11).
1542 397 1629 458 43,
1648 395 1733 448 94.
1766 405 1881 462 post
1898 398 2006 448 red.
2031 397 2097 446 ad
2116 395 2255 455 Quir-

1322 466 1585 522 5,12.--
1622 467 1893 516 lntercedit
1922 465 2053 518 SCto
2086 466 2149 516 de
2173 479 2259 514 ae-

1322 535 1471 585 dibus
1510 535 1741 586 Ciceroni
1776 535 2130 595 restituendis,
2168 534 2261 584 sed

1319 604 1495 668 paullo
1526 611 1643 669 post
1665 605 1945 664 concessit,
1980 603 2045 653 ad
2074 605 2179 654 Att.
2203 604 2257 664 4,

1320 675 1380 738 2,
1416 675 1467 726 4.
1499 701 1568 714 —
1602 673 1681 723 Ab
1720 688 1780 723 eo
1819 673 2140 722 sanctissima
2176 687 2259 722 sa-

1320 741 1450 792 cella
1468 741 1790 792 inaedificata
1808 749 1944 802 sunt,
1966 741 2031 791 de
2048 741 2256 806 harusp.

1318 827 1451 876 resp.
1479 811 1561 872 15,
1584 810 1667 861 32.
1687 835 1757 848 ——·
1775 810 1850 860 De
1872 809 2037 875 lapide
2060 818 2261 875 emptus

1321 879 1552 930 Ciceroni
1573 879 1771 940 dieitur,
1796 879 1846 928 in
1869 879 2041 928 Pison.
2066 879 2151 941 15,
2171 879 2257 929 65.

1252 944 1509 1010 (Attinas
1523 945 1579 1011 ⁴3)
1592 945 1867 998 Serranus
1879 945 2259 998 Domesticus.

1320 1015 1526 1066 Serrani
1552 1015 1828 1066 Domestici
1854 1016 1949 1064 filii
1970 1017 2124 1066 funus
2145 1031 2261 1080 per·

1320 1084 1607 1135 luctuosum
1652 1084 1751 1135 fuit
1798 1100 1851 1136 a..
1884 1087 1935 1140 d.
1986 1085 2100 1134 ΠΧ.
2147 1085 2261 1138 Kal.

1320 1153 1442 1205 Dec.
1478 1169 1527 1208 a.
1567 1169 1619 1206 u.
1654 1170 1701 1204 c.
1740 1153 1861 1206 700.
1894 1153 2147 1205 Laudavit
2170 1169 2262 1219 pa-

1321 1231 1397 1272 ter
1414 1224 1603 1288 scripto
1626 1223 1885 1274 Ciceronis
1900 1259 1915 1284 ,
1944 1223 2011 1273 ad
2034 1223 2094 1282 Q.
2122 1223 2187 1272 fr.
2208 1221 2260 1287 3,

1320 1291 1383 1351 8,
1414 1293 1466 1342 5.

1252 1357 1440 1410 Attius
1458 1395 1471 1422 ,
1517 1375 1564 1409 v.
1586 1360 1773 1423 partlm
1797 1357 2006 1410 Accius
2024 1395 2037 1422 ,
2075 1360 2261 1423 partim

1320 1424 1504 1478 Atius.

1252 1497 1420 1548 Attus
1440 1491 1681 1558 Navius,
1713 1509 1764 1544 v.
1786 1492 2016 1544 Navius.

1254 1564 1509 1632 Atyanas
1591 1563 2032 1628 Adramyttenus,
2112 1561 2261 1630 pugil

1324 1633 1702 1699 Olympionices
1736 1648 1783 1682 a.
1818 1648 1871 1688 u.
1907 1647 1952 1685 c.
1988 1600 2139 1695 682.,
2165 1649 2260 1700 pro

1249 1747 1254 1752 .
1320 1703 1503 1752 Flacco
1528 1701 1609 1760 13,
1629 1701 1713 1754 31.
1841 1703 1845 1708 “

1252 1771 1465 1824 Auctus
1496 1786 1539 1820 s.
1570 1767 1779 1821 Aucius
1806 1771 2115 1836 proconsul,
2147 1768 2259 1820 Sul-

1323 1841 1450 1907 picii
1500 1853 1784 1890 successor.
1842 1839 2037 1889 Nomen
2090 1851 2263 1889 corru-

1323 1915 1499 1975 p,tum
1532 1909 1599 1959 ad
1616 1909 1740 1959 fam.
1767 1907 1849 1968 13,
1870 1907 1971 1959 50
1958 1923 2111 1959 mser

1251 1925 1613 2030 Auffidianum
1619 1992 1828 2038 nomen,
1847 1979 1913 2027 ad
1934 1977 2157 2038 ram.16,
2181 1976 2262 2028 19.

1254 2046 1355 2098 Gn.
1389 2044 1668 2098 Aufidius.
1710 2044 1803 2095 Gn.
1843 2046 2079 2097 Aufidius
2114 2062 2261 2111 prae-

1319 2117 1480 2167 torius
1499 2130 1679 2166 caecus
1704 2122 1753 2165 et
1782 2117 1835 2164 in
1854 2122 2030 2166 senatu
2062 2124 2263 2166 senten-

1319 2188 1441 2235 tiam
1479 2185 1613 2235 dixit
1640 2200 1734 2235 neo
1768 2186 1945 2243 amicis
1978 2185 2263 2235 deliberan-

1318 2256 1456 2304 tibus
1492 2254 1656 2305 defuit
1688 2260 1738 2303 et
1766 2252 2010 2304 Graecam
2054 2255 2264 2319 scripsit

1318 2323 1583 2373 historiam
1601 2359 1615 2382 ,
1637 2322 1843 2376 Tuscul.
1869 2324 1921 2387 5,
1942 2321 2027 2378 38,
2052 2322 2167 2373 112.
2194 2348 2263 2359 —-

1320 2392 1387 2442 cl.
1407 2390 1472 2443 de
1490 2390 1577 2439 fin.
1603 2392 1655 2449 5,
1677 2389 1762 2452 19,
1793 2392 1881 2443 54.
1900 2415 1970 2426 -
1987 2391 2111 2439 Eius
2142 2406 2264 2440 con-

1320 2461 1507 2511 stantia
1521 2459 1571 2507 in
1593 2458 1834 2517 orbitate,
1854 2458 2040 2523 fragm.
2060 2472 2113 2521 p.
2137 2456 2255 2509 293.

1319 2554 1391 2567 —-
1416 2527 1697 2591 Adoptavit
1728 2524 1816 2575 Cn.
1848 2526 2109 2575 Aurelium
2140 2526 2262 2577 Ore-

1322 2606 1477 2659 stem,
1504 2596 1567 2647 de
1589 2596 1741 2646 domo
1761 2608 1855 2643 sua
1876 2593 1958 2655 13,
1980 2594 2063 2646 35.

1252 2665 1384 2718 Sex.
1415 2660 1673 2716 Aufidius
1708 2663 1858 2713 heres
1901 2664 1959 2723 Q.
1993 2663 2163 2725 Turii,
2194 2665 2261 2716 ad

1320 2736 1444 2785 fam.
1477 2735 1559 2798 12,
1582 2733 1667 2794 26,
1694 2732 1742 2785 1.
1778 2733 1851 2783 lb.
1876 2734 1956 2795 12,
1981 2734 2065 2785 27.

1253 2804 1325 2855 Τ.
1347 2800 1626 2867 Aufidius,
1646 2810 1947 2869 propraetor
1966 2804 2143 2865 Asiae,
2149 2818 2259 2890 ’pro

1321 2870 1500 2922 Flacco
1523 2870 1606 2934 19,
1626 2874 1713 2923 45.

1253 2938 1323 2991 Τ.
1339 2937 1620 3070 Aufidgus,
1634 2949 1803 2991 orator
1816 2940 2102 3004 mediocriS,
2117 2938 2258 2989 Brut.

1250 3076 1330 3129 Μ.
1369 3074 1628 3128 Aufidius
1664 3075 1847 3129 Lurco
1868 3110 1883 3138 ,
1926 3076 2073 3123 testis
2111 3075 2164 3122 in
2197 3074 2257 3124 L.

1322 3146 1581 3205 Flaccum,
1622 3160 1715 3211 pro
1746 3145 1924 3194 Flacco
1951 3145 2014 3202 4,
2049 3140 2131 3191 10.
2179 3143 2255 3195 Ib.

1321 3214 1409 3277 34,
1432 3214 1501 3266 86
1524 3229 1637 3275 sqq.
1677 3213 1818 3263 Idem
1840 3212 2055 3261 fortasse
2078 3217 2155 3260 est

1251 3280 1514 3334 Aufidius
1541 3279 1753 3345 Lurco,
1780 3281 2011 3330 tribunus
2038 3279 2109 3344 pl.
2134 3293 2180 3328 a.
2202 3294 2257 3332 ιι.

1324 3367 1369 3401 c.
1385 3350 1529 3410 693..
1550 3352 1635 3413 qui
1657 3349 1823 3415 legem
1842 3350 1907 3397 de
1927 3348 2121 3396 ambitu
2138 3361 2258 3411 pro-

1324 3418 1605 3481 mulgavit,
1638 3420 1706 3469 ad
1725 3420 1827 3468 Att.
1855 3418 1879 3466 1
1898 3452 1913 3475 ,
1940 3414 2022 3474 16,
2050 3414 2132 3465 13.
