2500 3850
946 116 1147 162 INDIA
1174 137 1260 146 —-
1293 115 1696 164 ISOCRATES.

247 271 453 332 india,
482 271 691 324 Tuscul.
728 273 789 330 5,
820 273 905 320 27.
958 271 1019 319 de
1049 285 1100 318 n.
1137 271 1187 324 d.
1227 273 1276 332 1,

328 342 417 397 35,
439 339 525 392 67.
563 343 637 391 lb.
660 339 712 402 3,
736 339 817 398 16,
837 341 922 390 42.

246 406 723 473 Induciomarus,
785 409 890 457 dux
938 408 1278 474 Allobrogum

330 471 755 540 caeterorumque
826 476 1079 528 Gallorum
1100 513 1114 540 ‚
1182 493 1277 542 pro

328 549 476 596 Font.
506 548 589 608 17,
612 547 697 598 36.
718 574 787 584 -
805 547 967 596 Testis
986 547 1039 594 in
1060 547 1124 594 M.
1146 548 1278 596 Fon·

330 619 508 678 teium,
531 617 707 666 minax
731 623 881 677 atque
900 617 1172 680 adroganS,
1196 616 1273 669 Ib.

330 685 395 744 8,
424 686 487 734 17
510 692 559 734 et
584 686 669 744 12,
694 683 778 736 26.

251 754 455 817 Indus,
473 755 700 804 omnium
720 754 985 802 fluminum
1005 756 1274 820 maximus,

333 825 401 872 de
421 837 472 872 n.
497 823 546 872 d.
569 825 619 881 2,
642 822 727 883 52,
752 821 869 876 130.

252 891 520 955 lnenses,
553 891 746 940 incolae
776 893 921 951 Inae,
954 892 1130 955 oppidi
1148 891 1277 942 Sici-

332 961 434 1010 kiae
472 963 607 1010 circa
643 961 1047 1025 promontorium
1083 961 1275 1026 Pachy-

328 1045 483 1094 num,
506 1031 651 1079 Verr.
674 1037 895 1078 accusat.
919 1028 971 1091 3,
990 1028 1073 1092 43,
1096 1029 1211 1080 103.

254 1097 438 1150 Initia
461 1101 571 1148 sive
590 1097 827 1162 Mysteria
843 1133 857 1160 ,
881 1099 945 1148 de
964 1099 1065 1164 leg.
1093 1099 1150 1162 2,
1188 1099 1272 1160 14,

330 1167 419 1219 36.
466 1168 526 1217 V.
548 1165 819 1218 Athenae.
929 1207 952 1223 2

255 1235 384 1299 Ino,
409 1236 585 1286 Cadmi
608 1235 740 1297 fllia,
764 1228 1061 1284 Λευκοθέα
1076 1273 1089 1295 ,
1112 1237 1274 1285 nomi-

296 1333 305 1337 ·
326 1315 451 1355 nata
482 1320 512 1354 a
534 1303 767 1366 GraeciS,
801 1305 991 1354 Matuta
1010 1321 1039 1354 a
1060 1306 1274 1366 Latinis,

329 1373 541 1429 Tuscul.
567 1375 594 1423 1
612 1411 624 1434 ,
659 1374 749 1434 12,
776 1375 860 1424 28.
904 1374 964 1424 el.
988 1374 1053 1423 de
1072 1389 1121 1426 n.
1147 1375 1197 1423 d.
1218 1374 1270 1436 3,

331 1443 416 1560 ἐξ,
440 1443 524 1494 39.
558 1444 633 1494 lb.
656 1443 715 1502 3,
740 1442 831 1506 19,
850 1444 937 1495 48.
971 1444 1034 1493 V.
1056 1441 1274 1493 Leuco-

402 1525 487 1560 ea.

256 1579 503 1630 Insuber
533 1581 871 1646 ignominiose
896 1582 1183 1647 appellatur
1210 1581 1270 1629 L.

331 1647 631 1713 Calpurnius
648 1651 785 1712 Piso,
805 1652 857 1700 in
878 1651 1048 1701 Pison.
1073 1650 1156 1713 15,
1181 1649 1269 1703 34.

256 1715 559 1781 Insubres,
590 1719 766 1784 populi
798 1718 988 1770 Galliae
1024 1718 1272 1782 Cispada-

330 1801 444 1846 nae.
488 1787 669 1838 Eorum
698 1787 879 1838 foedus
900 1805 1014 1841 cum
1028 1787 1273 1839 Romanis

331 1864 596 1920 exceptum
616 1893 630 1917 ,
655 1873 747 1922 pro
766 1857 923 1907 Balbo
947 1859 1030 1918 14,
1053 1856 1138 1912 32.

259 1925 483 1989 Insula,
523 1942 643 1991 pars
680 1926 1042 1994 Syracusarum
1060 1963 1073 1987 ,
1122 1930 1266 1979 Verr,

244 2036 254 2051 ,
331 2004 555 2045 accusat.
575 1998 625 2059 4,
648 1996 735 2059 52,
758 1997 877 2048 117.

262 2061 621 2115 Intemelium
637 2101 653 2129 ,
676 2066 921 2129 oppidum
944 2068 1070 2116 citra
1089 2065 1268 2131 Alpes,

330 2131 485 2184 hodie
512 2135 851 2199 Ventimiylia,
884 2136 950 2185 ad
967 2135 1088 2185 fam.
1109 2135 1159 2199 8,
1185 2135 1269 2196 15,

330 2202 381 2249 2.
418 2202 481 2254 V.
503 2200 795 2254 Intimelii.

262 2266 613 2336 Interamna,
646 2272 884 2323 Umbriae
914 2274 1160 2339 oppidum
1192 2274 1272 2323 di-

332 2347 496 2401 ctum,
534 2341 599 2390 de
627 2341 776 2391 domo
799 2356 892 2391 sua
920 2341 1014 2405 30,
1046 2342 1136 2395 80.
1178 2356 1270 2405 pro

329 2408 435 2457 Mil.
458 2410 522 2459 17
538 2446 553 2471 ,
573 2409 659 2461 46.
700 2408 923 2476 Philipp.
949 2414 1008 2474 2,
1031 2412 1094 2461 41
1112 2448 1126 2471 ,
1150 2411 1266 2461 105.

331 2478 398 2526 ad
418 2478 522 2528 Att.
546 2479 595 2538 2,
622 2478 669 2539 1,
700 2480 750 2530 5.
769 2506 841 2517 —-
858 2481 1271 2530 Interamnatium
1323 2533 1332 2543 ι

332 2555 381 2595 et
416 2545 743 2601 Reatinorum
794 2550 1167 2600 controversiae
1206 2550 1270 2599 de

335 2615 447 2664 lacu
465 2616 675 2678 velino,
698 2618 771 2669 lb.
791 2620 843 2683 4,
871 2618 953 2679 15,
974 2619 1023 2668 5.

270 2679 536 2734 {ntimelii
558 2701 602 2739 s,
634 2684 946 2753 Intemelii,
982 2686 1163 2737 civitas
1181 2687 1270 2737 Li-

332 2756 535 2818 gutiae,
558 2754 695 2807 Cael.
718 2756 783 2805 ad
803 2755 926 2807 fam.
947 2756 999 2818 8,
1023 2756 1105 2818 15,
1128 2759 1179 2808 2.

266 2818 579 2873 Invidentia
604 2824 702 2874 dea
718 2860 731 2883 ‚
756 2826 821 2875 de
838 2840 889 2874 n.
914 2826 966 2875 d.
986 2824 1037 2885 3,
1060 2826 1143 2885 17,
1164 2826 1251 2875 44.

266 2887 451 2961 Iolaus
490 2906 521 2940 a
550 2892 791 2943 Cicerone
820 2892 1047 2945 Violens
1081 2896 1269 2954 dietus,

331 2958 515 3025 fragm.
538 2977 592 3027 p.
626 2962 747 3015 353.

266 3026 623 3148 Ioggsbglenus
638 3031 964 3098 Graecorum,
985 3047 1077 3098 pro
1093 3032 1271 3083 Flacco

402 3134 415 3158 ‚
508 3134 521 3146 .

268 3162 419 3215 Ionia
477 3167 601 3218 Eius
636 3170 955 3221 nobilissima
978 3172 1156 3221 civitas
1180 3168 1273 3219 Sa-

331 3250 466 3294 mus,
488 3238 554 3287 ad
577 3239 637 3297 Q.
660 3238 723 3288 fr.
747 3241 795 3301 1,
818 3240 867 3301 1,
890 3240 939 3293 8.
963 3243 1011 3303 S.
1040 3240 1127 3290 25.

266 3301 481 3355 Ionium
500 3321 641 3357 mare
660 3322 900 3375 superum
918 3345 931 3369 ,
952 3316 1271 3373 portuosum,

330 3370 698 3442 Hadriaticum,
722 3378 787 3427 de
806 3386 933 3431 orat.
957 3376 1009 3440 3,
1039 3378 1123 3443 19,
1142 3377 1249 3433 69..

2235 104 2352 170 183

1347 266 1662 336 Iphigenia,
1688 271 2080 335 Agamemnonis
2101 274 2224 338 filia,
2244 275 2354 326 Au-

1416 339 1520 388 lide
1544 339 1804 388 immolata
1823 341 2039 401 Dianae,
2075 343 2274 393 Tuscul.
2299 345 2349 408 1,

1415 408 1502 468 48,
1525 409 1639 459 116.
1674 409 1736 457 de
1757 409 1842 462 off.
1867 410 1916 472 3,
1934 411 2019 469 25,
2037 411 2352 479 95.—-Iphi.

1419 478 1594 542 genia,
1632 477 1782 526 Ennii
1815 477 2103 542 tragoedia,
2134 483 2196 531 de
2219 497 2260 531 r.
2296 498 2349 547 p.

1420 546 1444 595 1
1466 581 1480 608 ,
1517 544 1583 596 18
1603 583 1616 606 ,
1643 543 1728 596 30.
1750 573 1818 582 --
1843 548 2108 612 Iphigenia
2130 550 2352 600 celebra-

1417 616 1618 664 tissima
1651 615 1932 665 Timanthis
1956 619 2182 682 pictura,
2223 629 2348 670 orat.
2376 645 2386 652 -

1417 685 1503 742 22,
1525 685 1608 732 74.
1651 685 1717 732 ad
1735 684 1852 738 Her.
1879 684 1930 746 3,
1949 688 2035 746 21,
2058 687 2143 740 34.

1348 750 1455 802 Iris
1487 755 1594 802 sive
1626 753 1744 800 Arci
1777 757 2002 818 specieS,
2041 756 2352 807 Thaumante

1417 822 1602 870 dicitur
1623 827 1740 870 nata
1757 859 1771 883 ,
1794 824 1858 873 de
1877 839 1926 876 n.
1949 824 1996 873 d.
2016 824 2067 888 3,
2088 826 2175 885 20,
2195 826 2280 876 51.

1345 890 1506 941 Isara
1544 891 1732 941 flumen
1760 894 2040 942 maximum
2080 897 2131 943 in
2165 895 2350 945 finibus

1412 959 1775 1024 Allobrogum,
1811 961 1878 1011 ad
1905 961 2026 1010 fam.
2055 963 2144 1022 10,
2177 963 2270 1024 15,
2297 961 2347 1012 3.

1414 1032 1484 1079 lb.
1513 1029 1606 1090 18,
1639 1029 1670 1077 2
1692 1037 1741 1078 et
1762 1033 1814 1080 4.
1847 1030 1920 1080 lb.
1955 1032 2163 1094 10,21,
2183 1033 2236 1082 2.
2274 1032 2348 1082 Ib.

1417 1099 1496 1160 10,
1517 1097 1603 1158 23,
1626 1095 1676 1146 3.
1714 1099 1786 1148 Ib.
1810 1099 1891 1163 11,
1918 1099 1998 1164 13,
2019 1104 2071 1152 4.

1343 1165 1558 1230 Isauri,
1587 1169 1810 1231 populus
1845 1171 2098 1229 isauriae,
2135 1170 2198 1218 ad
2226 1169 2348 1222 fam.

1416 1237 1480 1286 15
1496 1273 1510 1296 ,
1545 1237 1604 1293 2,
1636 1236 1684 1285 1.
1738 1239 2010 1286 Isauricum
2050 1238 2214 1289 forum
2230 1276 2245 1303 ,
2284 1239 2349 1288 ad

1414 1308 1519 1353 Att.
1542 1307 1592 1362 5,
1614 1305 1697 1365 21,
1720 1305 1771 1354 9.
1823 1359 1828 1362 ,

1344 1371 1746 1424 Ischomachus
1769 1373 2111 1432 Atheniensis,
2131 1387 2350 1437 persona

1415 1442 1734 1491 Oeconomici
1757 1441 2111 1504 Xenophontis
2139 1448 2188 1490 et
2210 1443 2348 1491 Cice-

1413 1512 1550 1560 ronis
1565 1547 1578 1570 ‚
1599 1509 1782 1574 fragm.
1805 1525 1855 1574 p.
1878 1510 1980 1560 264
1999 1517 2048 1558 et
2068 1509 2190 1560 265.

1344 1577 1512 1631 Isiaci
1533 1581 1862 1638 coniectoreS‚
1877 1579 2202 1642 contemptim
2213 1579 2350 1643 apud

1413 1649 1628 1698 Ennium
1652 1649 1704 1696 in
1723 1646 1922 1710 Satiris,
1949 1647 2239 1697 sacerdotes
2259 1648 2351 1696 Isi-

1414 1719 1492 1768 dis
1507 1757 1522 1778 ,
1546 1719 1606 1768 de
1629 1713 1786 1770 divin.
1813 1719 1859 1778 1,
1882 1717 1964 1778 58,
1994 1717 2112 1770 132.
2293 1728 2298 1730 '

1342 1783 1623 1849 Isidorus,
1644 1787 1856 1851 mimUS,
1885 1795 2029 1851 pater
2046 1786 2263 1850 Tertiae,
2289 1784 2346 1838 G.

1410 1857 1586 1907 Verris
1611 1857 1833 1918 amicae,
1866 1857 2011 1908 Verr.
2035 1861 2262 1906 accusat.
2295 1852 2345 1918 3,

1409 1925 1498 1987 34,
1523 1927 1606 1976 78.

1339 1993 1596 2046 Isidorus
1621 1995 1804 2053 Attici,
1828 1996 1893 2044 ad
1912 1997 2017 2047 Att.
2044 1994 2126 2054 11,
2145 1994 2196 2052 4,
2218 1993 2284 2063 1.,

1340 2062 1449 2115 Isis
1465 2100 1479 2127 ‚
1504 2065 1567 2114 de
1585 2080 1635 2113 n.
1659 2064 1710 2115 d.
1733 2064 1783 2125 3,
1810 2062 1888 2127 19,
1917 2064 2007 2114 47.

1341 2130 1649 2197 Ismenias,
1709 2134 1896 2185 nobilis
1945 2132 2346 2198 'Tyndaritanu8‚

1411 2204 1559 2253 Verr.
1582 2210 1803 2252 accusat.
1825 2206 1876 2262 4,
1897 2203 1983 2262 42,
2001 2202 2086 2252 92.

1341 2270 1623 2323 Isocrates
1645 2271 1930 2335 discipulus
1952 2272 2168 2335 Gorgiae
2186 2270 2349 2318 Leon-

1410 2342 1522 2389 tini.
1555 2340 1791 2399 Librum,
1828 2341 1912 2401 qui
1947 2339 2348 2388 Panathenaicus

1410 2410 1720 2471 inscribitur,
1745 2414 1924 2469 quarto
1950 2414 1998 2455 et
2017 2408 2346 2470 nonagesimo

1409 2490 1540 2527 anno
1573 2478 1844 2539 scripsisse
1879 2490 1935 2524 se
1969 2475 2090 2524 dicit
2121 2476 2349 2537 vixitque

1409 2545 1806 2609 quinquennium
1836 2554 2044 2609 postea,
2080 2544 2144 2593 de
2165 2559 2272 2596 sen.
2296 2546 2347 2605 5,

1411 2613 1583 2667 13.1b.
1598 2614 1648 2674 7,
1662 2612 2069 2666 23.-Isocrates
2085 2614 2280 2664 audivit
2297 2615 2349 2663 in

1407 2683 1672 2733 Thessalia
1705 2683 2000 2735 adolescens
2030 2698 2202 2733 senem
2226 2682 2350 2733 Gor-

1407 2754 1575 2819 giam,
1595 2768 1834 2803 numeros
1855 2754 2100 2803 oratorios
2119 2754 2352 2803 modera-

1409 2823 1511 2873 tius
1529 2824 1860 2890 temperavit,
1893 2825 2002 2875 eius
2022 2823 2176 2884 liber,
2201 2837 2349 2885 quern

1409 2892 1478 2942 ad
1511 2892 1802 2958 Philippum
1857 2894 2184 2944 Macedonem
2227 2891 2352 2940 scri-

1411 2964 1544 3025 psit,
1574 2969 1700 3013 orat.
1723 2963 1810 3023 52,
1833 2963 1952 3014 176.
1973 2987 2043 2997 --
2063 2962 2192 3010 Eum
2209 2960 2348 3009 Plato

1411 3029 1778 3082 admirabiliter
1813 3033 1865 3080 in
1889 3030 2120 3082 Phaedro
2152 3028 2352 3077 laudari

1412 3100 1534 3150 fecit
1549 3101 1612 3151 ab
1635 3099 1872 3161 Socrate,
1897 3100 1959 3149 de
1989 3106 2095 3163 opt.
2129 3111 2246 3162 gen.
2274 3111 2348 3151 or.

1412 3167 1474 3229 6,
1515 3169 1601 3221 17.
1641 3187 1709 3205 -··
1742 3168 2004 3219 Laudatus
2041 3168 2093 3216 in
2126 3166 2349 3215 Platonis

1413 3237 1644 3288 Phaedro
1660 3272 1680 3297 ,-
1705 3246 1831 3286 orat.
1857 3236 1940 3299 13,
1959 3237 2046 3288 41.
2068 3260 2133 3271 --
2156 3236 2352 3283 Isocra-

1412 3314 1490 3356 tes
1523 3305 1843 3370 Theopompi
1876 3313 1925 3355 et
1961 3304 2153 3370 Ephori
2191 3304 2353 3368 magi-

1412 3381 1544 3437 ster,
1567 3374 1630 3425 de
1649 3383 1774 3426 orat.
1795 3376 1848 3437 2,
1872 3373 1954 3437 13,
1975 3375 2064 3427 57.
2102 3373 2240 3425 Brut.
2264 3371 2350 3425 56.
