2500 3850
299 115 416 176 164

358 273 601 332 blicarum
624 285 899 347 dederunt,
925 301 1137 352 corpora
1159 288 1302 337 iuve-

360 366 479 400 uum
502 351 695 402 firmari
714 354 885 404 labore
903 355 1171 406 voluerunt
1188 393 1201 416 ,
1222 358 1297 407 Ib.

361 422 419 478 2,
461 420 555 484 15,
583 421 669 475 36.
704 450 767 460 -
808 422 1023 476 Graecia
1060 440 1300 490 magnum

361 491 633 552 audaxque
704 494 977 543 consilium
1055 495 1298 559 suscepit,

358 558 497 620 quod
529 558 837 624 Cupidinum
873 571 922 612 et
956 564 1199 613 Amorum
1229 565 1300 612 si-

358 627 583 677 mulacra
617 630 671 678 in
709 633 989 696 gymnasiis
1034 647 1299 682 consecra-

358 697 459 754 vit,
503 697 567 746 de
600 698 701 764 leg.
745 699 927 766 fragm.
974 715 1027 765 p.
1071 699 1193 754 403.
1229 728 1298 737 -

358 764 571 815 Graecia
620 768 911 833 disciplinis
972 783 1072 818 non
1130 777 1298 833 potest

358 835 519 898 vinci,
540 836 606 886 ad
632 837 750 887 Her.
773 839 837 898 4,
872 838 964 897 32,
995 836 1080 888 43.
1098 863 1169 874 -
1189 840 1296 890 Mo·

355 911 593 954 numenta
622 905 899 956 litterarum
922 905 1161 956 Graeciae
1178 917 1297 956 sunt

355 974 525 1032 verbis
546 975 801 1025 ornatiora
823 991 975 1037 quam
998 976 1174 1036 rebus,
1198 992 1293 1042 pro

354 1039 543 1091 Scauro
580 1044 642 1106 2,
675 1040 726 1096 3.
761 1069 826 1080 -—
848 1043 1061 1094 Graecia
1092 1060 1296 1113 semper

350 1109 639 1172 eloquentia
671 1114 908 1177 princeps
957 1128 1070 1163 esse
1113 1115 1291 1175 voluit,

350 1179 416 1226 de
446 1186 574 1229 orat.
621 1179 681 1243 1,
727 1182 787 1237 4,
829 1181 915 1235 13.
946 1207 1017 1218 —
1055 1182 1289 1244 Graecia,

350 1260 507 1309 quum
534 1247 853 1311 eloquentiae
870 1251 1040 1301 studio
1062 1261 1196 1303 esset
1214 1253 1292 1301 in-

348 1330 502 1366 censa
524 1323 675 1380 atque
696 1320 971 1372 excelleret
990 1321 1044 1370 in
1066 1337 1125 1371 ea
1144 1337 1292 1386 prae-

350 1391 605 1448 staretque
637 1389 881 1453 caeteris,
908 1398 1077 1440 tamen
1112 1405 1290 1441 omnes

349 1461 483 1504 artes
501 1457 805 1508 vetustiores
827 1459 1045 1508 habebat
1063 1467 1112 1507 et
1131 1461 1288 1510 multo

348 1531 465 1573 ante
518 1539 620 1574 non
666 1527 899 1578 inventas
942 1527 1140 1594 solum,
1197 1530 1289 1578 sed

346 1595 500 1641 etiam
535 1593 820 1658 perfectas,
862 1612 1015 1660 quam
1051 1596 1180 1649 haec
1210 1605 1289 1648 est

345 1676 375 1707 a
413 1660 622 1712 Graecis
660 1663 916 1716 elaborata
960 1667 1165 1717 dicendi
1206 1669 1288 1718 vis

344 1736 496 1792 atque
525 1732 702 1795 copia,
740 1733 883 1782 Brut.
920 1735 979 1799 7,
1020 1734 1105 1787 26.
1136 1760 1207 1771 -
1238 1737 1287 1784 Α

344 1797 559 1848 Graecia
588 1806 759 1850 vetere
792 1804 1012 1852 maxime
1038 1804 1287 1855 celebrata

344 1873 421 1916 est
448 1881 649 1918 summa
670 1869 749 1918 vis
782 1885 1108 1920 numerorum
1133 1880 1286 1936 atque

340 1951 554 2000 vocum,
590 1938 653 1987 de
685 1946 805 1990 orat.
838 1940 901 2003 3,
935 1941 1033 2000 51,
1068 1940 1187 1997 197.
1216 1970 1283 1978 -

342 2005 557 2073 Graecia
575 2006 737 2058 multo
766 2010 934 2059 minus
956 2011 1106 2059 etiam
1131 2026 1284 2073 quam

340 2074 530 2125 Rhodii
580 2078 807 2141 opimum
862 2093 1024 2145 genus
1077 2079 1283 2129 dicendi

338 2144 603 2206 probavit,
638 2153 765 2196 orat.
788 2147 855 2206 8,
892 2149 977 2197 25.
1000 2149 1282 2199 -Verbo·

340 2226 450 2261 rum
470 2214 620 2277 inops
641 2216 892 2265 interdum
914 2214 1123 2267 Graecia
1138 2254 1153 2278 ,
1179 2220 1282 2267 Tu-

338 2281 465 2334 scul.
489 2283 539 2339 2,
561 2284 641 2347 15,
669 2282 755 2337 35.
789 2292 893 2335 tota
912 2286 1037 2335 Asia
1058 2298 1107 2337 et
1128 2286 1283 2337 Grae·

339 2351 447 2409 cia,
481 2352 628 2405 Verr.
661 2360 885 2407 accusat.
918 2356 982 2417 4,
1022 2353 1117 2415 59,
1158 2354 1278 2406 132.

340 2420 556 2471 Athenis
580 2428 629 2471 et
657 2422 776 2473 aliis
808 2425 860 2473 in
889 2425 1102 2473 urbibus
1124 2423 1268 2474 Grae·

335 2489 446 2539 ciac
459 2526 474 2550 ,
494 2505 589 2556 pro
610 2490 713 2541 Mil.
736 2491 820 2555 29,
839 2491 925 2545 80.

269 2552 509 2608 Graecia
535 2574 758 2627 magna.
798 2560 1009 2611 Graecia
1029 2561 1278 2625 simplici-

333 2636 411 2673 ter
434 2641 525 2689 pro
546 2627 759 2678 Graecia
776 2644 981 2695 magna,
1002 2644 1095 2695 pro
1116 2630 1272 2680 Arch.

334 2694 384 2755 5,
415 2695 495 2744 10.
529 2722 595 2731 —-—
615 2696 807 2745 Floruit
826 2699 877 2745 in
905 2698 1047 2749 ltalia
1069 2698 1276 2749 Graecis

334 2764 700 2824 potentissimis
758 2767 996 2816 maximis
1062 2768 1276 2817 urbibus

336 2843 423 2889 ea,
447 2844 576 2891 quae
596 2831 783 2897 Magna
812 2834 947 2885 dicta
966 2842 1065 2899 est,
1102 2838 1153 2885 in
1187 2836 1276 2885 iis-

336 2912 434 2957 que
466 2900 689 2962 primum
726 2903 893 2966 ipsius
931 2904 1275 2968 Pythagoreo·

333 2982 443 3015 rum
464 2982 703 3033 magnum
724 2986 905 3020 nomen
924 2979 1049 3032 erat,
1068 2973 1272 3022 Tuscul.

330 3040 383 3091 4,
410 3036 453 3095 l,
476 3038 527 3087 2.
556 3064 622 3075 —-
645 3038 767 3088 Eam
788 3040 1100 3106 Pythagoras
1124 3057 1274 3093 exor-

326 3108 471 3154 ‘navit
491 3114 541 3155 et
560 3108 799 3171 privatim
825 3111 877 3158 'et
899 3108 1105 3174 publice
1124 3125 1274 3175 prae-

332 3176 659 3225 stantissimis
697 3184 746 3227 et
782 3179 1112 3229 institutis-et
1149 3181 1273 3229 arti-

328 3244 454 3303 buS,
498 3245 567 3294 lb.
614 3246 673 3305 5,
712 3249 773 3307 4,
822 3246 906 3300 10.
950 3274 1017 3285 -
1060 3248 1272 3299 Graecia

332 3315 773 3379 magna-instituta
801 3330 833 3363 a
860 3316 1170 3383 Pythagora,
1202 3318 1270 3367 de

330 3388 457 3434 orat.
481 3381 542 3444 3,
562 3380 660 3442 34,
689 3383 807 3436 139.
834 3410 903 3423 -
920 3385 1121 3437 Referta
1146 3386 1268 3436 olim

832 125 1139 178 ‘GRAECIA
1169 132 1414 182 MAGNA
1446 155 1528 168 -·
1565 135 1847 184 GRATIA-

1442 291 1897 357 Pythagoreorum,
1934 295 2007 348 Ib.
2032 297 2093 359 2,
2127 298 2194 347 27
2215 335 2230 357 ,
2266 298 2386 352 154.

1439 388 1508 396 ——
1547 360 1756 412 Graecia
1789 377 1974 428 magna
2009 378 2144 414 nunc
2176 367 2386 428 quidem

1442 429 1607 480 deleta
1642 439 1746 488 est,
1783 430 2217 497 Pythagoreorum
2256 444 2388 486 tem-

1439 512 1564 563 pore
1583 500 1825 561 florebat,
1853 501 1915 550 de
1937 516 2038 554 am.
2058 504 2111 566 4,
2134 501 2217 554 13.

1371 583 1766 636 Graecostasis
1783 623 1799 650 ,
1825 587 1892 636 ad
1909 587 1970 647 Q.
1997 588 2063 638 fr.
2085 589 2134 651 2,
2161 589 2209 649 1,
2233 589 2287 640 3.

1371 666 1637 722 Graeculi
1660 669 1817 720 multa
1833 671 2028 736 fingunt
2040 707 2054 731 ,
2073 687 2167 737 pro
2185 671 2382 724 Scauro

1436 739 1487 802 2,
1513 741 1562 788 4.
1599 737 1956 790 Graeculorum
1983 741 2213 792 instituto
2237 743 2377 808 App.

1435 806 1677 856 Claudius
1697 816 1923 873 praetor,
1948 808 2001 858 P.
2027 809 2190 859 Clodii
2210 823 2380 875 pater,

1436 878 1721 926 contionem
1785 879 2096 944 interrogare
2159 881 2380 940 solebat,

1434 959 1529 1010 pro
1553 944 1684 995 Sest.
1709 946 1776 999 59
1795 983 1808 1007 ,
1835 946 1952 998 126.
1992 948 2146 998 Verbi
2172 957 2379 998 contro-

1433 1016 1599 1064 versia
1618 1016 1719 1064 iam
1747 1015 1836 1064 diu
1869 1023 2066 1078 torquet
2099 1014 2378 1068 Graeculos

1431 1081 1664 1133 homines
1707 1086 2052 1153 contentionis
2079 1087 2378 1150 cupidiores

1433 1167 1585 1213 quam
1607 1153 1850 1214 veritatis,
1874 1155 1937 1204 de
1957 1161 2083 1203 orat.
2113 1155 2258 1218 1,11‚
2281 1159 2373 1208 47.

1432 1220 1654 1271 Comites
1713 1221 1978 1286 Graeculi,
2051 1239 2375 1287 quocumque

1432 1291 1554 1352 ibat,
1577 1299 1718 1340 erant
1737 1291 1791 1342 P.
1816 1291 2011 1352 clodio,
2040 1307 2132 1358 pro
2158 1293 2263 1344 Mil.
2283 1294 2371 1353 21,

1363 1425 1544 1491 Graii,
1565 1429 1820 1490 antiquius
1841 1443 2021 1480 nomen
2044 1428 2370 1494 Graecorum,

1431 1496 1631 1547 Tuscul.
1661 1495 1723 1560 3,
1760 1495 1851 1555 18,
1883 1495 1969 1551 39.
2007 1525 2073 1535 -
2103 1497 2286 1549 Graius
2307 1516 2374 1549 an

1430 1566 1700 1625 bai-barne,
1736 1565 1799 1615 de
1833 1567 1936 1620 inv.
1965 1569 2022 1626 1,
2059 1569 2156 1630 24,
2193 1568 2277 1619 35.
2300 1598 2375 1607 -

1429 1633 1691 1684 Graiorum
1745 1633 1891 1684 falsis
1943 1637 2153 1686 vocibus
2201 1647 2373 1686 errant

1427 1703 1685 1768 planetae,
1721 1705 1783 1754 de
1804 1703 1962 1754 divin.
1987 1705 2014 1756 1
2031 1742 2046 1770 ,
2078 1705 2171 1764 11,
2194 1707 2278 1756 172
2301 1733 2374 1745 --

1427 1772 1694 1824 Graiorum
1741 1788 1852 1821 mos
1895 1774 1944 1821 in
1993 1775 2219 1839 tropaeis
2267 1785 2372 1825 sta·

1424 1842 1646 1902 tuendis,
1673 1843 1737 1891 de
1756 1842 1859 1894 inv,
1883 1843 1915 1891 2
1931 1879 1944 1900 ,
1967 1841 2058 1901 23,
2080 1842 2169 1894 69.
2191 1872 2261 1883 —
2283 1860 2370 1894 co-

1427 1909 1597 1975 loniae
1614 1927 1645 1962 a
1666 1909 1834 1961 Graiis
1859 1911 2134 1978 deductae,
2158 1912 2220 1962 de
2245 1930 2286 1962 r.
2313 1930 2366 1978 p.

1427 1982 1479 2040 2,
1498 1982 1548 2037 4,
1569 1980 1620 2031 9.

1358 2046 1731 2099 Grammatici
1764 2052 2026 2114 poetarum
2067 2050 2368 2114 explanato-

1427 2132 1535 2175 re5‚
1555 2118 1620 2167 de
1644 2118 1802 2170 divin.
1833 2119 1878 2177 1,
1898 2117 1982 2177 50,
2009 2117 2127 2171 116.

1351 2201 1416 2252 P.
1457 2200 1730 2261 Granius,
1762 2203 2049 2267 negotiator
2081 2203 2133 2251 in
2163 2202 2362 2263 Sicilia,

1419 2272 1564 2320 testis
1598 2272 1649 2319 in
1682 2271 1924 2331 Verrem,
1954 2271 2099 2323 Verr.
2135 2282 2360 2325 accusat.

1423 2341 1473 2397 5,
1494 2339 1581 2402 59,
1610 2339 1728 2391 154.

1349 2408 1421 2475 Q.
1447 2404 1692 2458 Granius
1713 2422 1916 2472 praeco,
1953 2406 2106 2473 Apud
2137 2424 2252 2457 eum
2283 2425 2364 2459 ce·

1416 2478 1557 2526 navit
1575 2476 1633 2525 L.
1662 2475 1876 2528 Crassus
1895 2487 2078 2532 orator,
2105 2492 2258 2539 quum
2282 2494 2365 2527 es-

1417 2553 1494 2595 set
1523 2546 1640 2595 trib.
1665 2545 1734 2609 pl.
1753 2582 1767 2605 ,
1800 2552 1928 2595 teste
1956 2544 2182 2604 Lucilio,
2216 2546 2361 2599 Brut.

1416 2613 1502 2675 43,
1523 2612 1642 2667 160.
1666 2641 1733 2649 -
1755 2614 1828 2664 De
1851 2630 1910 2664 eo
1932 2614 2090 2664 mulla
2108 2614 2360 2676 LuciliuS,

1416 2684 1491 2733 lb.
1511 2682 1598 2743 46,
1622 2682 1740 2742 172,
1759 2708 1827 2719 —-
1848 2682 2007 2733 Nemo
2027 2699 2088 2734 eo
2117 2684 2360 2744 dicacior,

1413 2752 1481 2801 de
1501 2760 1626 2801 orat.
1649 2754 1681 2802 2
1699 2787 1713 2811 ,
1739 2750 1834 2813 60,
1866 2753 1988 2805 244.
2024 2780 2090 2789 —-
2119 2752 2361 2802 Facetum

1415 2822 1525 2869 eius
1550 2822 1765 2885 dictum,
1800 2822 1872 2870 Ib.
1897 2823 1961 2883 2,
1993 2822 2090 2882 62,
2125 2821 2246 2875 254.
2279 2822 2357 2875 Ib.

1416 2890 1466 2948 2,
1490 2888 1573 2948 70,
1594 2889 1692 2940 281
1715 2898 1764 2939 et
1780 2888 1899 2941 282.
1919 2890 2121 2939 —Eius
2141 2890 2358 2940 facetiae

1414 2966 1464 3007 et
1485 2958 1641 3008 libere
1661 2959 1799 3009 dicta
1821 2960 1874 3007 in
1901 2960 1957 3011 P.
1989 2958 2255 3023 Nasicam,
2285 2959 2354 3008 Μ.

1413 3027 1636 3077 Drusum
1665 3036 1760 3077 etc.
1782 3064 1798 3089 ,
1826 3042 1921 3093 pro
1944 3027 2118 3077 Plano.
2147 3028 2240 3092 14,
2270 3027 2359 3081 33.

1414 3120 1485 3131 —
1501 3096 1807 3146 Memoratus
1833 3096 2028 3146 Lucilio
2045 3135 2059 3158 ‚
2083 3097 2148 3147 ad
2177 3099 2280 3148 Au.
2301 3097 2359 3153 6,

1412 3164 1478 3227 3,
1516 3168 1566 3216 7.
1601 3192 1669 3202 —-·
1704 3166 1828 3216 Eius
1853 3180 2034 3216 nomen
2065 3182 2158 3231 pro
2184 3180 2356 3215 exem·

1411 3232 1498 3298 plo
1533 3242 1810 3299 usurpatur
1847 3234 2068 3286 hominis
2115 3236 2266 3285 faceti
2307 3244 2355 3285 et

1411 3303 1628 3368 dicacis,
1651 3304 1718 3353 ad
1737 3303 1859 3356 fam.
1883 3303 1934 3366 9,
1959 3304 2042 3364 15,
2065 3306 2115 3358 2.

1343 3386 1544 3441 Gratia
1559 3389 1687 3455 dea,
1709 3389 1772 3439 de
1791 3404 1840 3443 n.
1868 3390 1920 3446 d.
1945 3388 1996 3453 3,
2022 3391 2102 3453 17,
2125 3392 2212 3441 44.
