2500 3850
252 197 368 258 196

243 363 323 414 Μ.
346 359 539 412 Iunius
554 398 569 425 ,
600 362 767 412 Publii
797 361 975 425 frater,
998 363 1142 410 Verr.
1166 377 1247 410 ac-

314 439 475 480 cusat.
503 432 553 492 l,
572 431 658 491 51,
684 430 803 484 135.

566 208 637 254 M.
670 207 905 254 IUNIUS
928 229 1013 240 —
1034 207 1103 252 D.
1130 207 1362 255 IUNIUS
1391 207 1658 255 BRUTUS
1679 207 2002 255 ALBINUS.

1390 361 1477 420 58,
1509 361 1622 415 123.
1663 324 2052 424 ailAtt.16‚5,
2077 364 2124 414 1.
2163 364 2225 412 de
2255 365 2341 415 di-

1392 433 1496 480 vin.
1521 431 1570 494 l,
1594 432 1678 488 22,
1701 434 1784 482 44.

242 499 307 550 Ρ.
346 497 540 550 Iunius
585 501 763 550 aedem
812 499 1034 552 Castoris
1072 499 1251 548 habuit
1321 499 1390 548 1).
1415 497 1606 549 Iunius
1641 499 1718 548 M.
1750 499 1817 548 F.
1851 498 2063 550 Brutus
2101 497 2338 551 Gallae-

312 570 554 619 tuendam
576 569 639 618 de
669 569 728 619 L.
770 565 915 618 Sulla
950 568 1010 626 Q.
1048 566 1250 617 Metello

312 637 607 688 consulibus
645 653 691 689 a.
728 653 783 690 u.
830 654 877 690 c.
912 637 1064 696 674.,
1103 638 1249 687 Verr.

312 713 533 757 accusat.
558 707 607 768 1,
628 706 715 768 50,
738 704 839 758 130
861 715 909 756 et
931 705 1050 758 132.

246 775 314 841 Q.
337 772 556 839 Iunius,
579 783 799 836 senator,
826 775 981 825 iudex
1000 775 1053 822 in
1074 775 1251 824 Verris

312 859 466 894 causa
483 845 701 894 reiectus
727 859 759 894 a
779 844 1020 894 Cicerone
1043 857 1089 892 a.
1110 860 1165 894 u.
1204 858 1247 890 c.

312 914 432 967 684.
447 951 462 978 ,
484 915 634 968 Verr.
656 920 881 964 accusat.
906 913 955 974 1,
976 913 1025 972 7,
1053 911 1133 962 18.

244 981 318 1033 T.
360 978 553 1034 Iunius
583 982 645 1034 L.
680 981 743 1032 F.
782 981 1079 1032 tribunicius
1094 1017 1109 1040 ,
1150 995 1247 1042 quo

314 1057 577 1102 accusante
605 1052 663 1100 P.
684 1050 910 1113 Sestius,
943 1057 1144 1115 praetor
1162 1050 1251 1099 de-

314 1123 543 1184 signatus
581 1135 627 1169 a.
658 1136 709 1169 u.
744 1135 787 1169 c.
820 1120 943 1173 654.
982 1120 1249 1168 damnatus

314 1199 389 1238 est
419 1189 637 1237 ambitus
658 1226 671 1249 ,
692 1189 829 1240 Brut.
851 1189 936 1252 48,
956 1188 1072 1239 180.

248 1255 439 1324 (Iunii)
480 1254 665 1307 Bruti.
721 1259 813 1308 Est
854 1258 1003 1320 quasi
1040 1257 1251 1305 deorum

310 1327 671 1376 immortalium
699 1326 943 1378 beneficio
975 1334 1023 1376 et
1043 1339 1250 1374 munere

312 1398 485 1447 datum
514 1399 586 1446 rei
617 1398 852 1460 publicae
869 1396 1140 1446 Brutorum
1162 1409 1251 1459 ge-

314 1481 409 1516 nus
426 1474 474 1516 et
487 1480 670 1516 nomen
684 1467 753 1516 ad
771 1466 1053 1514 libertatem
1070 1463 1252 1530 populi

313 1537 460 1586 Rom.
488 1535 571 1585 vel
610 1535 1013 1585 constituendam
1048 1533 1130 1582 vel
1174 1547 1252 1580 re-

313 1604 673 1667 cuperandam,
699 1604 922 1670 Philipp.
947 1604 998 1662 4,
1022 1600 1071 1664 3,
1095 1603 1145 1654 7.
1184 1602 1248 1649 cl.

313 1675 382 1720 ib.
410 1673 457 1734 2,
481 1671 565 1730 11,
586 1671 671 1721 26.

242 1737 305 1788 L.
346 1738 540 1791 Iunius
588 1739 817 1792 Brutus.
886 1740 1010 1789 Eius
1052 1739 1249 1797 laudes,

311 1808 448 1859 Brut.
473 1809 557 1873 14,
576 1807 661 1858 53.
677 1833 747 1844 -
761 1807 955 1872 Regem
974 1809 1251 1872 superbum

312 1891 412 1927 non
432 1875 565 1941 tulit,
584 1875 807 1942 Philipp.
828 1877 879 1937 3,
892 1879 944 1937 4,
958 1875 1009 1927 9.
1026 1902 1093 1912 -—
1106 1877 1250 1925 Prin-

312 1962 433 2014 ceps
454 1947 675 1996 maxime
694 1946 1030 1996 conservandi
1047 1947 1250 2012 generis

313 2026 361 2066 et
380 2016 618 2077 nominis,
642 2015 715 2068 lb.
740 2014 789 2077 3,
815 2017 864 2076 4,
892 2015 1251 2079 11.--Populi

311 2086 457 2135 Rom.
476 2086 580 2133 dux
601 2092 649 2133 et
666 2092 841 2133 auctor
861 2086 927 2134 ad
948 2084 1248 2143 libertatem,

312 2154 376 2203 de
393 2154 478 2205 fin.
499 2156 547 2211 2,
570 2152 652 2210 20,
667 2152 755 2203 66.
772 2178 838 2189 -
851 2152 1057 2217 Depulit
1076 2167 1107 2200 a
1126 2153 1252 2201 civi-

310 2224 405 2272 bus
426 2224 535 2271 suis
556 2223 799 2271 iniustum
820 2222 946 2271 illud
968 2222 1123 2270 durae
1143 2236 1250 2269 ser-

312 2292 487 2341 vitutis
505 2292 682 2355 iugum
705 2298 797 2339 etc.
816 2328 831 2352 ,
855 2291 917 2340 de
936 2306 979 2342 r.
1000 2304 1053 2353 p,
1078 2291 1110 2339 2
1126 2328 1140 2351 ,
1162 2291 1249 2350 25,

311 2360 397 2411 46.
414 2389 479 2396 -
500 2360 697 2427 Regum
717 2360 914 2410 exactio
932 2366 1099 2412 mente
1114 2396 1127 2417 ‚
1149 2374 1252 2409 non

312 2430 488 2496 lingua
508 2430 737 2494 perfecta
758 2430 815 2483 L.
839 2430 1009 2493 Bruti,
1032 2428 1095 2477 de
1121 2437 1247 2477 orat.

312 2500 361 2560 1,
380 2500 431 2559 9,
454 2498 537 2551 37.
560 2529 630 2539 —-
647 2499 897 2564 Populum
917 2498 1065 2549 Rom.
1089 2497 1252 2546 domi-

310 2576 429 2617 natu
468 2571 609 2633 regio
652 2568 910 2631 liberavit,
948 2568 1023 2616 Ib.
1068 2566 1127 2625 2,
1162 2565 1247 2627 55,

310 2636 431 2687 225.
464 2636 527 2688 el.
561 2652 653 2699 pro
683 2636 852 2685 Plane.
882 2636 976 2698 25,
1006 2634 1092 2687 60.
1132 2634 1252 2684 Phi-

308 2705 433 2767 lipp.
460 2704 505 2767 1,
520 2704 569 2762 6,
585 2704 665 2754 13.
682 2704 1057 2753 —Praeclarua
1075 2710 1253 2753 auctor

311 2769 589 2821 nobilitatis
610 2772 676 2823 M.
701 2773 872 2831 Bruti,
894 2772 1099 2821 Tuscul.
1123 2774 1175 2832 4,
1200 2774 1249 2835 1,

308 2842 361 2889 2.
378 2864 442 2875 --
464 2838 710 2889 Collatino
732 2840 959 2905 collegae
979 2842 1250 2904 imperium

311 2910 603 2973 abrogavit,
625 2908 690 2957 de
716 2906 875 2970 off..3‚
901 2908 983 2972 10,
1003 2909 1086 2958 40.
1110 2937 1167 2945 -—
1194 2912 1250 2959 In

310 2978 575 3027 liberanda
616 2978 777 3041 patria
814 2986 891 3025 est
936 2978 1248 3039 interfectuS,

310 3049 375 3097 de
410 3063 517 3100 sen.
552 3047 649 3109 20,
684 3048 771 3098 74.
802 3072 873 3083 -
903 3048 1096 3097 Arcens
1132 3063 1249 3098 eum

308 3116 476 3170 reditu
504 3125 799 3183 tyrannum,
840 3132 988 3177 quem
1016 3116 1125 3180 ipse
1152 3132 1247 3167 ex-

308 3186 529 3249 pulerat,
551 3188 601 3234 in
621 3184 811 3249 proelio
832 3186 1079 3245 concidit,
1098 3186 1246 3235 Tusc.

313 3255 369 3311 1,
403 3254 497 3313 37,
533 3254 619 3304 89.
654 3254 809 3307 cl.ib.
837 3256 900 3315 4,
930 3256 1027 3310 22,
1059 3254 1143 3307 50.
1180 3256 1247 3305 ad

310 3323 427 3370 Her.
450 3326 512 3385 4,
544 3323 639 3382 53,
671 3323 755 3374 66.
794 3324 973 3387 parad.
1002 3324 1058 3383 1,
1084 3326 1134 3384 2,
1150 3325 1241 3374 ·12.

310 3390 377 3439 ad
396 3394 497 3444 Att.
522 3392 612 3453 13,
631 3392 726 3455 40,
760 3391 806 3445 l.
829 3418 899 3429 -
919 3393 1130 3455 BrutuS,
1165 3392 1244 3441 fa—

309 3457 428 3508 bula
451 3467 764 3523 praetextata
794 3461 961 3521 Accii,
994 3474 1089 3525 pro
1109 3458 1239 3511 Sest.

1393 583 1519 631 cue,
1541 569 1717 619 consul
1749 583 1864 618 cum
1891 567 1947 616 P.
1970 568 2213 632 Scipione
2237 571 2336 618 Na-

1393 638 1503 686 sica
1523 635 1799 701 Serapione
1818 651 1864 686 a.
1888 652 1941 685 u.
1964 654 2007 686 c.
2026 637 2167 701 616„
2191 638 2332 699 Brut.

1392 706 1477 766 22,
1508 705 1595 760 85.
1616 731 1684 744 -—
1705 707 1766 755 Hi
1787 705 2024 756 consules
2049 707 2102 754 in
2129 707 2338 755 vincula

1393 775 1604 824 coniecti
1624 790 1655 824 a
1674 773 1728 824 C.
1751 773 1976 824 Curiatio
1996 776 2112 824 trib.
2136 776 2208 839 pl.
2225 813 2239 836 ,
2275 777 2338 824 de

1392 843 1496 908 leg.
1518 842 1570 904 3,
1588 845 1640 905 9,
1669 844 1752 894 20.
1773 871 1839 890 -.-
1861 843 1918 891 Iu
1939 843 2184 908 Hispania
2203 846 2337 893 ulte·

1391 913 1523 961 riore
1541 913 1757 962 feliciter
1773 921 1969 977 pugnat
1988 921 2037 961 et
2055 913 2117 962 de
2135 913 2337 963 Gallae-

1393 983 1464 1030 cis
1486 982 1790 1046 triumphat,
1821 995 1911 1044 pro
1933 981 2089 1031 Balbo
2120 983 2184 1032 17
2199 1017 2214 1050 2
2243 983 2335 1033 40.

1391 1076 1461 1087 -
1479 1050 1603 1101 Eius
1625 1059 1784 1100 mater
1803 1050 1979 1099 Clodia
1993 1088 2007 1111 ,
2036 1051 2104 1100 ad
2124 1053 2226 1099 Att.
2249 1051 2334 1113 12,

1391 1120 1477 1180 22,
1497 1120 1549 1171 2.
1575 1147 1640 1156 -
1662 1123 1840 1184 Augur
1858 1118 1982 1178 fuit,
2003 1120 2065 1168 de
2085 1135 2184 1169 am.
2207 1121 2256 1180 2,
2282 1121 2332 1167 7.

1281 1213 1284 1218 ·
1389 1217 1460 1228 —-
1497 1187 1559 1236 D.
1601 1189 1786 1238 Brutus
1826 1189 1973 1238 Accii
2025 1188 2336 1238 carminibus

1388 1257 1694 1321 templorum
1762 1272 1822 1306 ac
1895 1265 2337 1306 monumentorum

1392 1326 1560 1376 aditus
1617 1327 1883 1376 exornavit
1935 1341 2171 1385 suorum,
2237 1341 2333 1391 pro

1391 1394 1544 1448 Arch.
1585 1396 1644 1446 11
1664 1434 1676 1455 ,
1702 1397 1788 1444 27.
1829 1422 1894 1430 -—
1921 1394 1984 1448 D.
2011 1396 2186 1443 Iunius
2207 1395 2338 1444 Bru-

1391 1473 1502 1527 tus,
1536 1465 1604 1516 M.
1627 1465 1710 1524 R,
1748 1471 1796 1514 et
1816 1463 1982 1513 dicere
2015 1479 2110 1512 non
2145 1464 2337 1514 inculte

1323 1550 1327 1555 ·
1391 1532 1584 1582 solebat
1613 1541 1661 1582 et
1683 1540 1790 1581 erat
1811 1548 1964 1594 quum
1986 1533 2168 1582 litteris
2192 1533 2337 1582 Lati-

1392 1603 1474 1651 nis
1501 1609 1608 1652 tum
1631 1602 1784 1650 etiam
1803 1601 2006 1650 Graecis
2021 1638 2034 1662 ,
2049 1609 2112 1650 nt
2134 1608 2335 1666 tempo-

1391 1671 1530 1720 ribus
1567 1663 1694 1731 illis,
1753 1670 1978 1719 eruditus
1996 1707 2010 1730 ,
2062 1671 2201 1719 Brut.
2246 1671 2333 1733 28,

1321 1807 1390 1857 D.
1412 1806 1606 1858 lunius
1624 1805 1836 1858 Brutus
1851 1843 1866 1871 ,
1889 1823 2004 1857 cum
2026 1808 2334 1856 interficere-

1390 1885 1474 1927 tur
1496 1875 1798 1926 Saturninus
1829 1891 1875 1926 a.
1901 1892 1952 1927 u.
1978 1893 2022 1927 c.
2047 1876 2170 1929 654.
2191 1913 2205 1939 ,
2237 1892 2334 1942 pro

1393 1947 1556 1997 salute
1587 1949 1840 1995 communi
1869 1960 2010 1997 arma
2039 1948 2204 2011 cepit,
2239 1962 2334 2011 pro

1394 2014 1448 2063 C.
1483 2016 1656 2067 Rabir.
1689 2014 1835 2080 perd.
1860 2016 1922 2077 7,
1957 2015 2043 2067 21.
2077 2043 2142 2051 -—
2163 2015 2225 2065 D.
2251 2018 2334 2066 lu-

1394 2074 1508 2135 iiius
1541 2084 1759 2143 Brutus,
1792 2086 1867 2145 is,
1901 2084 1988 2147 qui
2019 2085 2194 2134 consul
2217 2100 2336 2133 cum

1394 2154 1645 2203 Mamerco
1665 2155 1704 2201 A
1713 2152 1883 2201 emilio
1903 2154 2098 2217 Lepido
2118 2154 2334 2202 Liviano

1394 2223 1490 2271 fuit
1510 2237 1554 2275 a.
1580 2238 1633 2275 u.
1658 2238 1702 2270 c.
1723 2221 1864 2285 677„
1883 2222 2035 2273 homo
2061 2230 2108 2270 et
2127 2220 2334 2271 Graecis

1393 2292 1571 2341 doctus
1621 2292 1797 2339 litteris
1835 2299 1883 2339 et
1918 2290 2140 2354 LatiniS,
2187 2290 2328 2345 Brut,

1391 2360 1611 2421 47,175.
1631 2360 1848 2420 —Eius‚
1863 2362 2010 2409 cuius
2033 2368 2088 2408 ut
2113 2362 2335 2409 satisda-

1390 2431 1516 2479 toris
1541 2429 1752 2493 praedia
1777 2430 2030 2493 suberant,
2045 2429 2334 2493 periculum

1394 2501 1448 2547 in
1481 2512 1637 2548 causa
1679 2497 1866 2565 pupilli
1906 2498 2033 2545 Iunii
2073 2495 2126 2545 C.
2173 2498 2335 2547 Verre

1391 2575 1625 2634 praetore
1637 2569 1832 2617 urbano
1847 2582 1957 2621 a.u.
1974 2581 2016 2614 e.
2031 2564 2169 2622 680.,
2179 2568 2330 2617 Verr.

1391 2643 1611 2686 accusat.
1651 2637 1708 2697 1,
1739 2636 1835 2698 55,
1876 2637 1990 2686 144.
2033 2636 2103 2683 lb.
2141 2636 2202 2698 l,
2243 2638 2333 2694 57,

1393 2705 1512 2756 150.
1534 2732 1599 2741 -—-
1621 2706 1682 2754 de
1699 2705 1800 2771 leg.
1827 2708 1876 2769 2,
1900 2705 1988 2753 ·21.
2009 2704 2092 2753 54.

1321 2772 1392 2823 l).
1424 2772 1616 2824 Iunius
1648 2771 1860 2823 Brutus
1890 2769 2146 2821 Albinus.
2189 2772 2254 2825 V,
2279 2774 2332 2821 in

1391 2842 1460 2891 1).
1482 2840 1674 2895 Iunius
1696 2842 1907 2893 Brutus
1928 2856 2034 2895 008.
2056 2856 2102 2893 a.
2125 2840 2246 2892 677.
2263 2868 2332 2877 —

1391 2911 1516 2960 Eius
1546 2928 1675 2962 uxor
1702 2911 1878 2962 Paulla
1911 2899 2148 2970 Valeria,
2188 2909 2328 2959 Cael.

1389 2982 1458 3030 ad
1476 2980 1599 3047 fam.⁴
1617 2982 1667 3042 8,
1695 2984 1745 3041 7,
1765 2984 1815 3032 2.
1833 3008 1898 3017 -
1921 2978 2150 3029 Ciceroni
2171 2979 2334 3031 tot‘um

1390 3052 1599 3100 Antonii
1619 3050 1886 3100 consilium
1911 3050 1978 3099 ad
2002 3046 2187 3097 bellum
2210 3063 2332 3113 spe-

1388 3128 1519 3169 ctare
1540 3120 1742 3170 videtur
1757 3156 1770 3182 ,
1795 3124 1841 3170 si
1866 3118 2070 3182 quidem
2088 3114 2151 3170 D.
2175 3118 2332 3167 Bruto

1386 3190 1649 3253 provincia
1677 3189 1891 3252 eripitur
1925 3202 1972 3240 a.
2007 3202 2060 3235 u.
2099 3200 2144 3236 c.
2186 3185 2328 3244 710.,

1385 3258 1452 3306 ad
1474 3258 1577 3309 Att.
1613 3258 1707 3318 15,
1742 3259 1800 3318 4,
1831 3258 1880 3309 1.
1903 3255 2048 3305 -L.
2079 3255 2331 3321 Antonius

1385 3328 1437 3375 in
1457 3325 1519 3377 D.
1545 3326 1756 3377 Brutum
1770 3329 1844 3377 ire
1863 3333 2038 3391 parat,
2059 3322 2132 3372 Ib.
2157 3324 2224 3373 15
2239 3360 2252 3381 ‚
2275 3324 2329 3383 5,

1384 3393 1435 3447 3.
1477 3395 1548 3445 ΙΙ).
1581 3410 1662 3459 ep.
1699 3395 1781 3447 10.
1812 3420 1876 3435 -·-
1898 3392 1955 3443 C.
1987 3391 2149 3443 Cassii
2178 3402 2228 3441 et
2259 3392 2326 3441 M.

1381 3461 1523 3511 Bruti
1544 3467 1838 3525 conquestio
1859 3465 1920 3514 de
1937 3478 2016 3523 eo,
2034 3461 2218 3567 1615,
2245 3461 2331 3520 11,
