2500 3850
728 210 1185 258 PYTHAGORAS
1207 233 1294 243 ——
1321 208 1774 257 PYTHAGORII.
2173 196 2294 259 333

280 369 491 428 animis,
532 381 685 429 quum
717 366 866 415 rebus
888 366 1077 417 divinis
1096 383 1218 432 ope-

280 454 385 486 ram
407 438 670 498 daremuS,
708 435 889 499 deleg.
914 438 975 499 2,
1009 437 1100 498 11,
1130 434 1214 486 23.

277 532 343 543 -
364 506 678 571 Pythagoras
700 512 747 553 et
764 503 907 553 Plato
926 504 1219 568 locupletis-

278 575 397 625 simi
416 582 645 624 auctores
665 610 679 633 ,
708 588 805 636 quo
825 574 877 622 in
898 575 1090 623 somnis
1110 589 1217 623 cer-

276 645 405 693 tiora
424 644 717 703 videamuS,
739 651 1071 707 praeparatos
1092 656 1217 704 quo-

276 712 392 761 dam
430 711 569 760 cultu
607 718 757 773 atque
792 712 931 759 victu
961 711 1215 775 proficisci

246 830 257 841 ,
280 783 343 829 ad
366 780 715 830 dormiendum
733 780 935 843 iubent,
970 781 1033 828 de
1052 780 1213 829 divin.

279 851 329 909 2,
350 848 439 915 58,
460 849 578 901 119.
598 876 665 885 -
679 847 996 914 Pythagoras
1017 849 1216 898 divina·-

210 964 219 971 .
278 919 401 967 tioni
447 932 685 983 magnam
734 918 1081 967 auctoritatem
1128 918 1214 966 tri-

277 987 414 1048 buit,
446 988 533 1049 qui
565 988 715 1036 etiam
750 986 864 1049 ipse
884 1000 1047 1051 augur
1065 985 1216 1036 vellet

278 1054 480 1115 haberi,
503 1056 577 1104 Ib.
604 1055 628 1104 1
647 1091 661 1118 ,
682 1054 713 1105 3
730 1092 745 1115 ,
764 1054 815 1108 5.
853 1054 916 1103 cl.
938 1055 1006 1104 ib.
1034 1055 1058 1104 1
1080 1091 1093 1118 ,
1127 1053 1211 1114 39,

270 1122 328 1175 8.
351 1152 416 1161 —
435 1123 749 1189 Pythagoras
774 1124 969 1173 censuit
988 1125 1213 1173 animum

266 1208 388 1241 -esse
417 1208 509 1257 per
544 1199 773 1241 naturam
808 1207 976 1242 rerum
1014 1206 1213 1243 omnem

276 1262 525 1311 intentum
544 1268 591 1310 et
610 1270 972 1310 commeantem
988 1296 1002 1320 ,
1034 1277 1095 1310 ex
1116 1277 1213 1324 quo

274 1332 437 1379 nostri
456 1332 954 1393 auimi'carperentur
968 1365 981 1390 ‚
1006 1330 1069 1377 de
1088 1345 1142 1377 n.
1163 1330 1214 1379 d.

277 1398 305 1448 1
324 1434 336 1456 ,
372 1399 434 1447 11
454 1434 467 1455 ,
504 1398 587 1447 27.
608 1423 677 1435 —-
692 1397 1009 1461 Pythagoras
1031 1396 1217 1461 Pytha-

276 1467 511 1531 goriique
526 1502 539 1523 ,
564 1464 721 1513 Italici
740 1464 1037 1528 philosophi
1057 1480 1216 1526 quon-

277 1536 393 1585 dam
417 1535 689 1597 nominati,
714 1548 986 1595 numquam
1018 1533 1216 1583 dubita-

274 1611 390 1654 runt
421 1604 542 1665 quin
579 1617 644 1649 ex
674 1602 911 1651 universa
940 1608 1105 1650 mente
1140 1601 1219 1650 di-

273 1672 393 1721 vina
413 1672 661 1721 delibatos
681 1670 877 1720 animos
896 1670 1215 1731 haberemu5‚

278 1742 341 1791 de
360 1756 471 1792 sen.
494 1741 556 1790 21
575 1776 587 1798 ,
611 1740 696 1790 78.
718 1765 789 1777 -—
805 1738 1123 1804 Pythagoras
1141 1739 1219 1787 in-

276 1810 437 1859 stituit
454 1816 609 1859 totam
629 1809 780 1858 illam.
794 1815 1019 1858 veterem
1043 1807 1217 1857 Italiae

280 1877 571 1942 Graeciam,
600 1876 736 1941 quae‘
752 1878 1006 1940 quondam
1032 1876 1217 1941 Magna

279 1948 497 1998 vocitata
517 1955 592 1996 est
608 1983 622 2007 ‚
649 1948 712 1997 de
732 1955 862 1996 orat.
886 1947 948 2012 3,
972 1947 1039 1998 34
1055 1984 1068 2007 ,
1095 1945 1214 1998 139.

277 2015 669 2082 ——Pythagoras
690 2024 739 2066 et
755 2016 899 2066 Plato
920 2017 1141 2066 animum
1163 2017 1216 2064 in

280 2085 405 2134 duas
425 2094 593 2150 partes
616 2086 876 2148 dividunt,
902 2085 1111 2134 alteram
1135 2099 1217 2133 ra-

277 2155 429 2205 tionis
447 2155 749 2219 participem
767 2153 985 2213 faciunt,
1006 2153 1217 2202 alteram

272 2229 567 2286 expertem,
606 2222 810 2271 Tuscul.
840 2221 995 2286 4,5,
1031 2222 1112 2273 10.
1145 2249 1217 2260 -—

278 2290 598 2354 Pythagoras
615 2289 809 2339 solebat
824 2257 995 2339 celare
1003 2291 1213 2350 alienOS,

278 2361 411 2410 den.
434 2359 483 2410 d.
500 2357 546 2418 1,
560 2358 645 2418 26,
668 2358 753 2410 74.
768 2359 970 2407 —Eius
992 2358 1217 2408 doctrina

277 2429 343 2478 de
362 2428 613 2486 uumeriS,
632 2395 839 2476 ''I'uscuL
864 2427 912 2486 1,
936 2425 1019 2486 10,
1040 2426 1127 2477 20.
1148 2455 1218 2462 -

279 2496 591 2562 Pythagoras
619 2496 687 2545 ad
704 2494 1019 2544 harmoniam
1038 2497 1215 2544 canere

280 2566 521 2614 mundum
543 2558 817 2627 existimat,
840 2564 975 2616 den.
994 2562 1043 2615 d.
1064 2562 1115 2626 3,
1132 2564 1213 2625 11,

280 2634 363 2684 27.
385 2633 813 2699 —PythagoraS,
836 2647 995 2694 quum
1021 2633 1071 2679 in
1094 2648 1215 2697 geo-

278 2704 458 2752 metria
488 2703 729 2765 quiddam
765 2703 884 2751 novi
926 2701 1215 2762 invenisset,

278 2771 438 2820 Musis
475 2773 653 2821 bovem
690 2769 983 2820 immolasse
1014 2769 1215 2829 dicitur,

281 2840 373 2890 sed
387 2841 443 2890 id
468 2855 567 2889 non
592 2840 835 2890 credibile
858 2846 949 2901 est,
977 2840 1217 2901 quoniam

279 2909 325 2958 is
356 2922 419 2958 ne
454 2907 681 2972 Apollini
710 2909 915 2972 quidem
942 2907 1087 2958 Delio
1127 2908 1218 2958 ho-

279 2979 430 3028 stiam
466 2978 728 3026 immolare
762 2977 948 3034 voluit,
984 2992 1049 3026 ne
1079 2992 1217 3026 aram

280 3048 525 3112 sanguine
543 3056 849 3113 aspergeret,
871 3047 945 3099 Ib.
958 3045 1007 3106 3,
1024 3045 1110 3107 36,
1128 3045 1212 3098 88.

280 3143 345 3151 —
372 3115 702 3182 'Pythagoras
756 3123 806 3164 et
861 3115 1213 3179 EmpedocleS,

279 3184 377 3233 viri
434 3185 643 3234 maximi
706 3193 755 3234 et
818 3184 955 3235 docti
976 3221 991 3246 ,
1064 3199 1213 3234 unam

279 3254 503 3302 omnium
568 3254 899 3307 animantium
960 3253 1215 3311 condicio-

274 3335 395 3369 nem
431 3322 554 3372 iuris
590 3337 703 3372 esse
736 3321 1070 3379 denunciant,
1115 3321 1216 3370 cla-

274 3398 519 3452 mantque
537 3391 869 3455 inexpiabiles
899 3403 1090 3454 poenas
1119 3389 1215 3436 im-

278 3459 502 3523 pendere
521 3460 612 3524 iis,
636 3475 665 3508 a
686 3459 869 3521 quibus
888 3455 1129 3508 violatum
1148 3457 1215 3506 sit

1361 365 1576 425 animal,
1600 365 1662 414 de
1681 380 1722 412 r.
1747 379 1800 430 p.
1820 360 1873 427 3,
1897 365 1978 427 11,
2006 364 2090 415 19.
2111 390 2178 401 --
2197 366 2298 430 Py-

1359 435 1629 499 thagoraS,
1667 448 1822 496 quum
1848 434 2091 484 vinolenti
2121 434 2297 484 adole-

1360 512 1558 553 scentes
1581 537 1594 550 .
1618 542 1631 555 .
1655 502 1883 552 mulieris
1914 503 2128 568 pudicae
2158 504 2296 553 fores

1357 572 1667 637 frangerent,
1679 572 2006 623 admonuisse
2019 572 2296 635 tibicinam,

1357 650 1412 692 ut
1429 642 1710 707 spondeum
1731 649 1950 703 caneret,
1980 641 2164 691 dicitur
2180 649 2297 699 etc„

1357 711 1542 775 fragm.
1578 726 1630 776 p.
1665 708 2174 775 302.—†Exponitur
2209 726 2299 759 cur

1355 780 1674 845 Pythagorae
1759 779 1924 828 Numa
2013 779 2294 843 discipulus

1357 863 1470 897 esse
1490 864 1592 898 non
1612 850 1860 912 potuerit,
1892 848 1956 898 de
1974 864 2017 897 r.
2048 864 2102 912 p.
2130 850 2189 910 2,
2215 848 2296 907 15,

1356 917 1442 967 28.
1468 945 1535 955 -
1570 918 1919 983 Pythagoras,
1957 918 2296 975 DemocrituS,

1357 988 1692 1051 Anaxagoras
1731 1002 1759 1035 a
1796 988 2036 1053 regendis
2083 988 2298 1037 civitati-

1355 1058 1450 1105 bus
1486 1062 1618 1107 totos
1654 1070 1711 1105 se
1748 1056 1814 1105 ad
1843 1056 2184 1121 cognitionem
2217 1069 2297 1103 re-

1317 1121 1320 1124 ’
1355 1140 1468 1174 rum
1487 1124 1874 1188 transtulerunt,
1900 1126 1964 1175 de
1985 1132 2110 1175 orat.
2130 1124 2182 1185 3,
2210 1124 2294 1182 15,

1355 1193 1442 1245 56.
1492 1220 1560 1229 ·--
1594 1193 1810 1243 Ultimas
1845 1203 2003 1243 terras
2051 1193 2298 1243 lustrasse

1355 1262 1734 1327 Pythagoram,
1771 1262 2139 1321 Democritum,
2181 1262 2297 1311 Pla-

1359 1340 1560 1379 tonem:
1582 1331 1670 1377 ubi
1691 1330 1823 1377 enim
1846 1332 1970 1392 quid
1989 1340 2140 1388 esset,
2161 1330 2298 1393 quod

1361 1399 1488 1447 disci
1505 1404 1711 1462 posset,
1745 1412 1804 1446 eo
1836 1399 2144 1446 veniendum
2163 1398 2299 1447 iudi-

1359 1467 1556 1515 cavisse
1573 1501 1586 1523 ,
1607 1465 1814 1514 Tuscul.
1836 1467 1888 1525 4,
1913 1464 1996 1525 19,
2018 1468 2102 1515 44.
2144 1465 2204 1513 cl.
2227 1467 2294 1516 ib.

1357 1534 1534 1597 4,25,
1555 1534 1641 1583 55.
1681 1534 1744 1582 de
1771 1533 1854 1582 fin.
1881 1532 1943 1592 5,
1977 1534 2072 1593 19,
2092 1533 2180 1583 50.
2220 1536 2295 1583 Ib.

1358 1602 1410 1663 5,
1433 1602 1516 1661 29,
1537 1601 1623 1655 87.
1648 1629 1712 1639 -
1731 1601 2048 1667 Pythagoras
2074 1605 2123 1652 in
2145 1602 2300 1653 collo-

1361 1670 1477 1733 quio
1499 1686 1615 1720 cum
1635 1670 1824 1720 Leonte
1841 1708 1854 1733 ,
1875 1673 2109 1737 principe
2125 1670 2297 1721 Phlia-

1357 1742 1578 1801 siorum,
1629 1740 1823 1804 primus
1859 1755 1914 1789 se
1959 1740 2298 1804 philosophum

1359 1824 1472 1858 esse
1494 1809 1642 1857 dixit.
1678 1807 1784 1857 Nee
1810 1824 1930 1859 vero
1959 1812 2179 1859 nominis
2215 1825 2296 1859 so-

1358 1877 1462 1927 lum
1497 1878 1760 1938 inventor,
1807 1879 1900 1928 sed
1937 1894 2106 1929 rerum
2146 1879 2298 1928 etiam

1358 1949 1586 2013 ipsarum
1639 1947 1970 2011 amplificator
2013 1948 2125 1997 fuit.
2201 1947 2298 2006 Qui

1359 2031 1516 2078 quum
1532 2023 1646 2080 post
1663 2016 1798 2064 hunc
1810 2015 2090 2066 Phliasium
2106 2032 2298 2068 sermo-

1357 2100 1472 2134 nem
1503 2085 1556 2134 in
1585 2086 1780 2134 Italiam
1805 2087 2052 2149 venisset,
2085 2101 2296 2136 exorna-

1359 2155 1429 2204 vit
1465 2169 1575 2204 eam
1615 2153 1909 2217 Graeciam,
1949 2170 2078 2218 quae
2111 2155 2298 2221 Magna

1359 2225 1495 2272 dicta
1529 2231 1632 2283 est,
1668 2233 1716 2274 et
1743 2224 1982 2290 privatim
2015 2235 2063 2274 et
2095 2225 2297 2290 publice

1356 2294 1808 2356 praestantissimis
1826 2301 1875 2342 et
1891 2293 2132 2343 institutis
2147 2302 2197 2342 et
2215 2307 2295 2340 ar·

1357 2362 1492 2410 tibus
1507 2399 1520 2422 ,
1540 2361 1744 2411 Tuscul.
1767 2364 1799 2412 5
1817 2398 1830 2420 ,
1853 2361 1903 2424 3,
1923 2362 1957 2410 8
1980 2377 2090 2424 sqq.
2110 2386 2180 2397 —
2197 2359 2296 2423 Py-

1357 2429 1595 2494 thagoras
1625 2437 1764 2479 vetat
1791 2429 1990 2477 iniussu
2024 2430 2297 2492 imperato-

1357 2499 1457 2560 ria,
1490 2499 1544 2546 id
1573 2504 1680 2561 est,
1713 2497 1825 2560 dei,
1866 2497 1928 2546 de
1959 2497 2216 2560 praesidio
2249 2504 2298 2546 et

1359 2569 1575 2616 statione
1607 2567 1740 2615 vitae
1776 2565 2046 2629 decedere,
2086 2567 2149 2616 de
2186 2579 2294 2614 sen.

1359 2635 1455 2699 20,
1494 2633 1579 2686 73.
1623 2660 1681 2670 --
1730 2634 2047 2701 Pythagoras
2069 2643 2116 2686 et
2151 2635 2292 2686 Plato

1358 2710 1572 2761 mortem
1611 2703 1684 2752 ita
1734 2704 1970 2765 laudaut,
2029 2712 2083 2754 ut
2117 2704 2298 2770 fugere

1359 2773 1513 2822 vitam
1543 2781 1711 2824 vetent
1740 2781 1892 2836 atque
1909 2775 1962 2824 id
1989 2783 2170 2826 contra
2189 2775 2296 2825 foe-

1359 2843 1454 2892 dus
1475 2841 1584 2891 fieri
1596 2842 1766 2894 dicant
1784 2844 2050 2910 legemque
2067 2853 2294 2902 naturae,

1357 2925 1452 2976 pro
1485 2909 1674 2962 Scauro
1701 2914 1767 2973 4,
1803 2914 1855 2966 5.
1886 2928 1940 2977 p.
1973 2913 2092 2963 228.
2114 2911 2296 2975 —--Py

1358 2979 1600 3045 thagoras
1617 2982 1760 3031 vult
1747 2995 1799 3029 in
1819 2981 2069 3043 amicitia,
2089 2986 2145 3028 ut
2163 2992 2296 3027 unus

1358 3048 1444 3097 fiat
1463 3064 1528 3100 ex
1557 3049 1804 3113 pluribuS,
1828 3049 1892 3098 de
1910 3047 1998 3098 off.
2027 3047 2076 3108 1,
2100 3047 2184 3109 17,
2204 3044 2292 3096 56.

1353 3144 1426 3153 -
1459 3115 1768 3196 Pythagor-ia
1801 3129 1907 3165 vox
1943 3109 2012 3162 τὰ
2049 3128 2164 3162 των
2201 3110 2296 3175 φί-

1356 3183 1470 3232 λων
1499 3177 1698 3243 κοινά,
1719 3182 1783 3231 de
1801 3183 1900 3248 leg
1927 3183 1976 3247 1,
1999 3182 2083 3246 12,
2103 3181 2188 3234 34.
2225 3181 2292 3233 cf.

1356 3250 1564 3303 Tuscul.
1586 3252 1636 3308 5,
1657 3249 1742 3307 23,
1764 3249 1848 3302 66

1286 3315 1627 3386 Pythagorii
1653 3318 1856 3367 Tarenti
1874 3318 2154 3384 Archytas,
2197 3317 2296 3366 Lo-

1355 3387 1452 3437 cris
1476 3385 1799 3448 Echecrates,
1823 3385 2094 3448 Timaeus,
2119 3387 2292 3445 Acria,

1354 3455 1576 3506 Platonis
1595 3455 1860 3522 aequales,
1892 3457 1955 3508 de
1985 3455 2070 3510 fin.
2107 3457 2168 3522 5,
2205 3455 2294 3516 29,
