2500 3850
139 193 218 252 54
267 183 522 271 (cmc.)
547 195 916 244 METELLUS
943 217 1025 225 —
1047 195 1114 253 Q.
1140 191 1337 240 CAEO.
1364 192 1529 240 ΜΕΤ.
1556 191 1620 238 ι..
1646 160 1709 238 F.
1738 190 2094 261 emmens.

167 350 172 354 ’
204 357 438 407 Baliarici
473 367 629 418 nepos
667 352 971 420 (stemmatis
1005 351 1138 415 22.),

205 442 304 476 non
325 427 407 476 ille
425 425 629 488 quidem
653 429 840 482 orator,
862 419 954 470 sed
967 427 1141 468 tamen

205 511 306 545 non
337 493 504 544 infans
521 533 533 554 ,
557 492 695 540 Brut.
717 489 801 555 89,
825 489 944 540 305.

137 561 468 630 (Caecilius)
516 557 810 623 Metellus,
863 559 1140 608 advocatus

203 634 320 686 Sex.
344 633 547 695 Roscii,
570 645 662 694 pro
691 628 809 678 Sex.
833 628 1016 677 Roscio
1050 626 1137 690 28,

137 769 423 836 (Caecilii)
472 765 693 819 Metelli
749 767 849 816 duo
870 803 886 828 ,
940 766 1138 828 fratres,

203 840 348 889 Celer
385 847 434 889 et
468 838 665 902 NepOS,
706 836 834 884 nihil
877 835 930 884 in
974 834 1141 883 causis

203 910 428 971 versati,
459 923 552 956 nec
581 909 690 956 sine
718 905 922 970 ingenio
954 905 1164 952 necin-·

207 979 369 1039 docti,
390 977 488 1026 hoc
509 983 649 1026 erant
673 975 916 1039 populare
941 973 1144 1022 dicendi

205 1062 366 1112 genus
385 1045 637 1103 adsecuti,
661 1045 796 1093 Brut.
826 1043 909 1104 70,
933 1044 1054 1093 217.

137 1118 205 1182 Q.
235 1111 510 1165 Caecilius
534 1110 800 1162 Metellus
828 1110 992 1161 Celer
1008 1147 1022 1174 ,
1047 1109 1138 1176 (N.

203 1182 319 1248 27.)
333 1182 520 1234 Celeris
535 1181 624 1247 (N.
638 1179 754 1246 22.)
767 1181 920 1242 filius,
935 1180 1142 1246 Nepotis

206 1259 310 1303 eos.
327 1269 373 1302 a.
392 1268 443 1300 ιι.
466 1268 509 1300 c.
531 1250 648 1302 656.
673 1265 849 1315 nepos,
871 1249 1026 1299 frater
1044 1249 1143 1299 Ne-

203 1323 338 1386 potis
353 1336 456 1370 cOS.
472 1336 581 1370 a.u.
601 1336 644 1370 c.
659 1319 797 1382 697„
810 1325 1014 1384 praetor
1026 1331 1076 1368 a.
1091 1335 1139 1368 ιι.

204 1407 248 1444 c.
270 1390 390 1442 691.
407 1419 472 1426 —
492 1391 556 1443 A.
572 1405 622 1439 u.
642 1405 687 1438 c.
705 1387 824 1438 691.
851 1404 964 1438 cum
980 1389 1140 1437 tribus

203 1460 489 1526 legionibus
529 1460 581 1507 in
612 1473 734 1524 agro
767 1459 950 1508 Piceno
987 1473 1137 1523 prae-

203 1529 428 1591 sidebat,
453 1530 505 1576 in
527 1527 671 1576 Catil.
695 1527 720 1576 1
741 1563 755 1590 ,
789 1526 840 1590 8,
863 1527 944 1580 19.
967 1553 1033 1563 —
1056 1528 1141 1576 Di-

203 1598 384 1646 lectum
417 1597 469 1645 in
505 1610 626 1660 agro
657 1594 838 1645 Piceno
871 1605 919 1644 et
945 1595 1137 1646 Gallico

202 1665 501 1730 habuit,1b.
521 1666 572 1728 2,
595 1663 644 1726 3,
679 1663 732 1713 5.
764 1665 840 1715 lb.
865 1666 915 1725 2,
941 1665 1022 1730 12,
1047 1664 1134 1715 26.

202 1735 265 1782 cl.
291 1748 383 1797 pro
413 1731 556 1781 Sulla
573 1731 671 1794 23,
705 1731 790 1784 65.
823 1760 890 1768 --
916 1733 978 1782 A.
1011 1750 1062 1783 u.
1089 1749 1132 1784 c.
1179 1789 1186 1795 ‚

201 1802 320 1855 692.
360 1801 574 1850 Galliam
600 1801 880 1850 citeriorem
905 1817 968 1852 ex
984 1817 1134 1867 prae-

201 1880 314 1920 tura
343 1885 436 1935 pro
475 1869 680 1920 consule
713 1885 893 1937 regens
914 1885 1026 1929 cum
1052 1871 1135 1922 Ci-

203 1955 381 1990 cerone
402 1940 688 2005 expostulat
706 1954 762 1989 se
780 1941 1040 1991 absentem
1059 1943 1135 1991 lu-

201 2010 366 2059 dibrio
387 2010 450 2059 ab
480 2009 568 2059 illo
586 2008 814 2059 habitum
844 2025 958 2059 esse
983 2012 1036 2060 in
1057 2026 1134 2061 se·

198 2086 316 2126 natu
347 2086 441 2127 etc.
461 2114 475 2139 ‚
505 2080 572 2128 ad
598 2079 718 2129 fam.
757 2079 819 2143 5,
854 2080 903 2130 1.
935 2106 1002 2117 -—
1038 2081 1134 2131 Re-

199 2146 414 2211 spondet
445 2150 492 2195 ei
525 2147 726 2214 cicere,
759 2149 832 2197 lb.
873 2165 952 2215 ep.
983 2151 1032 2199 2.
1067 2151 1128 2201 cl.

197 2216 271 2267 lb.
295 2218 358 2279 4,
392 2216 441 2266 1.
462 2244 528 2252 —-—
549 2216 719 2268 Oratio
739 2219 848 2267 eius
870 2227 1042 2268 contra
1061 2220 1128 2269 M.

199 2283 497 2347 Servilium,
540 2286 605 2347 ad
636 2286 739 2336 Att.
771 2286 830 2351 6,
864 2286 925 2349 3,
959 2289 1040 2341 10.
1063 2314 1133 2325 -

199 2353 384 2403 Consul
424 2356 720 2422 designatus
759 2370 805 2405 a.
847 2372 894 2410 u.
931 2374 974 2407 c.
1008 2356 1130 2410 693.

195 2424 382 2473 resistit
416 2426 704 2491 publicanis
738 2426 1016 2477 Asiaticam
1057 2428 1131 2486 lo,-

195 2495 442 2545 cationem
461 2496 633 2544 induci
653 2496 1043 2561 postulantibus,
1066 2497 1132 2546 ad

195 2564 302 2613 Att.
328 2563 354 2612 1
373 2598 386 2620 ‚
419 2564 512 2626 17,
545 2564 596 2614 9.
640 2567 691 2613 in
715 2565 883 2618 Pison.
905 2568 968 2627 4,
994 2565 1042 2615 8.
1062 2594 1128 2602 —

195 2630 380 2679 Consul
400 2648 446 2685 a.
469 2649 518 2681 ιι.
541 2633 658 2683 694.
688 2635 858 2683 socius
879 2634 1126 2696 laborum,

189 2700 524 2762 periculorum
538 2738 554 2761 ,
577 2702 904 2753 consiliorum
925 2702 1124 2754 Cicero-

191 2769 295 2833 nis,
321 2782 412 2831 pro
439 2767 603 2821 Sestio
625 2770 718 2831 62,
742 2771 858 2823 131.
880 2780 996 2836 post
1013 2774 1119 2823 red.

190 2837 239 2883 in
264 2851 374 2890 sen.
408 2838 498 2903 10,
533 2838 618 2891 25.
645 2868 711 2877 —
745 2841 1002 2891 imminuit
1033 2858 1123 2891 au-

191 2907 466 2955 ctoritatem
485 2922 648 2969 suam,
671 2910 808 2973 quod
824 2909 974 2960 habet
994 2910 1122 2960 dicis

187 2989 341 3024 causa
359 2976 734 3043 promulgatum
752 2979 814 3029 de
833 2978 1011 3031 Clodio
1031 2996 1124 3045 per

187 3042 242 3095 C.
275 3043 577 3095 Herennium
612 3048 676 3097 ad
711 3046 912 3112 plebem
946 3051 1122 3099 tradu-

185 3113 362 3177 cendo,
381 3115 448 3164 ad
469 3116 572 3169 Att.
600 3116 647 3179 1,
671 3115 752 3178 18,
774 3117 826 3167 5.
848 3146 914 3155 —
935 3116 994 3177 Q,
1018 3119 1122 3168 Me-

185 3180 334 3231 tellus
354 3181 527 3249 Celer,
557 3183 713 3235 frater
729 3186 799 3240 P.·
817 3187 1007 3252 Clodii,
1029 3189 1121 3237 im-

185 3251 421 3312 pediebat
461 3256 571 3303 eius
605 3256 874 3306 transitum
911 3258 979 3307 ad
1013 3258 1121 3322 ple-

185 3320 296 3367 bem
311 3355 326 3383 ,
349 3321 412 3371 de
435 3322 642 3389 harusp.
668 3339 804 3390 resp.
825 3326 889 3376 21
905 3362 920 3391 ,
941 3326 1028 3379 45.
1054 3352 1120 3361 --

1215 970 1284 1038 Q.
1316 968 1585 1020 Metellus

1280 361 1483 411 πατρις
1504 355 1551 396 et
1570 356 1749 397 natura
1768 349 1929 398 bonus
1946 385 1960 412 ,
1996 349 2069 398 Ib.
2094 349 2147 410 S.
2168 351 2219 399 4.
2240 394 2245 400 .

1277 423 1347 456 -”-
1362 417 1485 482 Eius
1502 432 1636 466 uxor
1656 416 1857 481 Clodia,
1879 417 1950 467 vad
1968 418 2072 467 Aa.
2098 419 2149 482 2,
2174 419 2221 481 1,

1279 486 1328 536 5.
1351 513 1418 522 -
1446 486 1583 536 Mors
1614 487 1725 536 eius
1758 487 2065 536 miserabilis
2096 502 2144 535 a.
2164 502 2220 535 ιι.

1280 571 1325 608 c.
1348 553 1487 614 695.,
1511 571 1601 620 pro
1621 554 1789 605 Caelio
1810 557 1895 618 24,
1914 553 2001 608 59.
2022 557 2222 607 —Eius

1281 624 1480 690 animus
1500 625 1551 672 iu
1582 624 1637 674 P.
1661 625 1893 675 Clodium
1926 626 2016 687 qui
2052 625 2221 686 fuerit,

1277 708 1369 758 pro
1402 693 1570 743 Caelio
1604 691 1690 752 24,
1728 694 1813 745 60.
1854 703 1972 758 post
2004 694 2223 744 reditum

1280 765 1333 811 in
1358 777 1463 812 sen.
1490 763 1584 824 10,
1626 763 1708 814 25.
1735 791 1801 800 -—
1832 763 1888 811 lu
1912 765 2023 811 eius
2052 763 2222 814 locum

1281 847 1445 897 augur
1460 831 1572 880 fleri
1592 833 1789 883 volebat
1810 831 1868 884 P.
1892 833 2146 895 VatiniuS,
2168 834 2219 880 in

1281 901 1450 954 Vatin.
1476 899 1527 961 8,
1553 899 1635 955 19.
2032 906 2036 909 '

1620 969 1687 1036 Q.
1719 969 1782 1020 F.
1814 969 2030 1036 Nepos,
2068 969 2222 1020 frater

1282 1039 1634 1105 praecedentis
1660 1039 1748 1106 (N.
1784 1038 1916 1104 28.).
1956 1038 2221 1104 Significa-

1282 1117 1367 1158 tur
1395 1124 1486 1172 pro
1506 1109 1632 1160 Mur.
1655 1109 1740 1173 38,
1763 1109 1849 1159 81.
1866 1125 1940 1146 ·--
1966 1110 2024 1168 Q.
2049 1109 2222 1160 Metel—

1282 1178 1363 1227 lus
1393 1177 1591 1244 Nep08‚
1622 1179 1853 1228 tribunus
1884 1178 1955 1244 pl.
1984 1179 2221 1228 inimicus
2322 1228 2327 1234 ,

1282 1247 1567 1307 CiceroniS,
1594 1249 1661 1298 ad
1679 1247 1798 1298 fam.
1826 1248 1878 1297 5.
1905 1247 1964 1312 1,
1984 1247 2033 1297 1.
2070 1249 2141 1297 Ib.
2166 1249 2219 1310 2,

1282 1314 1331 1368 6.
1352 1343 1419 1352 -
1442 1316 1627 1366 Contra
1645 1319 1755 1367 eius
1780 1319 2067 1367 contionem
2096 1332 2143 1369 a.
2168 1319 2218 1366 d.

1280 1385 1366 1434 ΙΙΙ.
1387 1384 1515 1438 Νοιι.
1550 1387 1657 1437 Ian.
1692 1402 1739 1440 a.
1774 1403 1825 1438 u.
1862 1404 1904 1438 c.
1934 1385 2053 1437 692.
2076 1385 2220 1436 habi-

1281 1462 1385 1503 tam
1433 1454 1608 1505 Cicero
1674 1457 1819 1508 brevi
1886 1465 2003 1521 post
2068 1457 2215 1518 dixit,

1280 1523 1463 1589 fragm.
1489 1541 1543 1590 p.
1575 1525 1681 1577 220
1698 1541 1773 1590 sq.
1806 1553 1872 1562 ·--
1900 1527 1974 1575 Ea
2007 1532 2083 1575 est
2114 1525 2218 1574 Me-

1278 1594 1450 1643 tellina
1471 1595 1631 1643 oratio
1646 1631 1661 1658 ‚
1683 1596 1750 1646 ad
1772 1599 1875 1644 Att.
1899 1595 1947 1660 1,
1972 1593 2053 1660 13,
2076 1594 2127 1645 5.
2152 1621 2219 1630 —-
2311 1619 2315 1626 ·

1280 1663 1456 1713 consul
1500 1665 1795 1730 designatus
1832 1679 1880 1717 a.
1916 1679 1973 1714 ιι.
2006 1681 2053 1717 c.
2092 1663 2215 1714 696.
2303 1727 2309 1732 .

1278 1733 1513 1782 inimicus
1533 1732 1819 1797 ciceronis,
1841 1733 1909 1783 ad
1928 1732 2033 1782 Att.
2056 1732 2107 1796 3,
2133 1733 2215 1796 12,

1279 1801 1326 1851 1.
1346 1829 1409 1838 ——
1425 1801 1611 1854 Consul
1630 1819 1746 1853 cum
1762 1804 1820 1853 P.
1835 1802 2049 1854 Lentulo
2064 1801 2217 1866 Spin-

1274 1870 1417 1920 there
1436 1887 1484 1927 a.
1508 1888 1560 1921 ιι.
1588 1887 1631 1921 c.
1658 1873 1779 1927 697.
1802 1899 1870 1908 -
1890 1867 2017 1922 Eius
2042 1871 2216 1921 odium

1277 1941 1328 1989 in
1344 1941 1401 1990 Ρ.
1424 1941 1685 2007 Clodium,
1720 1943 1787 1993 ad
1818 1944 1923 1992 Att.
1948 1942 2009 2005 2,
2043 1941 2132 2005 12,
2160 1942 2213 1992 2.

1272 2036 1339 2047 -
1362 2012 1487 2061 Eius
1520 2011 1831 2075 moderatio,
1872 2010 2011 2075 qnod
2044 2010 2216 2059 inimi·

1276 2081 1422 2129 citias
1448 2096 1562 2131 cum
1581 2082 1819 2132 Cicerone
1840 2086 2103 2145 susceptas
2121 2094 2213 2143 pa-

1273 2150 1436 2199 tribus
1492 2152 1796 2216 conscriptis
1842 2150 2067 2212 remisit,
2121 2163 2212 2212 pro

1272 2217 1437 2269 Sestio
1470 2218 1567 2281 33,
1600 2222 1685 2271 72.
1740 2222 1813 2269 lb.
1848 2218 1945 2280 62,
1994 2216 2109 2269 130.
2148 2218 2215 2266 ad

1273 2288 1377 2337 Att.
1426 2287 1457 2339 3
1474 2323 1489 2351 ‚
1532 2290 1601 2338 22
1618 2326 1631 2348 ‚
1676 2290 1728 2343 2.
1775 2291 1839 2339 de
1883 2303 2026 2353 prov.
2068 2300 2207 2337 conS.

1274 2356 1325 2421 9,
1344 2357 1429 2406 22.
1454 2358 1507 2406 in
1524 2357 1692 2411 Pison.
1718 2358 1800 2417 15,
1818 2356 1907 2409 35.
1946 2358 2014 2408 ad
2032 2357 2131 2405 Att.
2158 2356 2209 2417 3,

1243 2424 1368 2489 ’23,
1414 2425 1460 2474 1.
1504 2428 1576 2479 Ib.
1611 2426 1671 2492 3,
1716 2428 1813 2491 24,
1849 2428 1901 2475 2.
1939 2432 2059 2491 post
2098 2426 2207 2475 red.

1269 2495 1323 2543 in
1344 2494 1464 2547 Sen.
1492 2496 1576 2557 10,
1595 2497 1681 2550 25.
1706 2497 1771 2547 de
1790 2496 1940 2546 domo
1966 2510 2061 2547 sua
2082 2491 2132 2557 3,
2158 2495 2206 2543 7.

1268 2566 1301 2615 5
1316 2601 1329 2623 ,
1363 2564 1457 2629 27,
1488 2563 1570 2615 70.
1593 2592 1660 2603 -
1681 2565 1944 2625 Quomodo
1966 2572 2134 2615 autem
2155 2580 2208 2613 sc

1266 2634 1510 2698 gesserit,
1533 2650 1646 2683 cum
1669 2635 1725 2683 P.
1752 2635 1961 2685 Clodius
1978 2632 2209 2684 aedilita-

1265 2710 1366 2751 tem
1396 2710 1613 2767 peteret,
1644 2711 1875 2753 narratur
1906 2703 1971 2753 ad
2007 2704 2113 2754 Att.
2152 2704 2205 2763 4,

1264 2770 1327 2833 3,
1351 2771 1383 2823 3
1410 2786 1486 2835 sq.
1526 2798 1593 2809 -
1621 2772 1679 2832 Q.
1702 2772 1933 2822 Metellus
1960 2774 2035 2821 rei
2062 2772 2205 2835 publ.

1264 2842 1499 2890 subvenit
1534 2843 1583 2890 in
1618 2843 1905 2892 revocando
1945 2842 2205 2898 Cicerone,

1260 2918 1379 2976 post
1398 2911 1507 2961 red.
1530 2912 1581 2960 in
1602 2924 1709 2965 sen.
1732 2910 1785 2975 3,
1803 2911 1855 2965 5.
1886 2913 1961 2963 Ib.
1984 2912 2047 2973 4,
2066 2908 2116 2960 9.
2139 2934 2206 2944 —

1263 2980 1543 3045 Lapidibus
1580 2981 1866 3046 appetitus,
1906 2980 2057 3029 etiam
2089 2993 2207 3043 per-

1264 3064 1444 3099 cussus
1464 3064 1494 3099 a
1509 3050 1571 3103 L.
1588 3048 1764 3115 Sergio
1784 3056 1833 3099 et
1850 3049 1916 3098 M.
1934 3048 2117 3111 Lollio,
2141 3048 2205 3095 de

1264 3119 1415 3168 domo
1428 3133 1522 3168 sua
1532 3119 1583 3184 5,
1599 3118 1681 3169 13.
1699 3147 1765 3156 —
1779 3120 1901 3169 Eius
1913 3116 2129 3184 epistola
2140 3131 2164 3163 a
2173 3117 2206 3165 d

1263 3187 1366 3241 Cic.
1387 3189 1575 3251 scripta
1596 3202 1646 3235 a.
1666 3203 1719 3240 u.
1749 3204 1795 3241 c.
1820 3186 1966 3250 698„
1992 3187 2059 3237 ad
2078 3186 2219 3235 fam..

1259 3256 1310 3318 5,
1333 3256 1383 3309 3.
1406 3285 1472 3293 —
1490 3255 1743 3305 Ciceronis
1762 3256 1829 3305 ad
1847 3271 1964 3305 eum
1994 3271 2105 3321 ep.‚
2128 3255 2200 3302 lb.

184 3386 336 3451 Cupit
355 3391 670 3457 triumphare
687 3432 702 3459 ,
734 3395 800 3443 ad
821 3396 922 3449 Au.
948 3394 974 3443 1
993 3429 1009 3457 ,
1031 3394 1116 3455 20,
1192 3392 1261 3456 Q.
1288 3388 1566 3442 Caecilius
1585 3390 1851 3441 Metellus
1882 3392 1945 3443 L.
1972 3390 2035 3440 F.
2062 3389 2201 3441 Cre-

177 3453 229 3504 5.
270 3458 343 3510 lb.
375 3460 435 3523 2,
475 3461 530 3524 1,
568 3461 614 3512 1.
647 3488 716 3498 -
753 3461 937 3511 Consul
963 3454 1121 3524 φιλό-

1260 3457 1438 3526 ticus‚
1462 3459 1605 3509 Calvi
1634 3459 1888 3526 abnepos,
1930 3461 2201 3511 Dalmatici
