2500 3850
619 227 1015 276 M.TULL1US
1041 231 1112 274 M.
1138 229 1202 275 F.
1232 227 1395 276 uit.
1423 229 1691 277 emeno.
2074 218 2194 278 411

170 385 248 436 lcr
275 401 474 451 procos
511 385 694 435 litteris
732 386 795 434 ad
830 384 1119 435 Ciceronem

166 456 403 520 scriptis,
438 455 504 504 ad
530 455 651 504 fam.
682 456 744 514 5,
788 454 866 514 1.,
911 461 1119 516 questus

168 533 307 574 esset
373 523 584 573 fratrem
625 538 797 580 ,suum
861 524 1120 572 tribunum

167 593 338 658 plebis
367 593 428 642 ob
456 593 646 642 dietum
671 593 838 656 capite
871 607 930 640 ae
962 590 1120 640 fortu-

167 663 251 712 nis
273 663 334 710 ab
359 677 416 714 eo
446 662 760 728 oppugnari,
787 659 1050 725 respondit
1073 661 1120 708 ei

171 730 350 780 Cicero
372 731 642 792 docuitque
661 745 716 779 se
737 743 836 779 non
856 743 1122 794 oppugua-

87 849 100 863 ἱ
169 797 312 848 visse
333 798 535 848 fratrem
557 801 682 858 eius,
703 799 795 848 sed.
815 799 876 847 ab
896 800 1008 862 ipso
1028 813 1118 860 op-

165 875 453 933 pugnatum
473 869 520 916 ei
542 881 857 934 repugnasse
871 903 885 931 ,
909 867 974 916 ad
992 864 1114 918 fam.

171 937 224 998 5,
255 937 317 1002 2,
360 937 439 986 10.
477 962 546 970 —
577 939 684 986 Hoc
711 949 841 986 anno
875 933 928 984 C.
959 935 1117 983 Anto-

169 1005 309 1066 nius,
333 1019 485 1066 quum
507 1003 719 1056 Catilina
739 1005 800 1055 ab
823 1005 932 1053 eius
950 1003 1116 1068 legato

169 1075 240 1123 M.
278 1073 476 1122 Petreio
527 1074 719 1138 proelio
763 1074 928 1124 victus
966 1080 1116 1134 esset,

169 1143 450 1212 imperator
477 1142 724 1194 salutatus
753 1142 1012 1209 profectus
1045 1147 1120 1190 est

167 1212 225 1262 in
264 1211 613 1261 Macedoniam
648 1213 994 1276 provinciam,
1039 1210 1120 1260 cui

169 1295 267 1346 per
291 1281 560 1330 triennium
593 1279 832 1344 praefuit.
878 1279 940 1327 Et
965 1293 1118 1340 quum

173 1347 266 1398 en.
299 1349 570 1414 Pompeius
606 1350 786 1398 litteris
813 1347 1018 1412 publice
1053 1347 1121 1395 ad

170 1425 405 1466 senatum
433 1419 604 1466 missis
635 1419 699 1467 de
721 1416 872 1466 rebus
902 1417 955 1464 in
983 1416 1117 1465 bello

171 1485 518 1536 Mithridatico
541 1487 703 1551 gestis
723 1485 1016 1548 rettulisset,
1040 1483 1119 1534 Ci-

170 1571 290 1605 cero
321 1555 368 1604 ei
398 1555 682 1620 gratulatus
711 1561 811 1620 est,
849 1552 1000 1605 simul
1033 1569 1120 1602 au-

169 1632 276 1673 tem
301 1623 608 1688 significavit
635 1639 690 1674 se
721 1623 784 1672 ob
812 1637 896 1672 res
915 1637 948 1672 a
979 1637 1036 1672 se
1065 1622 1116 1670 in

171 1691 434 1742 consulatu
479 1701 650 1758 gestas
693 1691 918 1754 aliquam
955 1692 1010 1740 in
1044 1693 1116 1740 eis

168 1763 351 1812 litteris
370 1761 761 1826 gratulationem
775 1769 1115 1827 exspectasse,

169 1846 324 1893 quam
363 1832 424 1880 ab
455 1845 514 1880 eo
553 1829 964 1895 praetermissam
1005 1845 1116 1879 esse

167 1901 522 1957 arbitrabatur,
537 1900 674 1963 quod
686 1899 958 1966 Pompeius
975 1913 1116 1949 vere-

167 1976 335 2033 retur,
368 1984 430 2019 ne
459 1970 604 2018 cuius
633 1970 856 2019 animum
893 1968 1115 2019 offende-

166 2046 276 2102 ret,
309 2046 363 2087 ut
397 2038 564 2089 Crassi
596 2046 681 2089 aut
713 2038 961 2089 Caesaris.
1015 2040 1116 2088 Ita-

167 2123 270 2169 que
303 2122 415 2157 eum
442 2108 572 2157 scire
593 2107 728 2170 vult,
764 2123 893 2171 quae
915 2122 1008 2173 pro
1029 2122 1115 2157 sa-

166 2177 277 2225 lute
294 2178 490 2239 patriae
521 2178 761 2239 gesserit,
793 2178 932 2227 orbis
951 2184 1116 2227 terrae

168 2244 365 2295 iudicio
384 2259 444 2293 ac
464 2246 750 2294 testimonio
779 2246 1112 2309 comprobari,

165 2314 248 2365 lb.
271 2312 304 2363 5
323 2349 335 2369 ‚
363 2314 422 2374 7,
451 2312 500 2363 3.
524 2338 586 2349 —-
610 2314 845 2363 Extremo
863 2314 962 2364 hoc
982 2328 1114 2363 anno

163 2384 225 2433 P.
269 2380 475 2431 Clodius
511 2382 669 2447 Appii
713 2380 786 2437 fil.
825 2397 939 2431 cum
975 2391 1116 2433 veste

163 2450 403 2503 muliebri
427 2450 771 2515 deprehensus
790 2458 866 2500 est
897 2451 1035 2500 domi
1061 2450 1112 2500 C.

167 2520 404 2571 Caesaris
419 2534 572 2583 quum
585 2533 676 2584 pro
691 2519 882 2585 populo
897 2519 1053 2579 fleret,
1069 2529 1116 2567 ct

163 2603 262 2655 per
277 2602 456 2637 manus
475 2588 708 2639 servulae
729 2595 957 2639 servatus
977 2596 1051 2639 est
1069 2598 1116 2638 et

165 2658 402 2721 eductus,
419 2672 568 2721 quam
587 2672 689 2707 rem
712 2673 824 2708 esse
839 2658 1028 2723 insigni
1041 2658 1115 2706 in-

164 2727 324 2776 famia
341 2727 516 2777 Cicero
530 2727 708 2776 scribit
719 2728 785 2777 ad
799 2726 905 2779 Att.
921 2725 1110 2791 1,12‚3.

238 2798 301 2848 A.
325 2811 374 2845 u.
399 2811 441 2845 c.
463 2794 579 2846 693.
604 2803 702 2845 aet.
725 2796 901 2845 XLVI.
925 2796 980 2843 In
1002 2796 1112 2859 ipso

165 2866 357 2915 iudicio
377 2866 434 2915 P.
449 2864 614 2915 Clodii
629 2863 802 2915 Cicero
825 2864 952 2913 nihil
972 2864 1112 2914 aliud

165 2949 260 2998 pro
310 2932 597 2983 testimonio
651 2934 780 2983 dixit
833 2935 931 2984 nisi
978 2934 1114 2997 quod

166 3011 276 3053 erat
306 3003 375 3051 ita
393 3011 566 3053 notum
589 3011 737 3065 atque
765 3010 1026 3065 testatum,
1057 3010 1114 3051 ut

165 3084 267 3120 non
294 3079 464 3135 posset
491 3072 799 3136 praeterire,
836 3074 900 3122 ad
925 3074 1027 3121 Att.
1065 3074 1110 3131 l,

171 3140 252 3203 16,
281 3141 328 3189 2.
355 3166 421 3176 —-
442 3139 618 3191 Clodio
641 3142 704 3191 ob
736 3142 960 3191 iudicum
993 3156 1112 3207 cge-

166 3217 348 3256 statem
381 3224 440 3258 ac
469 3210 834 3275 turpitudinem
861 3210 1110 3269 absoluto,

169 3278 280 3325 eius
327 3278 662 3328 absolutionis
707 3294 889 3329 causas
937 3278 1110 3329 Cicero

168 3352 337 3393 narrat
365 3347 433 3395 ib.
467 3348 492 3396 1
517 3383 532 3405 ,
569 3347 662 3408 16,
693 3347 849 3399 3—5.
887 3374 943 3385 -
971 3347 1111 3407 Quae

170 3422 348 3477 postea
376 3416 536 3479 egerit
572 3416 637 3465 ad
673 3418 1001 3468 minuendum
1038 3418 1112 3465 rei

116 3490 118 3497 ·
168 3482 309 3547 publ.
339 3483 690 3533 detrimentum
717 3486 998 3535 exnefario
1016 3484 1112 3535 hoc

1261 385 1451 434 iudicio
1479 384 1803 434 metuendum
1821 387 2027 450 exponit
2047 386 2118 440 ib.
2150 386 2202 444 1,

1262 452 1356 512 16,
1375 453 1408 503 6
1432 468 1543 516 sqq.
1565 479 1635 488 —-
1652 453 1859 518 Frangit
1888 453 2118 505 Clodium
2151 457 2201 504 in

1259 529 1435 571 senatu
1488 537 1640 584 quum
1690 525 1912 571 oratione
1960 532 2201 587 perpetua

1260 599 1364 640 tum
1387 589 1709 640 altercatione
1724 626 1739 650 ‚
1760 591 1834 643 lb.
1859 591 1905 654 1,
1930 590 2013 650 lo,
2034 591 2067 640 8
2084 607 2196 654 sqq.

1258 686 1329 696 -—
1356 659 1403 708 A
1432 658 1670 723 Pompeio
1706 659 1855 708 valde
1886 659 2031 724 diligi
2062 660 2202 708 vide-

1260 736 1369 792 tur,
1390 727 1463 779 Ib.
1490 727 1535 786 1,
1560 726 1640 791 16,
1666 727 1748 780 10.
1776 753 1848 763 -
1870 727 2203 778 Concordiam

1260 799 1484 859 equitum
1522 811 1637 846 cum
1686 805 1863 845 senatu
1907 811 2203 847 conservare

1260 867 1470 931 cupiens
1505 866 1703 916 illorum
1737 865 1913 926 iniqua
1946 866 2203 929 postulata

1260 934 1513 998 defendit,
1540 935 1614 986 lb.
1642 934 1690 994 1,
1718 933 1801 995 17,
1820 934 1854 984 8
1872 949 1984 996 sqq.

1329 1001 1392 1055 A.
1418 1019 1467 1052 u.
1489 1019 1531 1052 c.
1553 1001 1673 1054 694.
1700 1010 1799 1052 aet.
1819 1001 2017 1052 XLVII.
2039 999 2204 1052 Utitur

1258 1072 1500 1138 Pompeio
1531 1069 1958 1135 familiarissime,
1997 1070 2063 1119 ad
2093 1073 2197 1121 Att.

1260 1142 1287 1191 1
1304 1177 1319 1205 ‚
1357 1142 1420 1192 17
1437 1176 1451 1200 ,
1487 1138 1565 1190 10.
1590 1137 1656 1176 -’-
1679 1139 1911 1200 Queritur
1940 1145 2057 1204 post
2088 1139 2204 1188 Clo-

1262 1211 1401 1262 dium
1456 1208 1741 1259 absolutum
1791 1224 1907 1259 eum
1961 1222 2075 1257 esse
2127 1209 2204 1258 rei

1259 1279 1401 1344 publ.
1443 1285 1657 1340 statum,
1714 1285 1769 1327 ut
1816 1293 1899 1327 res
1943 1279 2203 1327 Romanae

1259 1357 1395 1399 stare
1430 1348 1621 1397 diutius
1655 1361 1753 1398 non
1786 1347 2007 1411 possint,
2047 1347 2121 1396 lb.
2151 1345 2199 1409 1,

1261 1417 1355 1478 18,
1389 1418 1423 1467 2
1452 1431 1560 1479 sqq.
1594 1443 1659 1452 -—
1679 1416 1827 1465 Putat
1852 1415 1951 1464 sibi
1983 1415 2201 1466 maiores

1260 1501 1383 1550 opes
1426 1493 1475 1535 et
1520 1485 1744 1535 firmiora
1785 1483 2045 1549 praesidia
2090 1497 2203 1533 esse

1259 1555 1565 1618 quaerenda,
1588 1554 1803 1617 ideoque
1821 1554 2117 1617 Pompeium
2136 1552 2204 1600 ad

1258 1639 1314 1673 se
1342 1627 1394 1673 in
1426 1630 1605 1674 senatu
1629 1623 1937 1672 laudandum
1974 1621 2199 1681 adducit,

1258 1709 1371 1742 cum
1392 1706 1552 1754 eoque
1573 1707 1758 1759 magna
1778 1705 1834 1742 se
1857 1691 2202 1741 familiaritate

1258 1762 1548 1827 coniungit,
1586 1776 1748 1825 neque
1784 1771 1951 1810 tamen
1988 1759 2202 1810 nimium

1257 1847 1419 1881 novae
1438 1832 1689 1881 amicitiae
1711 1829 1929 1889 confidit,
1949 1830 2025 1882 lb.
2049 1830 2099 1890 1,
2116 1829 2199 1886 19,

1258 1903 1306 1951 7.
1338 1928 1407 1937 ---
1440 1899 1570 1951 Odia
1598 1900 1903 1950 libidinosae
1924 1897 2201 1949 iuventutis

1258 1972 1309 2021 in
1330 1985 1387 2019 se
1408 1970 1655 2019 concitata
1674 1969 1901 2033 mitigat,
1930 1968 2005 2017 Ib.
2039 1968 2085 2029 1,
2116 1966 2179 2017 19

1254 2040 1304 2091 8.
1336 2065 1404 2077 —
1433 2038 1695 2088 Neminem
1730 2038 1917 2087 habere
1953 2038 2198 2099 queritur,

1256 2110 1344 2171 qui
1362 2109 1495 2158 viam
1528 2108 1843 2173 optimatium
1880 2112 1997 2171 post
2022 2105 2081 2164 Q.
2105 2104 2201 2155 Ca-

1256 2177 1348 2226 tuli
1375 2184 1587 2226 mortem
1617 2191 1789 2225 secum
1820 2181 2014 2234 teneat,
2049 2175 2125 2227 Ib.
2151 2173 2199 2233 1,

1254 2245 1341 2305 20,
1359 2246 1409 2297 3.
1427 2272 1499 2284 ·--
1520 2244 1670 2311 Cupit
1686 2244 1984 2309 Pompeium
2010 2252 2059 2293 et
2078 2242 2201 2292 Cae-

1260 2330 1422 2365 sarem
1459 2314 1521 2365 de
1550 2314 1755 2363 levitate
1784 2312 2021 2378 populari
2040 2312 2202 2361 abdu-

1257 2400 1367 2434 cere
1385 2421 1401 2449 ,
1427 2384 1497 2434 lb.
1518 2384 1571 2443 2,
1595 2382 1641 2441 1,
1660 2381 1712 2432 6.
1739 2408 1796 2418 --
1823 2382 2029 2432 Dubitat
2048 2394 2200 2443 quam

1256 2454 1502 2502 rationem
1533 2452 1585 2500 in
1610 2466 1765 2499 causa
1787 2450 1919 2515 legis
1946 2449 2198 2513 agrariae,

1257 2536 1405 2584 quam
1444 2519 1628 2569 Caesar
1667 2518 1799 2569 ferre
1842 2518 2071 2579 volebat,
2120 2532 2201 2567 se-

1257 2600 1441 2652 quatur
1457 2626 1471 2653 ,
1493 2588 1568 2637 Ib.
1591 2589 1623 2638 2
1638 2624 1653 2652 ,
1686 2586 1717 2637 3
1736 2624 1750 2648 ,
1783 2587 1833 2639 3.
1856 2615 1922 2625 -—
1944 2586 2200 2651 Improbat

1256 2659 1575 2723 largitionem
1603 2658 1857 2723 agrariam
1888 2663 1937 2704 et
1968 2656 2199 2707 Caesaris

1258 2738 1306 2778 et
1323 2728 1552 2792 Pompeii
1582 2727 2013 2787 coniunctionem,
2044 2726 2121 2777 Ib.
2146 2725 2196 2784 2,

1257 2796 1353 2859 16,
1394 2798 1441 2847 1.
1471 2798 1520 2849 2.
1555 2824 1622 2833 —-
1660 2794 1842 2845 Scribit
1874 2795 1940 2844 ad
1974 2794 2196 2852 fratrem,

1256 2882 1408 2929 quum
1431 2868 1478 2915 ei
1498 2866 1761 2931 provincia
1781 2866 1903 2915 Asia
1925 2866 1975 2912 in
1998 2864 2196 2914 tertium

1253 2950 1440 2985 annum
1464 2942 1736 3001 prorogata
1765 2943 1924 2993 esset,
1954 2933 2021 2983 ad
2050 2934 2108 2991 Q.
2130 2932 2192 2984 fr.

1256 3005 1301 3065 1,
1328 3007 1374 3068 1,
1403 3005 1429 3055 1
1456 3020 1568 3067 sqq.

1324 3076 1383 3125 A.
1407 3090 1457 3123 u.
1484 3090 1529 3123 c.
1562 3073 1682 3125 695.
1704 3080 1801 3124 aet.
1822 3070 2049 3123 XLVIII.
2071 3072 2197 3119 scri-

1210 3110 1213 3115 .
1249 3144 1323 3193 bit
1344 3143 1407 3192 de
1428 3141 1622 3206 Clodii,
1658 3142 1743 3203 qui
1770 3142 1868 3190 iam
1900 3140 1963 3189 ad
1994 3139 2194 3205 plebem

1248 3212 1535 3269 transierat,
1554 3211 1833 3260 rationibus
1850 3211 2056 3272 suisque
2074 3222 2195 3257 cona

1251 3280 1410 3341 siliis,
1447 3281 1615 3345 magis
1656 3278 1721 3328 ad
1757 3281 1915 3329 otium
1950 3293 2102 3341 quam
2130 3278 2195 3326 ad

1249 3363 1353 3397 rem
1372 3349 1513 3411 publ.
1534 3349 1807 3413 gerendam
1828 3348 2191 3412 spectantibus,

1250 3417 1317 3467 ad
1342 3418 1445 3465 Att.
1476 3419 1537 3479 2,
1582 3419 1631 3469 7.
1653 3445 1721 3454 -—
1742 3417 1903 3475 Quum
1924 3417 2193 3481 Pompeius

1251 3485 1347 3533 liae
1390 3486 1682 3535 condicione
1724 3486 1888 3535 Clodii
1937 3487 2196 3535 transitio-
