2500 3850
243 168 327 229 42

249 335 347 386 Gn.
363 332 622 388 Aufidius
642 331 874 384 Orestes
885 331 1244 398 Aurelianus,

312 413 514 469 praetor
533 419 581 456 a.
606 419 655 451 u.
682 418 728 452 e.
749 402 870 453 677.
903 418 1006 453 eos.
1032 417 1081 452 a.
1110 419 1163 456 u.
1197 420 1242 457 e.

307 471 429 524 683.
479 487 589 522 eum
629 472 688 523 P.
735 470 947 520 Lentulo
995 469 1136 521 Sura.
1175 497 1244 509 —-

313 543 516 592 Orestes
546 539 643 605 (ex
672 547 822 604 geute
857 539 1090 606 Aurelia)
1121 541 1243 590 ado-

309 617 479 676 ptatus
515 623 545 658 a
581 609 670 660 Cn.
709 608 939 669 Aufidio,
989 610 1054 658 de
1090 608 1240 658 domo

305 695 402 728 sua
428 677 508 736 13,
529 676 614 728 35.
629 676 964 726 ——Tribunus
985 678 1122 741 plebi
1142 692 1244 727 non

307 755 387 796 est
404 747 564 796 factus
580 782 595 805 ,
615 761 706 810 pro
724 744 924 795 Plancio
951 747 1034 808 21,
1056 747 1139 795 52.
1171 774 1244 784 —

307 814 432 864 Eius
461 815 674 880 prandia
700 815 754 862 in
780 815 974 862 semitis
998 814 1241 865 decumae

307 885 511 938 nomine
531 884 774 955 instituta,
797 882 860 940 de
879 883 964 940 off·
980 884 1030 954 2,
1050 883 1131 948 17,
1151 883 1236 938 58.

235 952 551 1032 Augurales
583 959 697 1010 libri
721 959 1060 1012 Romanorum
1082 973 1240 1029 oppo-

306 1040 492 1083 nuntur
532 1032 858 1080 Etruseorum
902 1031 1239 1096 haruspicinis

305 1109 354 1154 et
397 1099 738 1166 fulguralibus
775 1107 825 1147 et
868 1100 1238 1164 tonitrualibus,

305 1178 370 1228 de
400 1176 556 1225 divm.
583 1175 629 1234 1,
651 1171 742 1226 33.
761 1173 846 1238 72.
886 1173 947 1223 el.
971 1173 1037 1223 ib.
1059 1175 1120 1223 2.
1152 1172 1234 1232 18,

301 1245 386 1295 42.
411 1269 474 1280 -
491 1243 776 1308 Augurales
803 1240 922 1290 libri
947 1241 1236 1307 significant

299 1313 709 1378 provocationem
753 1311 905 1360 etiam
955 1325 985 1358 a
1029 1311 1234 1376 regibus

301 1382 496 1442 fuisse,
528 1380 592 1430 de
620 1395 664 1429 r.
697 1394 751 1444 p.
775 1378 833 1438 2,
860 1378 955 1439 31,
981 1378 1067 1432 54.
1087 1405 1149 1416 -
1176 1381 1234 1428 In

299 1450 364 1499 iis
402 1451 617 1499 dictator
647 1447 891 1512 magister
928 1448 1106 1510 populi
1141 1463 1233 1513 ap-

299 1518 607 1583 pellabatur,
630 1516 703 1565 Ib.
730 1516 778 1577 1,
799 1516 885 1576 40,
905 1515 990 1568 63.

227 1586 488 1652 Aug-ures
515 1584 738 1650 publici,
769 1585 1068 1649 interpretes
1098 1585 1232 1634 Iovis

299 1663 400 1719 opt.
418 1667 578 1714 main,
601 1652 664 1702 de
682 1651 783 1716 leg.
807 1655 858 1710 2,
879 1653 929 1714 8,
950 1653 1231 1703 21.-Αιι-

298 1738 481 1787 gurum
501 1719 702 1785 collegii
729 1735 840 1768 mos
858 1756 871 1776 ‚
906 1721 970 1769 de
997 1737 1104 1773 sen.
1143 1721 1228 1782 18,

295 1791 380 1842 64.
424 1818 492 1828 -
527 1789 764 1854 Augures
809 1788 1026 1853 singulis
1072 1789 1231 1839 Nonis

961 1857 1230 1907 convenie-

291 1930 430 1989 bant,
453 1930 516 1977 de
536 1942 636 1977 am.
655 1928 705 1985 2,
729 1928 778 1981 7.
807 1927 870 1976 de
890 1927 1048 1976 divin.
1071 1928 1120 1987 1,
1139 1928 1226 1986 41,

293 1997 377 2047 90.
424 2023 495 2033 -
537 1996 616 2044 Ab
671 1994 952 2058 auguribus
999 1997 1229 2060 auspicia

295 1858 668 1908 commentandi
736 1871 892 1906 eausa

291 2065 671 2131 ignorabantur,
694 2064 758 2111 de
781 2064 939 2115 divin.
964 2063 1012 2127 1,
1032 2064 1112 2126 15,
1138 2064 1224 2117 25.

213 2133 300 2185 ·Μ.
338 2132 615 2195 Aulauus,
643 2132 874 2180 tribunus
909 2133 1128 2183 militum
1164 2131 1220 2186 C.

289 2204 498 2251 Antonii
521 2200 772 2257 consulis,
803 2199 954 2250 homo
977 2202 1223 2266 perdituS,

292 2287 322 2319 a
339 2270 394 2319 P.
421 2268 583 2319 Sestio
604 2267 778 2332 Capua
804 2269 1009 2329 eiectus,
1041 2284 1223 2319 nomeu

289 2347 577 2403 corruptum
591 2375 604 2396 ‚
623 2351 717 2401 pro
735 2335 899 2385 Sestio
918 2339 969 2395 4,
997 2338 1048 2391 9.

217 2405 348 2458 Auli
369 2404 579 2470 Filius,
611 2407 678 2455 ad
698 2406 803 2457 Att.
831 2406 880 2465 1,
906 2406 953 2465 1,
979 2408 1027 2460 1.
1068 2408 1143 2457 Ib.
1170 2407 1220 2467 1,

289 2476 371 2537 16,
396 2476 481 2527 12.
517 2475 590 2529 lb.
615 2475 662 2533 1,
688 2474 770 2531 18,
793 2477 844 2525 5.
878 2475 953 2524 lb.
978 2476 1004 2526 1
1021 2512 1034 2535 ‚
1059 2475 1143 2537 20,
1166 2476 1221 2525 5.

285 2547 360 2597 Ib.
387 2546 438 2604 2,
461 2545 510 2603 3,
539 2545 586 2597 1.
609 2551 685 2593 est
705 2542 765 2591 L.
789 2542 1032 2593 Afranius
1056 2558 1221 2593 eos.a.

286 2628 338 2661 ιι.
367 2628 409 2660 e.
431 2612 550 2663 694.

215 2679 397 2744 Aulis,
418 2687 593 2743 portus
611 2680 850 2729 Boeotiae
872 2680 936 2729 ad
955 2680 1220 2743 Euripum,

283 2748 490 2797 Tuscul.
524 2748 582 2808 1,
606 2748 703 2808 48,
730 2747 850 2800 116.
885 2748 948 2797 de
977 2748 1133 2797 divin.
1167 2751 1218 2812 2,

213 2884 393 2935 Aulus
409 2904 480 2927 =
500 2883 565 2933 A.
597 2879 875 2933 Gabinius
891 2917 906 2944 ,
929 2881 998 2931 ad
1025 2882 1128 2932 Att.
1163 2882 1217 2946 6,

211 3021 443 3071 Aurata.
486 3024 550 3071 V.
586 3018 648 3071 C.
671 3018 907 3086 Sergius
929 3016 1125 3071 Orata.

212 3087 442 3139 Aurelia
477 3105 603 3152 gens
635 3088 854 3152 plebeia.
907 3086 1218 3153 Cognomina

282 3159 393 3206 eius
467 3158 608 3209 Cotta
630 3193 646 3221 ,
715 3156 918 3207 Orestes
936 3195 952 3219 ,
1033 3158 1216 3223 Rufus,

284 3224 524 3280 Scaurus.

213 3291 445 3344 Aurelia
467 3291 764 3358 Orestilla,
800 3291 1042 3343 Catilinae
1065 3308 1216 3345 uxor.

281 3362 404 3411 Eius
421 3362 527 3413 filia
545 3364 800 3427 desponsa
815 3361 1076 3412 Cornificio
1095 3362 1219 3411 ado-

280 3429 570 3493 lescentulo,
587 3430 786 3481 Caelius
803 3430 868 3479 ad
883 3429 1006 3480 fam.
1025 3429 1076 3489 8,
1095 3429 1144 3489 7,
1166 3432 1219 3479 2.

447 181 556 230 ΟΝ.
589 179 919 227 AUFIDIUS
955 178 1064 227 ΟΒ.
1101 179 1350 229 AUREL.
1384 203 1467 214 --·
1497 180 1555 228 C.
1588 181 1836 230 AUREL.
1864 182 2109 232 COTTA.

1311 333 1541 386 Aurelia
1551 335 1651 396 lex,
1672 336 1738 384 ad
1750 337 1811 396 Q.
1825 336 1891 386 fr.
1909 338 1957 400 1,
1971 339 2021 399 3,
2035 339 2086 390 8.
2112 340 2311 395 Corne.

1380 407 1529 469 prim.
1550 405 1731 469 fragm.
1751 404 1836 454 26.
1860 420 1914 469 p.
1936 407 2054 457 213.
2076 435 2145 445 ——
2168 411 2223 458 In
2254 411 2313 460 P.

1383 473 1612 522 Clodium
1634 474 1683 534 7,
1706 475 1755 526 2.
1776 473 1823 525 3.
1843 473 2063 540 Philipp.
2085 476 2133 536 1,
2152 478 2204 536 8,
2228 478 2316 531 10.

1311 539 1541 592 Aurelia
1572 542 1674 594 via.
1712 543 1839 591 Tres
1872 552 1987 592 sunt
2017 545 2133 594 viae
2160 546 2316 596 Muti-

1380 625 1525 671 nam,
1554 627 1583 660 a
1608 625 1792 674 supero
1811 613 1937 660 mari
1953 611 2218 674 Flaminia,
2246 615 2313 662 ab

1379 679 1545 730 infero
1559 679 1783 740 Aurelia,
1805 681 1973 729 media
1986 679 2177 742 Cassia,
2193 682 2316 732 Phi-

1378 748 1506 814 lipp.
1529 748 1611 808 12,
1633 747 1683 807 9,
1704 748 1790 799 22.
1816 775 1886 784 -
1907 748 2116 798 Aurelia
2138 752 2220 799 via
2249 766 2317 800 ex

1378 819 1503 869 urbe
1522 815 1779 882 profectus
1798 824 1873 867 est
1892 815 2124 882 Catilina,
2158 818 2311 876 Catil,

1307 962 1668 1085 Aizi-ellignug,
1698 967 1848 1019 homo
1870 967 2069 1034 ignotus
2084 1009 2097 1034 ‚
2120 961 2186 1022 ad
2207 967 2313 1026 ΑΗ.

1422 1073 1437 1099 ι
1553 1072 1566 1094 ⁹
1637 1076 1648 1088 ·

1305 1101 1520 1155 Aurelii

1375 1189 1467 1238 pro
1488 1173 1712 1222 Cluentio
1732 1171 1817 1236 34,
1838 1171 1923 1225 93.
1943 1189 1990 1228 v,
2012 1175 2313 1228 Aurelium

1373 1239 1637 1294 tribuual.

1304 1307 1596 1361 Aurelium
1633 1310 1880 1373 tribunal,
1929 1325 1960 1360 a
1993 1312 2060 1360 M.
2097 1313 2310 1362 Aurelio

1372 1378 1515 1428 Cotta
1544 1393 1648 1427 00S.
1694 1393 1740 1428 a.
1767 1395 1819 1427 u.
1852 1377 1972 1429 680.
1996 1387 2313 1431 exstructum

1367 1449 1419 1496 in
1436 1446 1565 1505 foi-0,
1589 1448 1640 1495 in
1660 1447 1829 1496 Pison.
1852 1447 1905 1506 5,
1921 1447 2005 1498 11.
2026 1463 2116 1512 pro
2138 1447 2309 1500 Sestio

1375 1515 1465 1576 15,
1500 1515 1583 1567 34.
1616 1523 1735 1578 post
1750 1516 1859 1564 red.
1890 1517 1956 1564 ad
1978 1517 2117 1575 Quir.
2146 1518 2197 1577 5,
2225 1517 2307 1569 13.

1299 1581 1581 1647 Aurelius,
1600 1584 1924 1648 praepositus
1942 1583 2104 1644 Hirtii,
2126 1600 2174 1633 a.
2191 1602 2248 1637 u.
2262 1603 2306 1635 c.

1369 1652 1487 1702 710.
1504 1687 1519 1712 ,
1544 1652 1611 1702 ad
1629 1653 1731 1700 Att.
1758 1652 1836 1712 14,
1860 1651 1911 1710 9,
1932 1649 1979 1702 3.

1298 1717 1559 1770 Aurelius
1583 1721 1903 1782 iniquissimo
1928 1720 2101 1770 fenore
2128 1737 2307 1772 versu-

1370 1802 1479 1837 ram
1514 1788 1683 1838 facere
1719 1795 1925 1838 coaetus
1959 1796 2059 1850 est,
2098 1791 2166 1839 ad
2195 1791 2303 1842 Att.

1298 1921 1593 1988 Aurelius,
1646 1927 1865 1976 ereditor
1911 1925 2164 1976 Ciceronis
2180 1962 2195 1991 ,
2238 1928 2307 1978 ad

1368 1995 1489 2044 farn.
1517 1994 1597 2054 16,
1624 1996 1707 2052 24,
1734 1994 1781 2043 1.

1302 2062 1364 2113 G.
1387 2059 1647 2113 Aurelius
1670 2060 1839 2111 Cotta
1861 2063 1940 2111 bis
1958 2078 2073 2113 eum
2100 2063 2155 2115 P.
2183 2062 2306 2113 Ser-

1366 2131 1487 2180 vilio
1520 2130 1731 2179 Gemino
1758 2130 1932 2179 consul
1955 2131 2051 2181 fuit
2080 2131 2156 2193 (a.
2176 2146 2231 2179 u.
2254 2149 2298 2182 e.

1362 2200 1463 2250 502
1488 2206 1536 2247 et
1553 2196 1731 2261 506.).
1749 2198 1909 2251 Acad.
1931 2214 2010 2263 pr.
2032 2202 2083 2259 2,
2106 2200 2190 2256 26,
2209 2199 2298 2252 84.

1298 2265 1360 2316 C.
1401 2264 1664 2317 Aurelius
1703 2264 1869 2315 Cotta
1908 2275 2054 2316 natus
2090 2284 2136 2316 a.
2171 2284 2223 2316 u.
2258 2285 2301 2317 c.

1362 2334 1484 2385 630.
1527 2333 1705 2398 (matre
1740 2334 1933 2383 Rutilia
1974 2336 2041 2384 ad
2064 2336 2167 2384 Att.
2216 2337 2300 2396 12,

1362 2404 1459 2461 20,
1489 2403 1573 2467 2.)
1602 2404 1909 2452 tribunatum
1940 2404 2063 2469 petit
2094 2419 2141 2453 a.
2172 2420 2224 2453 u.
2254 2420 2302 2456 e.

1360 2470 1482 2523 663.
1506 2498 1573 2509 -—
1595 2472 1653 2519 In
1672 2487 1732 2521 eo
1752 2482 1987 2537 magnam
2006 2486 2148 2537 spem
2173 2472 2303 2536 opti·

1360 2547 1523 2591 mates
1560 2540 1823 2605 dignitatis
1866 2554 1990 2590 suae
2028 2542 2129 2589 iam
2170 2549 2301 2606 tum,

1362 2624 1477 2658 eum
1501 2609 1812 2660 tribunatum
1843 2608 1914 2673 pl.
1944 2616 2139 2673 peteret
2158 2624 2207 2661 a.
2241 2619 2296 2659 u.

1362 2692 1407 2725 e.
1436 2675 1590 2741 663„
1621 2676 1962 2739 collocabant,
1992 2678 2057 2727 de
2082 2684 2207 2725 orat.
2245 2678 2295 2737 1,

1359 2746 1409 2805 7,
1434 2746 1517 2796 25.
1557 2746 1619 2794 el.
1648 2746 1713 2795 ib.
1745 2746 1794 2804 1,
1826 2744 1875 2801 8,
1908 2745 1993 2795 30.
2025 2772 2088 2781 —-
2116 2746 2302 2795 Paucis

1361 2814 1542 2863 diebus
1561 2821 1678 2877 post
1696 2821 1907 2862 mortem
1931 2813 2099 2863 Crassi
2118 2813 2305 2877 depul-

1360 2896 1447 2931 sus
1477 2882 1762 2941 tribunatu,
1804 2896 1903 2933 non
1941 2881 2115 2932 multis
2146 2883 2210 2931 ab
2238 2896 2303 2931 eo

1357 2958 1589 3015 tempore
1618 2951 1876 3011 mensibus
1908 2964 2027 2999 reus
2053 2950 2166 3013 lege
2194 2951 2304 2999 Va-

1358 3020 1436 3068 ria
1454 3021 1617 3069 faetus
1636 3020 1827 3069 eiectus
1848 3024 1924 3067 est
1944 3034 1971 3068 e
1990 3020 2215 3081 civitate,
2236 3018 2301 3067 de

1359 3085 1485 3139 orat.
1506 3087 1539 3139 3
1555 3124 1569 3151 ,
1593 3087 1651 3154 3,
1680 3088 1761 3137 11.
1800 3087 1940 3136 Brut.
1962 3086 2059 3149 88,
2080 3084 2199 3137 303.
2234 3110 2301 3125 -·

1356 3156 1527 3206 Rediit
1545 3171 1593 3205 a.
1613 3171 1665 3208 u.
1682 3172 1724 3205 e.
1745 3156 1865 3207 672.
1902 3156 2042 3205 Brut.
2062 3153 2149 3219 90,
2173 3152 2301 3204 311.

1358 3250 1424 3261 --
1446 3224 1635 3275 Consul
1660 3224 1757 3273 fuit
1780 3238 1894 3273 eum
1921 3224 1980 3273 L.
2011 3222 2219 3273 Octavio
2248 3236 2299 3271 a.

1358 3310 1409 3343 n.
1442 3308 1487 3343 c.
1520 3292 1641 3345 679.
1680 3293 1826 3342 Verr.
1862 3298 2082 3343 accusat.
2123 3291 2173 3350 1,
2208 3288 2299 3349 50,

1359 3362 1476 3413 130.
1511 3362 1585 3411 ΙΙ).
1606 3360 1667 3421 3,
1698 3362 1749 3423 7,
1776 3358 1859 3411 18.
1880 3389 1951 3399 -
1970 3358 2156 3409 Consul
2186 3358 2303 3407 foe-

1360 3431 1455 3480 dus
1474 3428 1597 3479 feeit
1616 3444 1731 3479 eum
1752 3428 2073 3494 Hiempsale,
2094 3424 2298 3475 Maure-

1540 1104 1727 1170 gradus
1742 1137 1757 1165 ,
1794 1118 1883 1169 pro
1905 1104 2082 1156 Flacco
2100 1109 2168 1160 28
2182 1147 2196 1170 ‚
2221 1109 2309 1164 66.
