2500 3850
866 125 1161 173 GELLIUS
1203 122 1288 158 -—'
1327 125 1651 175 GORGIAS.

268 285 335 345 8,
370 283 457 336 19.
502 295 592 348 pro
624 280 779 332 Balbo
813 281 907 342 14,
944 279 1029 331 33.
1064 307 1129 316 —
1160 283 1216 332 L.

274 353 499 412 Gellius,
534 365 714 400 censor
746 366 859 400 cum
890 349 977 400 Cn.
1006 351 1221 402 Lentulo

274 421 709 487 collega,biennio
750 428 865 486 post
902 421 1223 471 consulatum

273 507 319 540 a.
344 507 399 541 u.
424 507 469 540 c.
492 489 617 541 684.
641 490 995 539 animadvertit
1016 491 1064 538 in
1088 492 1222 540 iudi·

272 576 360 610 ces
380 559 631 622 quosdam
662 557 863 608 consilii
884 559 1108 618 Iuniani,
1128 573 1221 624 pro

274 629 478 680 Cluent.
518 629 621 688 42,
664 627 779 678 119.
812 653 879 665 —-
910 628 967 677 L.
1006 627 1221 692 Gellius,

272 700 365 760 qni
414 713 561 746 suam
612 697 827 746 classem
875 704 1223 762 attemptatam

270 781 465 831 magno
504 781 619 816 cum
666 779 759 814 suo
797 765 1023 830 periculo
1059 781 1223 832 paene

270 837 473 895 sensit,
508 836 632 898 quid
666 835 853 884 dixerit
888 836 939 884 in
969 838 1218 898 contione,

269 914 395 970 post
414 905 521 954 red.
548 905 615 954 ad
638 904 777 962 Quir.
800 905 859 966 7,
886 904 967 952 17.
992 933 1057 940 -
1080 905 1221 955 Cice-

270 973 387 1023 roni
410 974 622 1022 civicam
653 987 889 1024 coronam
914 973 1087 1023 deberi
1108 989 1139 1022 a
1166 989 1222 1022 re

274 1043 420 1108 publ.
444 1041 597 1105 dixit,
632 1043 682 1090 in
700 1042 871 1090 Pison.
896 1041 928 1092 3
946 1077 957 1098 ,
988 1042 1039 1093 6.
1063 1069 1129 1079 -—
1150 1043 1221 1090 De

270 1112 719 1161 animadversione
777 1112 829 1160 in
902 1109 1222 1160 Catilinarios

274 1183 410 1230 dixit
449 1188 564 1230 ante
595 1180 863 1240 Catonem,
902 1181 968 1229 ad
997 1183 1101 1230 Att.
1134 1180 1217 1240 12,

202 1316 430 1371 Gellius
448 1353 463 1379 ,
484 1332 639 1380 eques
657 1316 821 1378 Rom,
847 1316 1002 1366 frater
1020 1317 1077 1366 L.
1103 1316 1219 1366 Gel-

272 1389 331 1436 lii
359 1384 680 1450 Poplicolae,
707 1385 977 1451 privignus
1008 1386 1065 1434 L.
1086 1384 1219 1434 Mar-

271 1458 343 1506 cii
378 1455 634 1520 Philippi,
685 1456 1029 1504 testimonium
1072 1455 1123 1503 in
1159 1455 1214 1503 P.

272 1525 496 1575 Sestium
530 1521 659 1574 dinit
677 1560 691 1586 ,
717 1539 813 1588 pro
837 1523 969 1573 Sest.
990 1522 1054 1573 51
1072 1556 1085 1580 ,
1119 1521 1221 1573 110

269 1609 386 1658 sqq.
412 1620 477 1630 -—
510 1593 703 1643 Gellius
732 1593 981 1642 nutricula
1012 1593 1219 1642 seditio-

272 1677 449 1714 sorum
470 1664 694 1712 omnium
710 1698 725 1726 ,
746 1663 797 1710 in
818 1663 989 1711 Vatin.
1010 1663 1062 1721 2,
1083 1662 1133 1714 4.
1152 1688 1219 1696 —

274 1731 473 1784 Gellius
484 1769 501 1794 ,
541 1733 605 1781 de
636 1732 805 1796 operis
839 1730 1121 1789 Clodianis,
1156 1731 1220 1778 de

273 1802 488 1864 harusp.
516 1816 652 1866 resp.
686 1801 779 1858 27,
812 1799 899 1850 59.
932 1827 993 1836 --
1029 1802 1081 1848 Ρ.
1106 1798 1219 1849 Clo-

274 1873 393 1921 dius
420 1871 650 1918 desertus
679 1873 715 1918 a‘
742 1869 852 1918 suis
883 1871 971 1918 vix
1002 1867 1219 1918 Gellium

272 1941 552 1996 retinebat,
572 1941 639 1989 ad
663 1940 765 1989 Au.
786 1941 837 1997 4,
860 1938 912 2001 3,
934 1942 983 1990 2.
1003 1966 1062 1975 -
1088 1938 1218 1987 Con·

272 2009 517 2078 tumeliae
538 2010 589 2058 in
610 2022 725 2059 eum
757 2008 947 2070 iactae,
976 2008 1042 2057 ad
1072 2008 1130 2067 Q.
1152 2006 1216 2059 fr.

276 2081 326 2139 Z,
352 2079 400 2139 1,
433 2081 475 2130 Ι.

202 2147 269 2199 L.
306 2146 546 2198 Gellius.
581 2146 655 2198 Eo
674 2148 945 2211 interprete
970 2146 1037 2195 ad
1062 2146 1217 2209 Lepi-

276 2218 398 2267 dum
418 2224 496 2265 est
514 2230 639 2267 usus
654 2216 869 2265 Plancus
888 2230 935 2268 a.
954 2231 1004 2266 u.
1018 2231 1061 2264 c.
1077 2214 1215 2274 711„

278 2288 342 2337 ad
366 2286 490 2339 fam.
518 2286 601 2349 10,
630 2284 713 2349 17,
732 2284 782 2340 3.

208 2354 354 2405 Gelo
370 2390 385 2417 ,
408 2365 651 2421 tyrannus
672 2353 1025 2418 Syracusanus
1041 2390 1053 2411 ,
1082 2353 1145 2402 de
1165 2368 1213 2401 n.

279 2426 327 2473 d.
360 2424 409 2477 3.
430 2422 517 2483 34,
538 2421 623 2475 83.

208 2490 461 2556 Gemini,
484 2493 655 2548 sidus,
690 2493 833 2544 Arat.
858 2506 905 2544 v.
932 2491 1049 2544 151.
1074 2490 1215 2549 499.,

276 2564 339 2612 de
362 2578 409 2611 n.
437 2565 486 2611 d.
510 2564 559 2618 2,
580 2561 665 2623 43,
691 2558 809 2611 110.
1097 2562 1099 2564 ’

212 2629 499 2681 Geminus.
542 2631 605 2684 V.
640 2627 743 2679 Gn.
780 2626 1061 2680 Servilius
1104 2628 1219 2692 G-c—

276 2697 481 2749 minus.

210 2764 524 2835 Genealogi
554 2769 777 2831 antiqui,
810 2768 873 2817 de
891 2783 941 2816 n.
972 2768 1022 2816 d.
1045 2766 1108 2827 3,
1134 2767 1216 2825 17,

208 2904 269 2955 L.
296 2902 624 2956 Genucilius
648 2904 868 2955 Curvus
888 2942 901 2969 ,
935 2906 1221 2970 negotiator

278 2977 329 3023 in
400 2974 729 3039 Hellesponto
752 3011 770 3035 ,
842 2974 1223 3023 commendatur

170 3066 177 3072 ·
276 3044 523 3103 Thermo,
562 3042 629 3091 ad
664 3043 789 3093 fam.
832 3044 925 3103 13,
962 3043 1062 3103 53,
1104 3044 1151 3095 1.

213 3111 530 3163 Ger-malus.
586 3112 791 3161 Milonis
838 3114 1043 3175 domus,
1096 3126 1223 3173 quae

277 3189 353 3231 est
373 3182 421 3229 in
446 3180 681 3231 Get-malo
696 3218 711 3242 ,
734 3182 800 3231 ad
823 3185 925 3231 Att.
945 3181 1006 3243 4,
1028 3180 1079 3241 3,
1102 3180 1153 3230 3.

214 3247 498 3300 Germani.
530 3250 696 3299 Rheni
725 3250 895 3310 fossa,
936 3250 1223 3315 gurgitibus

279 3319 383 3368 illis
403 3319 697 3370 redundans
711 3356 725 3379 ‚
745 3317 1107 3370 Germanorum
1130 3320 1227 3366 im-

280 3390 594 3438 manissimis
632 3390 870 3453 gentibus
906 3387 1133 3453 obieeta,
1172 3388 1225 3435 in

348 3472 565 3509 exosae.

2186 117 2304 182 161

1363 283 1532 334 Pison.
1563 281 1646 346 33,
1673 281 1760 336 81.
1775 283 2082 334 —Foedera
2097 285 2308 336 Germa.

1361 367 1538 400 norum
1554 388 1567 410 ‚
1599 352 1884 401 Insubrium
1898 389 1912 412 ,
1942 353 2304 419 Helvetiorum,

1364 421 1608 484 Iapydum
1622 428 1736 480 etc„
1751 435 1842 485 pro
1858 421 2018 472 Balbo
2037 423 2118 486 14,
2135 423 2220 482 32,
2237 453 2300 462 —-

1365 491 1487 542 Cum
1510 491 1772 539 acerrimis
1806 493 2095 544 nationibus
2117 503 2166 544 et
2195 511 2304 546 ma-

1364 561 1520 610 ximis
1563 558 1924 610 Germanorum
1965 570 2015 610 et
2048 561 2304 614 Helvetio-

1363 644 1476 678 rum
1499 629 1554 680 C.
1577 628 1762 679 Caesar
1781 629 1992 694 proeliis
2013 629 2304 684 felicissime

1363 699 1690 760 concertavit,
1713 699 1775 748 de
1793 713 1940 764 prov.
1955 715 2092 752 cons».
2109 701 2193 766 13,
2213 701 2299 754 33.

1361 793 1430 804 --
1450 767 1641 817 Balbus
1669 767 1862 817 litteras
1892 769 2138 830 habebat,
2181 770 2303 820 Ger-

1360 851 1540 886 manos
1560 836 1776 900 illasque
1795 839 2028 888 nationes
2055 855 2110 889 re
2129 842 2304 890 audita

1363 907 1426 955 de
1442 907 1656 956 Caesare
1680 905 1875 972 legatos
1894 909 2096 958 misisse
2115 909 2181 958 ad
2199 911 2298 958 Au-

1361 975 1569 1036 relium,
1593 991 1648 1024 se
1680 977 1816 1038 quod
1843 978 2144 1042 imperatum
2169 989 2302 1029 esset

1363 1059 1475 1092 esse
1497 1045 1716 1094 facturos
1732 1083 1745 1103 ‚
1771 1047 1835 1095 ad
1855 1049 1957 1099 Att.
1984 1047 2066 1110 14,
2087 1045 2138 1106 9,
2159 1047 2209 1100 3.

1297 1110 1360 1160 C.
1387 1113 1549 1163 Geta.
1589 1115 1652 1166 V.
1685 1112 1746 1162 C.
1768 1111 2016 1166 Licinius
2042 1115 2206 1166 Geta.

1297 1180 1504 1245 Getae,
1540 1183 1716 1247 populi
1751 1183 1999 1234 Thraciae
2040 1186 2187 1234 Dacis
2229 1187 2300 1235 vi-

1363 1253 1478 1300 cini.
1501 1276 1573 1288 —
1603 1251 1840 1303 Getarum
1861 1255 2042 1319 copiae
2067 1256 2132 1303 ad
2153 1255 2300 1304 Pom-

1363 1322 1534 1384 peium
1553 1322 1834 1384 adductae,
1853 1323 1917 1371 ad
1937 1325 2042 1372 Att.
2064 1321 2114 1382 9,
2142 1323 2222 1383 10,
2246 1323 2295 1373 3.

1295 1385 1592 1454 Gigantes.
1641 1387 1743 1438 Eos
1780 1392 1961 1453 poetae
1996 1391 2163 1439 serunt
2197 1392 2300 1440 bel-

1362 1458 1468 1506 lum
1519 1457 1601 1505 dis
1639 1457 2007 1507 immortalibus
2045 1458 2298 1520 intulisse,
2343 1499 2350 1505 .

1364 1527 1426 1584 de
1453 1525 1664 1591 harusp.
1694 1540 1830 1591 resp.
1857 1527 1951 1585 10,
1981 1525 2066 1579 20.
2110 1529 2175 1578 cl.
2198 1529 2301 1577 Tu-

1363 1594 1494 1647 scul.
1531 1595 1594 1654 2,
1629 1595 1688 1660 8,
1721 1595 1806 1648 20.
1843 1595 1904 1645 de
1937 1611 2043 1646 sen.
2069 1597 2133 1656 2,
2162 1597 2302 1646 5.—

1362 1663 1488 1713 Cum
1528 1664 1718 1712 Titanis
1757 1673 1807 1713 et
1843 1681 1958 1714 cum
1997 1663 2300 1732 Gigantibus

1362 1733 1411 1781 di
1434 1731 1565 1782 bella
1583 1742 1870 1799 gesserunt,
1899 1736 1962 1785 de
1988 1750 2039 1785 n.
2068 1735 2116 1786 d.
2141 1739 2190 1799 2,
2211 1737 2298 1800 28,

1295 1869 1550 1921 Glabrio.
1590 1874 1652 1922 V.
1673 1872 1890 1925 Acilius
1914 1871 2169 1925 Glabrio.

1294 1956 1506 2007 Glauce
1529 1966 1577 2007 et
1607 1958 1760 2024 Upis,
1783 1962 1959 2009 tertiae
1989 1960 2181 2009 Dianae
2207 1976 2298 2024 pa-

1358 2035 1522 2075 rentes
1539 2066 1552 2088 ,
1579 2028 1643 2077 de
1661 2042 1710 2077 n.
1737 2029 1786 2077 d.
1813 2030 1861 2093 3,
1884 2028 1971 2089 23,
1995 2029 2078 2082 58.

1292 2109 1547 2163 Glaucia.
1582 2114 1649 2163 V.
1672 2110 1948 2163 Servilius
1971 2110 2226 2164 Glaucia.
2319 2170 2324 2175 ,

1293 2195 1666 2263 Glaucippus,
1705 2208 1948 2263 exceptus
1977 2200 2027 2249 in
2061 2199 2174 2264 lege
2203 2199 2299 2249 Pa-

1351 2268 1476 2331 pia,
1518 2282 1617 2329 qua
1650 2269 1910 2333 peregrini
1940 2270 2100 2317 Roma
2128 2269 2298 2317 eiicie-

1358 2336 1572 2395 bantur,
1595 2336 1658 2385 de
1677 2336 1790 2401 lege
1819 2351 1928 2401 agr.
1953 2338 2000 2397 1,
2023 2340 2073 2394 4,
2097 2336 2178 2388 13.

1292 2419 1538 2471 Glaucus
1558 2418 1792 2471 Pontius
1813 2423 1996 2484 poema
2021 2420 2296 2485 Ciceronis,

1361 2490 1544 2553 fragm.
1563 2502 1616 2555 p.
1643 2488 1763 2539 303.

1287 2556 1354 2607 P.
1411 2556 1708 2607 Globulus.
1775 2558 1841 2610 V.
1892 2556 1957 2607 P.
2017 2554 2296 2608 Servilius

1363 2624 1664 2676 Globulus.

1294 2694 1545 2762 Glyco-n,
1579 2696 1807 2745 medicus
1836 2696 2058 2756 Pansae,
2099 2712 2126 2745 a
2157 2696 2300 2746 Cice-

1360 2778 1480 2815 rone
1500 2764 1567 2813 M.
1589 2766 1742 2815 Bruto
1772 2766 2183 2831 commendatur,
2213 2782 2298 2831 cp.

1361 2833 1426 2883 ad
1445 2832 1584 2887 Brut.
1611 2835 1657 2895 1,
1681 2834 1730 2885 6.

1294 2900 1520 2952 Gnatho
1537 2939 1552 2965 ,
1571 2904 1824 2969 parasitus
1837 2944 1852 2967 ,
1875 2921 2094 2971 persona
2115 2904 2302 2954 Teren-

1361 2973 1499 3020 tiana
1520 2974 1571 3021 in
1587 2974 1858 3034 Eunucho,
1885 2978 1948 3025 de
1969 2991 2066 3025 am.
2091 2974 2155 3023 25
2171 3010 2184 3035 ,
2209 2973 2296 3027 93.

1362 3037 1636 3092 —Nomen
1657 3058 1902 3106 personae
1923 3046 2164 3103 comicae,
2181 3042 2303 3091 Phi-

1364 3110 1492 3175 lipp.
1512 3112 1562 3171 2,
1582 3112 1634 3171 6,
1657 3112 1740 3164 15.

1299 3176 1554 3229 Gnidiae.
1593 3182 1656 3229 V.
1685 3177 1934 3229 Cnidius.

1298 3244 1497 3298 Gnosii
1519 3249 1715 3295 incolae
1737 3250 1876 3297 urbis
1891 3250 2042 3297 Gnosi
2067 3250 2116 3297 in
2137 3249 2302 3313 Creta,

1367 3321 1432 3367 de,
1451 3318 1549 3381 leg.
1575 3316 1811 3367 1.5.15.”

1299 3383 1548 3452 Gorgias
1577 3384 1891 3506 Leontinupi
1923 3388 2157 3438 Isocratis
2194 3402 2308 3435 rna--
