2500 3850
275 216 340 262 P.
369 212 730 261 snnvlmus
756 211 969 269 νΑΤιΑ,
993 212 1352 262 1sAmucns
1376 238 1461 247 -
1479 208 1937 260 ΣΗΣΤῙΩΔΗΣ.
2030 198 2151 258 363

107 372 185 422 ad
219 370 334 419 Att.
367 370 430 432 6,
479 369 538 429 1,
571 368 655 421 16.
690 367 1070 419 —Inimicitias

103 439 455 490 Lucullorum
474 445 625 499 atque
639 434 844 485 Servilii
868 450 969 486 non
987 451 1070 487 so-

103 510 227 559 lum
247 507 491 559 exstinxit
503 519 584 555 res
602 504 806 571 publica
823 504 1070 571 dignitas-

105 593 217 641 que
252 575 634 641 ipsorum,'sed
661 574 812 623 etiam
844 575 911 622 ad
941 575 1070 624 ami-

103 648 294 696 citiam
337 643 853 704 consuetudinemque
894 643 1070 693 tradu-

103 717 189 765 xit
205 749 222 775 ,
247 714 311 765 de
367 728 478 763 ιον.
503 727 606 761 cos.
632 710 685 770 9,
704 711 789 760 22.
813 737 880 747 —
899 709 1067 761 Servi-

103 784 214 833 lius
239 783 498 832 Isauricus
527 771 592 830 de
625 780 1068 829 anim-'adversione

105 856 162 902 in
181 851 510 901 Catilinarios
531 849 658 899 dixit
678 856 794 898 ante
808 848 1065 914 Catonem,

104 921 177 970 ad
202 921 311 972 Att.
337 920 421 979 12,
451 918 538 978 21,
564 918 612 971 l.
634 943 704 954 -
722 917 776 966 Ρ.
801 916 1066 978 Servilius,

107 990 574 1053 quotienscumque
603 988 652 1037 ei
689 987 834 1036 locus
863 986 1070 1037 dicendi

108 1075 175 1109 ac
195 1066 430 1124 potestas
458 1055 582 1123 fuit,
619 1054 886 1105 Gabinium
910 1064 958 1105 et
986 1056 1068 1104 Pi-

109 1142 296 1178 sonem
324 1139 425 1174 non
456 1124 622 1175 solum
662 1125 911 1174 sententia
952 1138 1064 1185 sua,

107 1196 210 1247 sed
229 1196 382 1244 etiam
401 1195 667 1243 verborum
687 1194 937 1260 gravitate
953 1207 1066 1243 esse

109 1265 374 1314 notandos
396 1264 622 1328 putavit,
651 1263 715 1312 de
745 1276 893 1327 prov.
921 1277 1061 1315 cous.

4 1392 7 1407 ἶ
113 1335 179 1395 1,
221 1334 250 1382 1
291 1346 406 1394 sqq.
447 1358 518 1367 —
554 1331 609 1380 P.
650 1329 898 1381 Servilius
935 1329 1068 1380 dixit

4 1830 9 1952 ι

5 1971 14 2120 l

111 1414 278 1466 opera
311 1398 569 1451 Ciceronis
606 1415 712 1449 rem
745 1398 887 1465 publ.
926 1400 1066 1448 inco-

109 1472 308 1521 lumem
369 1470 754 1534 magistratibus
823 1468 1066 1531 deinceps

111 1540 370 1602 traditam,
391 1546 508 1604 post
525 1539 631 1587 red.
656 1538 722 1587 ad
741 1537 880 1595 Quir.
904 1537 954 1596 7,
979 1537 1062 1589 17.

113 1636 186 1648 -
219 1609 276 1659 Ρ.
314 1606 564 1657 Servilius
590 1606 647 1666 Q.
686 1606 940 1656 Metellum
966 1604 1066 1654 Ne-

115 1684 292 1742 potem
311 1691 424 1727 cum
446 1676 684 1727 Cicerone
703 1675 1063 1735 reconciliavit,

114 1754 236 1811 post
270 1745 376 1794 red.
415 1747 468 1795 in
501 1760 608 1795 sen.
651 1744 744 1810 10,
783 1746 872 1795 25.
903 1771 972 1780 -
1005 1742 1061 1792 Ρ.

118 1814 368 1864 Servilius
402 1814 637 1881 pontifex
674 1828 719 1864 a.
753 1830 808 1868 u.
843 1829 885 1863 c.
917 1813 1062 1873 697„

120 1883 186 1937 de
222 1883 434 1950 harusp.
473 1898 608 1950 resp.
641 1884 700 1940 6,
739 1883 820 1933 12.
848 1909 914 1919 -
938 1882 1062 1933 Eius

117 1955 364 2003 sententia
381 1956 432 2003 in
454 1951 607 2004 causa
626 1953 902 2002 Ptolemaei
923 1953 1061 2019 regis

118 2024 390 2088 Aegyptii,
420 2024 488 2073 ad
515 2023 636 2072 fam.
662 2022 686 2071 l
709 2059 722 2082 ,
755 2023 780 2072 1
799 2059 814 2083 ‚
841 2020 890 2073 3.
915 2050 985 2062 --
1002 2024 1058 2072 Ρ.

121 2091 394 2149 Servilius,
436 2092 498 2141 de
525 2089 730 2156 harusp.
753 2105 888 2155 resp.
911 2093 938 2143 1
958 2128 972 2151 ,
1006 2092 1060 2141 2.

121 2161 195 2210 Ib.
217 2161 250 2212 6
267 2197 280 2221 ‚
308 2161 388 2210 12.
418 2188 484 2198 —
517 2160 573 2210 P.
601 2160 847 2210 Servilius
874 2161 1063 2210 Isauri-

124 2245 212 2280 cus
242 2244 273 2277 a
303 2229 360 2289 Q.
405 2229 644 2280 Cicerone
683 2229 888 2280 Caesari
922 2245 1061 2280 com-

122 2299 384 2348 mendatus
413 2313 460 2348 a.
484 2315 536 2353 ιι.
564 2315 606 2349 c.
628 2299 748 2349 700.
768 2335 783 2358 ,
814 2299 879 2347 ad
900 2297 959 2356 Q.
992 2297 1057 2348 fr.

125 2367 186 2430 3,
222 2368 246 2417 l
265 2405 278 2429 ‚
311 2367 360 2419 6.
383 2367 432 2429 §-
458 2367 542 2419 20.
577 2395 642 2405 -
666 2365 835 2418 Senex
867 2381 914 2417 a.
937 2382 989 2416 u.
1015 2381 1057 2416 c.

125 2435 264 2498 710„
285 2437 349 2486 ad
368 2436 491 2486 fam.
515 2437 597 2499 16,
616 2436 700 2498 23,
724 2437 773 2486 2.
790 2462 854 2471 -
870 2435 925 2485 P.
946 2433 1062 2484 Ser-

121 2504 272 2556 vilius
300 2507 447 2556 Vatia
478 2507 731 2556 Isauricus
758 2513 986 2555 mortuus
1013 2518 1059 2553 a.

125 2589 174 2628 u.
199 2590 239 2624 c.
262 2573 405 2634 710.,
435 2575 661 2640 Philipp.
689 2575 753 2634 2,
781 2574 813 2624 5
831 2609 846 2633 ,
872 2573 954 2623 12.
993 2572 1063 2622 cf.

125 2643 302 2708 fragm.
329 2658 378 2707 p.
398 2641 519 2695 346.

52 2710 120 2762 P.
134 2708 402 2764 Servilius
416 2709 580 2763 Vatia
591 2709 900 2772 Isauricus,
915 2724 1064 2774 prae·

126 2782 342 2833 cedentis
371 2781 522 2830 filius.
551 2807 623 2818 —-
651 2779 946 2830 Aemulator
967 2778 1060 2829 Ca-

125 2852 281 2909 tonis,
307 2849 373 2898 as
393 2848 578 2908 Atta,
613 2848 674 2909 1,
706 2849 788 2899 ιο.
827 2846 893 2902 01.
916 2848 986 2897 ib.
1009 2847 1056 2912 1,
1129 2813 1168 2866 S

129 2919 207 2980 19,
227 2917 276 2966 9.
294 2943 359 2954 --
380 2915 628 2965 Servilius
649 2917 783 2966 filius
802 2918 948 2967 bonis
968 2918 1058 2968 ad-

125 2993 411 3036 numeratur
435 3000 481 3035 a.
504 3002 557 3035 u.
580 3001 622 3034 c.
650 2984 792 3046 698„
818 2987 886 3038 ad
907 2987 964 3046 Q.
990 2986 1052 3038 fr.

125 3059 175 3121 2,
197 3054 244 3121 3,
264 3055 314 3108 2.
355 3053 418 3104 cl.
450 3054 524 3104 ib.
545 3055 607 3120 2,
635 3055 694 3122 1,
725 3057 771 3106 1.
796 3083 863 3093 -
887 3055 1055 3107 Servi-

128 3125 252 3187 lius,
281 3124 489 3173 Isaurici
509 3123 672 3187 filius,
705 3133 907 3191 praetor
931 3141 980 3176 a.
1001 3143 1050 3174 u.

127 3209 172 3242 c.
202 3191 314 3247 700.
344 3193 710 3258 prohibiturum
746 3211 803 3245 se
832 3196 1057 3246 minaba-

1207 370 1365 420 vilius
1382 370 1440 421 P.
1462 369 1674 419 Isaurici
1690 370 1745 418 F.
1768 383 1869 419 cos.
1894 383 2008 418 cum
2030 366 2155 417 Cae-

1209 452 1325 488 sare
1362 439 1481 492 706.
1515 468 1585 479 --
1615 438 1822 488 Fractus
1852 451 1883 485 a
1913 437 2154 487 Cicerone

1209 508 1263 555 in
1310 508 1629 557 contentione
1686 508 1749 557 de
1793 507 2039 571 dignitate
2091 505 2151 554 L.

1207 576 1417 640 Planci,
1450 579 1517 626 ad
1541 575 1664 629 fam.
1700 576 1766 627 10
1788 612 1802 634 ,
1839 576 1930 635 12,
1961 572 1993 623 3
2024 581 2075 623 et
2099 575 2151 625 4.

1208 645 1439 694 —Aliae
1462 646 1571 693 eius
1592 645 1837 705 actioueS,
1862 643 1937 692 Ib.
1964 640 2043 703 10,
2070 641 2155 705 16,

1211 714 1349 763 l..—
1368 716 1425 764 Ρ.
1448 712 1696 763 Servilius
1726 712 1879 765 Vatia
1904 710 2157 761 Isauricus

1207 781 1917 902 352002211220131253323223
1946 794 2135 913 ⁸13²}ss
2140 814 2151 826 ‘

1207 919 1433 971 66—72.
1466 946 1529 955 —
1561 920 1621 973 P.
1644 918 1889 969 Servilius
1910 954 1924 979 ,
1957 916 2158 967 Cicero-

1207 1004 1324 1038 nem
1362 995 1692 1051 consecutus,
1728 990 1957 1039 invectus
1992 993 2068 1036 est
2102 986 2154 1035 in

1205 1059 1482 1107 Antonium
1498 1094 1513 1117 ,
1533 1059 1599 1108 ad
1620 1058 1739 1108 i'am.
1764 1058 1847 1117 12,
1870 1058 1918 1119 2,
1944 1055 1990 1105 1.
2014 1054 2158 1103 -Ei

1206 1128 1493 1177 adsentitur
1514 1126 1721 1192 Cicero,
1755 1125 1982 1191 Philipp.
2006 1126 2039 1175 7
2054 1159 2070 1187 ,
2100 1122 2151 1185 8,

1205 1196 1292 1245 27.
1320 1223 1380 1232 -
1401 1197 1457 1247 Ρ.
1478 1195 1727 1246 Servilius
1746 1195 2033 1259 sepulcrum
2056 1208 2153 1259 pu-

1205 1264 1337 1314 blice
1374 1264 1748 1315 decernendum
1779 1264 1889 1317 Ser.
1925 1261 2152 1327 Sulpicio

1207 1335 1435 1395 censuit,
1468 1342 1687 1383 statuam
1708 1347 1809 1381 non
1829 1334 2050 1390 censuit,
2076 1331 2149 1380 Ib.

1204 1404 1257 1465 9,
1282 1402 1315 1453 6
1330 1440 1344 1463 ‚
1368 1403 1451 1451 14.
1472 1426 1543 1439 -
1561 1401 1619 1450 L.
1644 1400 1829 1451 Caesar
1849 1400 2077 1462 volebat,
2100 1406 2155 1448 ut

1204 1471 1259 1520 P.
1280 1470 1499 1523 Servilio
1528 1471 1728 1535 privato
1749 1476 1869 1518 tunc
1886 1468 2150 1518 hominia.

1206 1555 1262 1593 u.
1288 1556 1333 1595 c.
1356 1540 1475 1589 71].
1500 1539 1687 1589 bellum
1718 1548 1892 1587 contra
1920 1538 1976 1588 P.
2000 1537 2155 1587 Dola-

1206 1608 1394 1658 bellam
1416 1608 1713 1670 dei'erretur,
1736 1609 2053 1673 improbante
2071 1604 2154 1655 Ci-

1207 1692 1418 1737 cerone,
1454 1678 1695 1743 Philipp.⁸
1723 1676 1783 1726 11
1809 1712 1823 1737 ,
1861 1676 1924 1734 8,
1959 1676 2043 1729 19.
2086 1702 2151 1711 -—

1205 1747 1329 1797 Eius
1392 1746 1678 1797 verissimis
1735 1746 2153 1811 gravissimisque

1205 1818 1470 1866 sententiis
1501 1816 1641 1867 omni
1669 1822 1863 1865 estnon
1886 1814 2053 1864 solum
2076 1811 2152 1863 di-

1204 1888 1413 1951 gnitate,
1435 1885 1528 1938 sed
1548 1886 1699 1936 etiam
1718 1898 1812 1949 spe
1834 1884 2013 1935 salutis
2034 1897 2152 1948 spo-

1205 1957 1360 2006 liatus
1380 1957 1659 2016 Antonius,
1679 1955 1757 2004 lb.
1783 1954 1875 2014 12,
1904 1955 1967 2013 2,
1988 1954 2041 2004 5.
2076 1953 2149 2002 Ib.

1206 2027 1299 2090 12,
1339 2027 1399 2090 7,
1437 2024 1519 2077 18.
1544 2051 1615 2062 -—
1640 2022 2069 2090 Reprehenditur,
2097 2027 2153 2071 ut

1201 2097 1355 2145 nimis
1386 2094 1517 2144 lenis
1544 2095 1597 2143 in
1623 2093 1903 2143 Antonium
1940 2091 2153 2152 eiusque

1202 2164 1497 2222 adseculas,
1522 2163 1595 2212 lb.
1621 2162 1702 2226 14,
1727 2161 1777 2223 3,
1798 2163 1850 2211 7.
1888 2161 1964 2210 Ib.
1989 2161 2071 2219 14,
2097 2160 2151 2223 4,

1203 2235 1287 2285 11.
1326 2234 1393 2285 ad
1410 2235 1511 2283 Att.
1534 2232 1695 2296 4,-15‚
1719 2230 1772 2282 9.
1813 2229 1887 2280 lb.
1914 2229 1996 2290 11,
2025 2229 2075 2291 5,
2098 2228 2149 2278 3.

1201 2328 1272 2340 --
1297 2301 1354 2354 Ρ.
1392 2301 1641 2352 Servilius
1671 2301 1800 2352 dixit
1830 2300 1892 2350 de
1910 2297 2147 2350 Ventidio

1203 2378 1252 2420 et
1274 2378 1331 2422 ut
1357 2370 1564 2421 Cassius
1585 2377 1975 2434 persequeretur
2002 2366 2152 2415 Dola-
2180 2395 2187 2401 -
2244 2393 2249 2400 -

1200 2440 1419 2502 bellam,
1452 2455 1536 2505 ep.
1568 2439 1635 2489 ad
1662 2438 1803 2489 Brut.
1837 2437 1865 2486 1
1887 2471 1900 2495 ,
1930 2435 1983 2486 5.
2002 2461 2069 2472 ——
2090 2436 2146 2485 P.

1203 2507 1448 2560 Servilius
1471 2523 1517 2557 a.
1533 2523 1583 2556 u.
1608 2523 1653 2556 c.
1675 2506 1795 2555 711.
1817 2503 1972 2553 homo
1993 2502 2152 2552 furio»

1202 2593 1291 2628 sus
1312 2586 1362 2628 et
1382 2576 1603 2627 insolens
1619 2613 1635 2637 ,
1658 2589 1738 2639 ep.
1762 2576 1829 2624 ad
1848 2573 1989 2625 Brut.
2018 2571 2073 2635 2,
2095 2572 2145 2627 2.

1133 2658 1365 2712 Servius
1396 2661 1553 2711 frater
1572 2659 1633 2709 L.
1659 2658 1851 2722 Papirii
1877 2656 2049 2717 Paeti,
2083 2655 2150 2704 ad

1205 2731 1327 2783 fam.
1347 2731 1399 2793 9,
1423 2729 1505 2790 16,
1525 2731 1577 2781 4.
1616 2729 1683 2781 V.
1705 2726 1827 2779 Ser.
1852 2722 2109 2776 Clodius.

1173 2812 1380 2866 ervius.
1430 2813 1669 2876 Servius,
1721 2813 2016 2878 designatus
2057 2815 2146 2861 tri-

1198 2887 1364 2933 bunus
1404 2883 1511 2949 pL,
1557 2884 1948 2942 condemnatus,
1998 2883 2147 2931 cuius

1197 2957 1249 3003 in
1280 2953 1447 3002 locum
1480 2953 1537 3006 C.
1574 2951 1724 3003 Curio
1752 2952 1902 3017 petiit
1933 2964 1981 2998 a.
2018 2965 2071 3001 u.
2098 2963 2144 2997 c.

1198 3020 1343 3080 703..
1366 3021 1502 3072 Cael.
1525 3020 1592 3071 ad
1612 3022 1731 3070 fam.
1757 3021 1808 3082 8,
1829 3021 1880 3078 4,
1903 3020 1951 3066 2.
1982 3017 2045 3071 cl.
2073 3017 2143 3065 ib.

1127 3092 1360 3220 80}less
1376 3091 1637 3218 &Pullius
1674 3165 1739 3215 V.
1761 3159 2010 3214 Tullius.

127 3271 206 3310 tur
229 3262 534 3328 triumphum
569 3263 618 3314 C.
653 3265 952 3328 Pomptinii‚
981 3265 1054 3314 ΙΙ).
1128 3248 1390 3302 Sestiana
1414 3249 1577 3334 difitsss
1600 3247 1668 3296 ad
1693 3246 1813 3296 fam·
1839 3247 1889 3306 7,
1912 3244 1998 3310 32,
2022 3246 2070 3294 1·

129 3329 162 3381 3
178 3366 190 3390 ,
215 3331 272 3392 4,
299 3331 348 3383 6.
369 3357 440 3369 ·—
459 3330 706 3384 Servilius
735 3340 939 3398 praetor
967 3333 1058 3382 ob-
1127 3326 1542 3395 Σηστιωδης,
1568 3326 1723 3377 Sestii
1742 3327 1942 3381 similis.
1966 3327 2143 3377 Cicero

131 3401 255 3448 viam
276 3400 310 3449 it
331 3400 615 3466 Pomptinio
637 3401 949 3466 triumphare
968 3414 1057 3450 vo-

132 3467 268 3528 lenti,
287 3470 350 3519 ad
371 3472 473 3522 Att.
496 3473 547 3531 4,
579 3470 660 3532 16,
684 3471 767 3523 12.
784 3470 918 3520 -Ρ.
939 3467 1057 3518 Ser-

1198 3397 1325 3447 nihil
1345 3411 1587 3460 umquam
1615 3397 1740 3462 legit
1769 3398 2014 3462 scriptum
2042 3408 2144 3459 ση-

1198 3462 1597 3531 στιωδέστερον
1611 3501 1627 3531 ,
1665 3481 1815 3529 quam
1838 3480 2142 3532 responsum
