2500 3850
160 188 279 248 334

223 356 307 406 87.
318 354 653 419 —Pythagori
673 355 743 402 iin
757 354 899 402 Italia
919 354 1155 404 inferiore

224 426 332 473 sive
363 424 544 488 Magna
573 423 806 479 Graecia,
850 424 912 472 de
942 438 983 471 r.
1016 438 1064 486 p.
1104 424 1151 484 1,

224 492 315 554 10,
341 490 419 541 16.
442 518 506 526 -—
524 492 940 556 Pythagoriorum
971 491 1154 540 referta

224 561 475 624 quondam
486 560 626 609 Italia
640 560 750 621 fuit,
764 568 868 608 tum
882 575 1033 622 quum
1047 567 1154 609 erat

222 632 273 678 in
301 630 396 678 hac
428 636 575 693 gente
606 629 789 693 Magna
818 628 904 677 illa
924 627 1151 685 Graecia,

222 699 284 747 de
306 705 429 749 orat.
452 700 512 756 2,
544 698 636 756 37,
672 698 786 750 154.
810 724 877 733 —--
896 696 1151 761 Pythago—

220 758 408 816 riorsim
438 765 705 831 disciplina
730 766 921 827 aliquot
948 765 1152 815 saecula

221 837 273 884 in
292 836 437 886 Italia
456 833 726 896 Siciliaque
745 836 927 899 viguit,
950 835 1079 884 Tim.
1101 833 1146 882 1.

218 930 287 941 ——
305 904 592 969 Pythagorii
624 904 861 967 Magnam
892 902 1150 951 Graeciam

218 973 457 1021 institutis
489 979 537 1019 et
572 973 855 1037 praeceptis
892 972 1000 1019 suis
1038 986 1148 1019 eru-

220 1041 446 1103 dierunt,
480 1040 544 1089 de
562 1054 657 1089 am.
684 1041 745 1101 4,
775 1038 856 1092 13.
881 1065 951 1074 —
968 1038 1147 1102 Pytha-

219 1109 349 1173 gorii
390 1109 551 1157 ornati
581 1107 811 1157 homines
842 1109 895 1156 in
934 1107 1146 1156 dicendo

219 1185 267 1226 et
284 1190 492 1241 graves,
520 1178 582 1226 de
610 1183 733 1229 orat.
759 1176 814 1239 1,
849 1174 942 1238 10,
971 1177 1053 1224 42.
1078 1202 1149 1211 -

626 200 1132 247 PYTHARATHUS
1169 223 1234 231 —
1261 202 1324 249 L.
1352 201 1741 261 QUINGTIUS.

1297 363 1517 406 mentem
1560 356 1772 421 Pythiae
1820 358 1992 406 divino
2040 354 2240 407 adflatu'

1295 426 1604 483 concitabat,
1654 427 1920 475 evanuisse
1956 431 2231 485 vetustate,

1297 495 1360 543 de
1379 494 1533 545 divin.
1559 494 1584 543 1
1606 529 1621 552 ,
1661 494 1754 557 19,
1787 492 1872 545 38.
1911 494 1972 543 cl.
1991 495 2059 542 ib.
2086 494 2110 543 1
2132 532 2145 555 ,
2175 494 2231 554 3,

1296 562 1374 613 19.
1399 588 1465 598 —
1483 562 1845 612 Demosthenes
1877 560 2234 625 φιλιππίζειν

1291 630 1522 694 Pythiam
1543 630 1768 694 dicebat,
1803 632 1876 680 Ib.
1899 633 1961 691 2,
1989 630 2083 690 57,
2108 631 2210 681 118

1291 727 1357 735 -
1410 698 1623 765 Pythiae
1665 700 1924 751 oraculum
1979 699 2235 749 adversus

1291 769 1571 827 Brennum,
1605 769 1677 818 Ib.
1705 770 1755 829 1,
1783 767 1868 829 37,
1897 766 1980 817 81.

1184 855 1187 858 ·
1220 834 1492 903 Pythium
1505 835 1781 901 oraculum,
1795 837 1858 886 de
1870 836 2007 886 divin
2017 871 2028 883 .
2045 838 2092 894 1,
2109 837 2158 899 1,
2175 837 2228 887 3.

1220 902 1462 973 Pythius
1477 941 1492 968 ‚
1512 906 1828 971 argentarius
1853 904 2228 969 SyracusanuS,

1290 989 1389 1036 quo
1410 975 1558 1024 modo
1576 975 1828 1039 deceperit
1845 973 1898 1026 C.
1917 972 2146 1030 Canium,
2163 974 2230 1022 de

1291 1042 1378 1096 off.
1401 1043 1450 1106 3,
1477 1043 1558 1102 14,
1580 1042 1664 1093 58.
2129 1043 2134 1047 ’

1217 1110 1581 1177 Pythodorus
1603 1111 1905 1176 Trallianus,
1928 1126 2022 1176 pro
2044 1110 2228 1159 Flacco

215 1245 506 1310 Pythagor-ii
535 1260 600 1295 ex
629 1246 853 1293 numeris
885 1252 933 1293 et
954 1243 1147 1293 mathe-
1212 1292 1219 1296 .

215 1316 511 1363 maticorum
558 1314 716 1362 initiis
764 1313 1018 1376 proficisci
1058 1326 1147 1361 vo-

218 1385 325 1433 lunt
342 1383 537 1443 omnia,
560 1382 717 1433 Acad.
742 1397 820 1447 pr.
843 1384 894 1442 2,
918 1381 1001 1443 37,
1028 1381 1143 1433 118.

220 1480 283 1487 -—
326 1452 625 1515 Neutiquam
667 1452 986 1515 probandum
1033 1465 1145 1500 esse

214 1521 339 1569 illud
362 1520 792 1584 Pythagoriorum,
815 1535 941 1583 quos
961 1520 1143 1581 ferunt,

216 1589 396 1650 siquid
415 1587 731 1637 adfirmarent
752 1589 803 1636 in
820 1588 1145 1653 disputanda,

216 1670 368 1718 quum
399 1670 465 1703 ex
487 1655 551 1703 iis
581 1664 929 1718 quaereretur,
964 1673 1065 1719 qua
1094 1672 1147 1704 re

212 1727 284 1773 ita
343 1730 477 1772 esset
496 1760 511 1784 ,
574 1726 878 1788 respondere
939 1724 1142 1774 solitos:

216 1799 232 1824 ‘
248 1794 358 1855 ipse
388 1792 568 1841 dixit’.
608 1794 722 1857 Ipse
744 1802 911 1843 autem
932 1800 1036 1843 erat
1055 1794 1146 1858 Py-

212 1862 482 1926 thagoraa,
521 1862 584 1909 de
614 1876 665 1908 n.
695 1863 743 1910 d.
777 1863 837 1923 1,
868 1862 929 1922 5,
969 1861 1053 1913 10.
1076 1888 1146 1900 —-

212 1931 507 1995 Pythagorii
520 1945 619 1980 non
640 1931 805 1980 solum
828 1933 1037 1982 deorum
1056 1946 1120 1980 vo
1136 1961 1146 1968 -
1172 1972 1179 1976 .

214 2015 295 2048 ees
340 2000 803 2064 absa-vitaverunt,
856 2001 947 2050 sed
994 2002 1142 2050 etiam

212 2068 473 2116 hominum
505 2083 632 2129 quae
655 2075 832 2119 vocant
860 2071 1055 2131 omina,
1082 2069 1144 2117 de

214 2136 371 2185 divin.
396 2137 424 2185 1
443 2172 458 2198 ,
488 2136 583 2194 45,
614 2136 733 2188 102.
753 2165 823 2172 -
852 2136 1145 2202 Pythagorii

210 2205 397 2254 fidibus
415 2205 487 2251 uti
506 2204 753 2264 solebant,
770 2205 970 2256 Tuscul.
988 2205 1039 2267 5,
1056 2203 1140 2256 39.

212 2271 329 2323 113.
361 2299 430 2310 -—
456 2272 750 2338 Pythagorii
790 2275 913 2336 quid
940 2289 1142 2336 ‚quoque

212 2343 294 2392 die
314 2343 559 2391 dixissent
574 2379 587 2400 ,
612 2343 893 2404 audissent,
919 2344 1141 2407 egissent

212 2412 666 2461 commemorabant
688 2413 921 2476 vesperi,
943 2413 1006 2462 de
1028 2425 1135 2461 sen.

212 2481 302 2538 11,
329 2481 410 2532 38.
434 2505 505 2516 -—
532 2481 619 2530 Eis
646 2482 964 2531 interdictum
994 2488 1142 2546 puta-

208 2557 318 2606 tur,
360 2563 423 2596 ne
464 2549 581 2598 faba
612 2558 966 2610 vescerentur,
1004 2549 1139 2611 quod

210 2617 359 2664 habet
384 2617 693 2666 inflationem
722 2632 957 2682 magnam
988 2619 1034 2665 is
1070 2621 1139 2666 ci-

206 2685 331 2741 bus,
362 2684 713 2745 tranquillitati
750 2687 955 2746 mentis,
986 2699 1139 2746 quae-

208 2752 363 2799 rentis
386 2767 502 2800 vera
516 2787 531 2810 ,
554 2755 877 2812 contrariam,
901 2754 963 2802 de
980 2753 1135 2802 divin.

212 2821 269 2878 1,
296 2817 392 2878 30,
416 2821 502 2870 62.
542 2820 601 2872 cl.
627 2820 697 2868 ib'.
721 2822 778 2880 2,
809 2821 903 2884 58,
930 2820 1045 2872 119.
1071 2847 1138 2858 —-

208 2887 498 2953 Pythagorii
545 2888 741 2939 Damon
793 2896 840 2938 et
892 2889 1136 2954 Phintia,

209 2957 415 3010 Tuscul.
438 2957 499 3015 5,
530 2959 615 3015 22,
639 2957 723 3010 63.
768 2958 829 3008 de
856 2957 941 3006 fin.
962 2959 1024 3020 2,
1050 2959 1135 3018 24,

209 3026 293 3079 79.
320 3055 388 3064 —
407 3027 514 3076 Hoc
532 3025 800 3091 Orphicum
822 3041 1017 3076 carmen
1041 3027 1138 3092 Py-

207 3095 428 3162 thagorii
465 3096 629 3146 ferunt
674 3097 937 3146 cuiusdam
978 3096 1137 3145 fuisse

212 3163 473 3231 CercopiS,
496 3167 558 3215 de
576 3180 626 3213 n.
647 3165 696 3214 d.
723 3166 770 3225 1,
792 3165 878 3226 38,
900 3165 1017 3216 107.

141 3229 523 3296 Pytharathus
538 3270 552 3296 ,
580 3233 766 3284 archon
788 3235 1015 3299 Athenis,
1037 3248 1135 3296 quo

211 3302 445 3352 archonte
474 3303 714 3364 Epicurus
742 3313 967 3352 mortuus
993 3311 1134 3351 esta.

211 3375 321 3414 ante
342 3367 457 3417 Chr.
478 3371 596 3419 270.
619 3405 631 3426 ,
656 3371 718 3420 de
738 3371 839 3420 fato
858 3371 911 3432 9,
940 3371 1020 3421 19.

140 3430 368 3498 Pythia.
405 3436 573 3484 Potest
598 3439 677 3485 vis
705 3438 787 3487 illa
808 3446 983 3499 terrae,
1007 3453 1134 3498 quae

1219 1365 1538 1448 Quadrupes
1555 1420 1567 1445 ,
1587 1384 1758 1443 sidus,
1782 1384 1920 1431 Arat.
1943 1399 1990 1431 v.
2015 1384 2136 1434 455.

1217 1451 1460 1516 Querela
1490 1452 1610 1509 dea,
1643 1452 1706 1501 de
1725 1466 1776 1500 n.
1805 1452 1853 1500 d.
1879 1450 1928 1507 3,
1961 1451 2040 1511 17,
2060 1454 2147 1504 44.

1218 1519 1525 1584 Querelae,
1562 1520 1688 1569 liber
1732 1523 1792 1568 A.
1836 1518 2104 1583 Caecinae,
2154 1521 2222 1569 ad

1287 1590 1408 1638 fam.
1430 1588 1480 1647 6,
1501 1588 1552 1647 6,
1572 1589 1624 1639 8.

1220 1656 1280 1707 C.
1316 1654 1686 1723 Quinctilium
1721 1672 1874 1719 eques
1911 1658 2089 1720 Rom.‚
2125 1672 2221 1721 pro

1288 1725 1482 1775 Cluent.
1505 1725 1590 1786 62,
1616 1726 1733 1777 175.

1215 1794 1280 1844 P.
1309 1792 1698 1859 (Quinctilius)
1733 1793 1938 1857 Varus,
1978 1795 2031 1841 in
2065 1808 2222 1843 causa

1283 1863 1336 1912 P.
1373 1863 1593 1921 Quinctii
1619 1862 1670 1911 C.
1715 1862 1918 1925 Aquilio
1956 1863 2130 1911 aderat
2167 1864 2221 1911 in

1285 1933 1494 1982 consilio
1516 1948 1560 1981 a.
1584 1948 1632 1980 u.
1655 1949 1696 1980 c.
1717 1932 1865 1998 673„
1895 1946 1990 1995 pro
2015 1930 2216 1989 Quinct.

1285 2001 1377 2055 17,
1405 2001 1490 2050 54.
1525 2001 1692 2050 Testis
1721 2001 1771 2048 in
1804 2015 1956 2050 causa
1976 1999 2220 2048 Scaman-

1285 2070 1392 2129 dri,
1415 2083 1510 2132 pro
1532 2069 1724 2118 Cluent.
1749 2068 1832 2129 19,
1851 2068 1934 2118 53.

1212 2136 1338 2189 Sex.
1371 2133 1740 2203 Quinctilius,
1773 2147 1976 2201 praetor
2007 2152 2053 2186 a.
2078 2153 2130 2186 u.
2169 2153 2216 2185 c.

1279 2205 1399 2258 697.
1417 2243 1430 2270 ,
1451 2205 1656 2255 favebat
1685 2206 1945 2271 Ciceroni,
1970 2213 2088 2270 post
2103 2205 2217 2256 red.

1281 2277 1335 2323 in
1354 2289 1462 2324 sen.
1489 2276 1540 2337 9,
1563 2276 1647 2326 22.

1212 2339 1275 2391 G.
1318 2340 1644 2408 Quinctius,
1691 2345 1746 2393 P.
1785 2342 2006 2402 Quinctii
2038 2341 2216 2406 frater,

1281 2415 1367 2474 qui
1399 2413 1691 2460 societatem
1723 2426 1838 2460 cum
1868 2409 1987 2460 Sex.
2021 2411 2217 2460 Naevio

1279 2480 1424 2542 fecit,
1447 2495 1539 2542 pro
1561 2481 1755 2538 Quinct.
1777 2479 1828 2543 3,
1855 2480 1936 2529 11.

1210 2546 1398 2598 Kaeso
1416 2545 1732 2611 Quinctius,
1755 2563 1908 2610 quum
1928 2555 2064 2597 esset
2082 2551 2218 2612 opti-

1280 2633 1359 2665 me
1389 2617 1452 2664 de
1491 2632 1544 2665 re
1581 2617 1720 2680 publ.
1764 2618 2007 2677 meritus,
2044 2623 2216 2666 tamen

1277 2686 1457 2750 populi
1499 2686 1690 2734 incitati
1729 2687 1830 2733 vim
1876 2686 2218 2734 iracundiam-

1280 2769 1374 2815 que
1397 2755 1582 2812 subiit,
1605 2754 1668 2803 de
1688 2754 1836 2803 domo
1857 2769 1949 2804 sua
1969 2753 2053 2816 32,
2073 2753 2160 2804 86.

1206 2821 1269 2872 L.
1297 2819 1591 2886 Quinctius
1606 2857 1621 2885 ,
1645 2823 1764 2871 trib.
1785 2822 1855 2886 pl.
1881 2837 1928 2871 a.
1952 2837 2001 2874 u.
2024 2837 2065 2870 c.
2090 2822 2215 2872 680.

1276 2891 1569 2953 aptissimus
1625 2890 1920 2939 turbulentis
1968 2891 2216 2940 contioni-

1275 2961 1402 3019 bus,
1432 2958 1572 3007 Brut.
1603 2957 1697 3020 62,
1729 2960 1849 3012 223.
1873 2958 2020 3011 —L.
2054 2958 2216 3016 Quin-

1275 3029 1406 3077 ctius
1422 3063 1435 3085 ‚
1461 3028 1698 3078 tribunus
1715 3027 1786 3092 pl.
1801 3065 1815 3088 ,
1845 3037 2087 3093 patronus
2110 3026 2214 3090 Op-

1277 3095 1492 3160 pianici,
1519 3111 1613 3160 pro
1645 3095 1838 3149 Cluent.
1875 3097 1970 3156 27,
2005 3097 2094 3148 74.
2134 3097 2212 3144 Ib.

1277 3164 1372 3224 28,
1397 3165 1482 3216 77.
1523 3167 1594 3214 lb.
1619 3164 1714 3225 29,
1747 3165 1831 3216 79.
1875 3167 1944 3215 lb.
1968 3163 2061 3224 37,
2089 3162 2212 3214 103.

1275 3259 1344 3270 --
1371 3233 1493 3282 Eius
1528 3233 1825 3292 insolentia,
1856 3234 1928 3283 Ib.
1955 3231 2048 3294 39,
2089 3230 2210 3280 109.

1277 3328 1332 3337 -
1362 3301 1420 3350 L.
1442 3300 1704 3359 Quinctius
1725 3311 1966 3366 patronus
1989 3300 2044 3350 P.
2065 3301 2214 3349 Fabii

1274 3370 1326 3418 in
1355 3383 1507 3417 causa
1541 3370 1774 3419 Tulliana
1815 3385 1860 3421 a.
1895 3385 1945 3418 u.
1981 3386 2025 3421 c.
2062 3367 2211 3428 683„

1274 3452 1366 3500 pro
1385 3437 1547 3486 Tullio
1567 3441 1614 3500 §.
1649 3438 1696 3491 1.
