2500 3850
244 169 366 231 314
455 180 519 239 Q.
553 179 895 229 pommus
924 179 1147 227 RUFUS
1171 198 1256 214 -
1279 182 1338 226 T.
1367 180 1760 227 POMPONIUS
1792 181 2103 229 ATTICUS.

308 339 371 388 cl.
394 336 456 385 de
478 336 563 384 off.
586 337 635 392 3,
657 335 878 397 30,109.
899 364 968 373 —-
986 336 1041 384 P.
1061 336 1242 385 Furius

308 406 484 455 Philus
510 406 685 455 consul
712 421 756 457 a.
784 422 832 455 u.
864 422 905 453 c.
928 406 1047 455 618.
1086 420 1241 467 quae-

308 475 426 523 sivit
447 475 509 523 de
531 475 833 525 Numantino
859 475 1081 524 foedere.
1118 475 1241 533 Quis

307 543 591 607 ignorabat.
640 544 699 603 Q.
730 544 1029 608 Pompeium
1060 544 1241 593 secisse

306 612 487 661 foedus
510 650 523 675 ,
587 615 764 662 eadem
813 614 861 660 in
912 628 1068 661 causa
1128 627 1241 661 esse

304 680 626 729 Mancinum?
679 682 822 731 Alter
870 683 947 729 vir
1002 684 1237 747 optimUS,

306 752 459 799 etiam
500 753 659 800 suasit
701 750 1013 815 rogationem
1038 788 1050 811 ‚
1096 750 1239 800 Philo

1381 336 1647 385 Messalam
1702 337 2025 387 candidatum
2085 339 2323 389 consula·

1384 422 1488 454 rem
1526 421 1573 453 a.
1597 423 1645 457 u.
1677 422 1719 456 c.
1757 404 1902 465 700.·‚
1939 407 2004 456 ad
2025 408 2082 465 Q.
2107 407 2169 456 fr.
2195 406 2245 469 3,
2270 411 2320 467 2,

1382 474 1431 523 3.
1471 475 1536 523 ad
1557 474 1660 527 Att.
1690 475 1750 537 4,
1789 474 1882 536 16,
1915 475 1965 527 8.
2014 504 2088 511 -
2125 476 2201 525 De
2237 492 2322 525 ru-

1382 558 1541 605 more,
1583 545 1666 605 qui
1690 559 1734 595 a.
1757 560 1808 591 u.
1832 560 1874 591 c.
1897 543 2014 595 703.
2064 545 2218 594 luerit
2239 545 2322 594 Ci-

1381 627 1612 661 ceronem
1655 626 1684 661 a
1723 612 1778 671 Q.
1811 613 2050 677 Pompeio
2095 614 2318 663 occisum

1381 694 1513 743 esse,
1539 680 1738 731 Caelius
1762 682 1825 731 ad
1855 682 1976 733 fam.
2005 682 2072 743 8,
2090 682 2137 742 1,
2165 684 2216 735 4.
2255 712 2318 718 —

1380 750 1552 799 Fausti
1579 750 1750 799 Sullae
1770 752 1835 799 ad
1857 766 1972 801 eum
1991 752 2204 815 litterae,
2224 766 2315 816 pro

1383 818 1526 868 Sulla
1556 818 1638 882 19,
1660 820 1744 869 55.

1315 884 1413 937 Cn.
1436 886 1736 954 Pompeius
1759 886 2094 938 Theodorus
2113 925 2127 951 ,
2171 889 2316 938 Sicu-

1382 958 1480 1020 luS,
1505 958 1648 1007 Verr.
1673 967 1892 1006 accusat.
1918 960 1967 1017 2,
1989 960 2075 1021 42,
2100 957 2217 1007 102.

1309 1022 1613 1091 Pompeius
1633 1023 1946 1089 Vindullus,
1973 1026 2062 1076 Cn.
2084 1026 2310 1091 Pompeii

1383 1096 1552 1159 Magni
1578 1096 1816 1154 libertus,
1847 1096 1911 1145 ad
1935 1096 2036 1145 Att.
2057 1094 2093 1145 6
2110 1132 2124 1154 ,
2149 1095 2173 1144 1
2191 1130 2206 1157 ,
2228 1096 2310 1148 25.

1309 1160 1654 1229 Pompilius,
1691 1178 1846 1226 eques
1875 1164 2151 1224 Romanus,
2193 1166 2314 1213 ami-

1379 1233 1615 1282 cissimus
1662 1232 1912 1282 Catilinae
1931 1270 1944 1295 ‚
1989 1232 2046 1291 Q.
2097 1232 2202 1281 Cic.
2253 1234 2314 1282 de

1380 1309 1480 1365 pet.
1507 1316 1646 1353 cons,
1671 1301 1720 1363 3,
1757 1300 1837 1351 10.

1308 1369 1620 1436 Pomponia
1641 1406 1656 1433 ,
1716 1371 1772 1419 T.
1829 1371 2101 1435 Pomponii
2161 1370 2314 1418 Attici

304 835 369 869 ex
388 818 441 871 S.
459 819 513 869 C.
536 820 742 877 ferente,
766 818 894 869 alter
912 816 1241 885 (Pompeius)

306 887 624 939 acerrime'se
645 889 901 948 defendit,
942 890 1005 937 de
1036 906 1075 936 r.
1107 905 1157 954 p.
1188 887 1239 952 3,

308 957 372 1007 18
409 956 499 1027 2.ξ
521 985 585 993 -
609 957 664 1015 Q.
690 960 965 1022 Pompeius
994 972 1094 1007 non
1117 971 1238 1005 con-

302 994 522 1090 {e'rssptus
575 1033 740 1077 orator
786 1027 1099 1089 temporibus
1134 1024 1239 1074 illis

303 1096 421 1155 fuit,
463 1096 550 1155 qui
576 1109 803 1143 summos
829 1093 1051 1143 honores
1084 1094 1237 1143 homo

300 1177 391 1227 per
436 1178 490 1211 se
534 1164 766 1227 cognitus
806 1163 916 1211 sine
955 1164 1059 1211 ulla
1102 1178 1238 1212 com-

302 1232 621 1281 mendatione
642 1234 889 1281 maiorum
908 1240 985 1281 est
1002 1233 1237 1296 adeptuS‚

304 1301 425 1351 Brut
448 1301 534 1359 25,
561 1300 645 1352 96.
672 1328 741 1336 —
759 1300 883 1351 Eius
910 1308 1026 1351 sunt
1046 1302 1239 1365 scripta

302 1384 394 1418 nec
413 1371 565 1420 nimis
586 1378 859 1420 extenuata
883 1379 931 1420 et
948 1371 1099 1435 plena
1117 1386 1237 1435 pru-

302 1440 530 1499 dentiae,
568 1441 641 1489 Ib.
664 1440 749 1500 25,
775 1439 862 1493 97.
898 1440 971 1489 Ib.
1004 1439 1088 1501 76,
1114 1438 1234 1491 263.

304 1534 369 1544 -
393 1510 472 1557 Ab
494 1511 603 1559 eius
624 1510 847 1559 amicitia
858 1509 1018 1559 Laelii
1037 1510 1239 1557 nomine

304 1593 359 1626 se
408 1585 691 1628 removerat
736 1578 911 1642 Scipio
966 1578 1238 1627 Africanus

308 1647 487 1710 minor,
506 1647 569 1695 dc
590 1661 687 1695 am.
710 1645 795 1707 21,
820 1649 903 1697 77.
927 1673 998 1685 -—·
1021 1646 1238 1695 Romani

302 1715 391 1765 Cn.
430 1723 479 1761 ct
511 1714 568 1772 Q.
606 1714 972 1778 Caepionibus,
1004 1716 1065 1767 L.
1102 1724 1151 1764 et
1177 1715 1233 1773 Q.

299 1782 513 1832 Metellis
534 1784 746 1833 testibus
771 1784 824 1832 in
849 1785 904 1843 Q.
923 1783 1237 1849 Pompeium,

300 1852 555 1901 hominem
574 1867 780 1912 novum,
801 1866 901 1902 non
916 1853 1237 1903 crediderunt

301 1928 510 1987 propter
558 1922 933 1972 inimicitiarum
989 1921 1237 1986 suspicio-

302 2006 415 2040 nem
433 2027 447 2052 ,
478 2006 572 2056 pro
593 1991 798 2042 Fonteio
820 1994 871 2054 7,
907 1991 989 2044 13.
1040 1993 1105 2041 ad
1131 1992 1232 2044 Att.

306 2061 387 2121 12,
408 2060 458 2119 5,
475 2061 524 2111 3.

232 2125 302 2190 Q.
336 2127 637 2192 Pompeius
663 2127 879 2191 Rufus,
914 2135 1119 2192 praetor
1152 2145 1236 2176 ur-

304 2196 464 2245 banus
495 2212 542 2246 a.
581 2213 634 2248 u.
666 2213 709 2246 c.
734 2195 877 2258 663„
917 2196 1091 2246 consul
1123 2212 1235 2245 cum

302 2263 445 2313 Sulla
467 2280 513 2317 a.
530 2281 581 2313 u.
596 2281 639 2313 c.
658 2264 799 2326 666.,
815 2281 915 2327 quo
932 2279 1062 2314 anno
1084 2267 1237 2314 inter-

300 2333 465 2384 fectus
505 2342 581 2383 est
630 2349 660 2382 a
700 2333 789 2384 Cn.
828 2333 1067 2399 Pompeio
1099 2333 1237 2384 Stra-

300 2405 461 2468 bone,
500 2405 585 2454 Cn.
610 2405 841 2469 Pompeii
873 2404 1043 2470 Magni
1074 2412 1235 2468 patre,

301 2474 363 2522 de
391 2481 518 2523 orat.
544 2474 589 2531 1,
622 2471 708 2538 37,
732 2473 849 2525 168.
878 2499 935 2508 —
968 2473 1047 2522 Ab
1075 2487 1134 2522 eo
1154 2488 1235 2522 ca-

299 2542 445 2605 pitali
493 2543 607 2592 odio
648 2543 931 2594 dissidebat
968 2543 1026 2592 P.
1068 2540 1237 2607 Sulpi-

300 2611 411 2660 cius
448 2611 609 2660 Rufus
646 2613 763 2662 trib.
786 2611 882 2676 pl.,
922 2626 1076 2673 quum
1120 2619 1235 2660 ante

300 2680 593 2727 amicissimi
632 2678 866 2734 fuissent..
904 2681 969 2728 de
986 2694 1085 2728 am.
1111 2681 1159 2740 1,
1180 2683 1229 2730 2.

300 2743 360 2797 cl.
392 2761 484 2810 pro
506 2745 733 2796 Cluentio
766 2748 815 2805 5,
842 2746 924 2799 11.
956 2773 1021 2784 ——
1039 2749 1099 2797 Ei
1124 2764 1234 2799 ora-

298 2815 461 2862 tiones
496 2815 704 2878 scripsit
730 2815 787 2868 L.
812 2814 1016 2866 Aeliuse
1056 2832 1233 2879 quam-

300 2897 451 2944 quam
480 2882 525 2930 is
555 2884 706 2932 etiam
739 2886 850 2948 ipse
880 2885 1087 2948 scripsit
1126 2901 1229 2948 eae,

298 2953 480 3014 quibus
504 2967 595 3016 pro
618 2967 672 3000 se
700 2963 777 3004 est
812 2967 965 3016 usus,
1003 2954 1096 3003 sed
1131 2969 1228 3004 non

298 3023 407 3140 {ige
431 3021 595 3083 Aeliu,
612 3021 754 3071 Brut.
778 3021 863 3083 56,
886 3020 1005 3072 206.
1045 3023 1120 3072 Ib.
1142 3023 1228 3086 89,

232 3156 299 3222 Q.
336 3157 637 3224 Pompeius
666 3158 886 3224 Rufus,
934 3169 1049 3227 post
1087 3175 1234 3226 prae-

294 3233 457 3276 turam
516 3244 564 3280 a.
604 3246 655 3279 u.
702 3247 745 3282 c.
785 3230 907 3282 691.
960 3231 1235 3295 proconsul

295 3295 522 3412 {grimm
558 3300 802 3365 obtinuit,
837 3315 931 3364 pro
954 3299 1125 3352 Caelio
1144 3299 1231 3362 30,

230 3425 299 3488 Q.
360 3429 665 3498 Pompeius
718 3433 928 3485 Rufus.
1013 3437 1233 3486 Accusat

1377 1454 1552 1503 soror,
1596 1438 1654 1497 Q.
1675 1438 1928 1493 Ciceronis
1945 1453 2093 1498 uxor,
2119 1440 2186 1488 ad
2210 1442 2309 1487 Att.

1382 1509 1428 1568 1,
1461 1508 1493 1557 5
1513 1544 1527 1567 ,
1559 1510 1612 1557 2.
1655 1534 1721 1544 --
1749 1508 1872 1557 Eius
1909 1507 2172 1557 altercatio
2199 1522 2312 1557 cum

1379 1578 1437 1635 Q.
1474 1575 1713 1626 Cicerone
1743 1578 1946 1641 marito,
1985 1578 2058 1630 lb.
2093 1576 2144 1639 5,
2185 1578 2231 1638 1,
2263 1576 2313 1626 3.

1378 1646 1441 1694 cl.
1475 1646 1542 1694 ib.
1566 1648 1630 1707 6,
1665 1645 1724 1708 3,
1759 1646 1808 1696 8.
1842 1674 1906 1681 -
1934 1645 2314 1695 Reconciliatur

1375 1715 1557 1764 marito
1588 1730 1681 1779 per
1709 1713 1767 1773 Q.
1789 1714 1976 1780 fllium,
2007 1716 2078 1767 Ib.
2110 1714 2161 1775 6,
2188 1715 2238 1780 7,
2261 1714 2310 1767 1.

1373 1784 1446 1835 η».
1493 1784 1553 1844 7,
1591 1784 1652 1842 5,
1691 1784 1740 1835 3.
1817 1782 2310 1843 adQ.fr.3‚1‚s.

1377 1854 1496 1971 ἐξ).
1536 1852 1607 1901 lb.
1633 1850 1686 1913 3,
1725 1853 1774 1911 1,
1811 1852 1862 1903 o.
1929 1852 1973 1917 ς.
2005 1852 2088 1964 is.
2159 1853 2234 1903 lb.
2261 1849 2311 1911 3,

1311 1989 1411 2040 Cn.
1447 1988 1790 2057 Pomponius
1811 2027 1826 2055 ,
1867 1992 2091 2055 aequalis
2123 1991 2179 2040 C.
2203 1989 2313 2040 Cot-

1373 2069 1456 2109 tae
1474 2067 1524 2108 et.
1546 2061 1602 2112 P.
1627 2059 1872 2125 Sulpicii,
1912 2062 2050 2110 Brut.
2084 2061 2168 2122 57,
2191 2061 2309 2112 207.

1377 2155 1442 2164 -—-
1461 2128 1535 2177 De
1561 2130 1670 2178 eius
1700 2131 1988 2192 eloquentia
2021 2138 2070 2179 et
2095 2130 2311 2189 actione,

1375 2198 1449 2247 lb.
1482 2197 1577 2257 62,
1609 2198 1730 2248 221.
1805 2200 1876 2248 lb.
1915 2199 2010 2261 89,
2052 2197 2174 2250 305.
2228 2197 2310 2260 90,

1377 2265 1495 2318 308.
1518 2292 1588 2304 --
1622 2269 1777 2316 Periit
1807 2268 1937 2318 bello
1970 2267 2204 2335 Sullano,
2239 2269 2309 2318 lb.

1375 2334 1460 2392 90,
1483 2334 1604 2388 311.
1622 2365 1687 2372 —
1707 2337 1830 2386 Eius
1849 2339 2006 2388 oratio
2033 2336 2250 2386 confusa
2269 2345 2313 2384 et

1375 2405 1696 2469 perturbata,
1736 2406 1800 2454 cle
1823 2415 1949 2456 orat.
1971 2403 2021 2464 3,
2049 2405 2130 2466 13,
2154 2404 2244 2455 50.

1306 2469 1382 2521 M.
1427 2472 1770 2540 Pomponius
1811 2476 1926 2528 trib.
1965 2473 2039 2538 pl.
2079 2489 2127 2524 a.
2168 2489 2221 2523 u.
2269 2491 2311 2522 c.

1379 2543 1498 2595 391.
1549 2545 1683 2592 diem
1717 2543 1846 2593 dixit
1872 2544 1932 2594 1..
1962 2542 2149 2594 Manlio
2170 2543 2234 2596 A.
2259 2543 2310 2594 F.

1377 2611 1486 2670 Quo
1534 2612 1684 2662 modo
1736 2611 2128 2677 perterrefactus
2165 2613 2234 2660 sit
2285 2627 2311 2659 a

1373 2681 1504 2800 3th
1526 2681 1583 2729 L.
1600 2679 1776 2730 Manlii
1797 2681 1920 2745 filio,
1955 2681 2017 2730 de
2039 2680 2122 2732 off.
2148 2681 2196 2742 3,
2221 2679 2308 2742 30,

1301 2815 1380 2866 Μ.
1405 2815 1768 2881 Pomponius,
1790 2817 2056 2868 familiaris
2077 2817 2134 2868 C.
2157 2817 2314 2867 Grac-

1373 2885 1474 2934 chi.
1546 2887 1630 2936 Ad
1667 2902 1784 2936 eum
1815 2887 2025 2952 scripsit
2065 2884 2120 2935 C.
2157 2885 2312 2936 Grac-

1371 2954 1515 3016 chus,
1555 2956 1620 3005 de
1649 2955 1805 3007 divin.
1828 2958 1877 3015 2,
1901 2955 1986 3017 29,
2013 2955 2098 3006 62.

1299 3021 1381 3073 Μ.
1401 3021 1744 3091 Pomponius
1774 3021 2118 3091 Dionysius,
2157 3024 2314 3074 liber-

1373 3099 1473 3155 tae,
1507 3108 1814 3159 praenomen
1851 3094 2048 3158 accepit
2079 3108 2109 3142 a
2140 3093 2312 3142 Marco

1376 3161 1544 3212 Tullio
1572 3162 1812 3214 Cicerone
1828 3177 2012 3212 nomen
2035 3178 2066 3212 a
2087 3163 2311 3213 T-Pom-

1372 3231 1530 3295 ponio
1562 3232 1762 3296 Attico,
1799 3233 1866 3282 ad
1887 3233 1995 3280 Att.
2028 3233 2082 3291 4,
2122 3231 2218 3294 15,
2260 3230 2307 3278 1.

1307 3297 1378 3348 Τ.
1411 3299 1751 3367 Pomponius
1772 3297 2015 3362 Atticus,
2051 3309 2170 3362 post
2189 3299 2312 3348 ado-

1375 3371 1598 3431 ptionem
1641 3385 1733 3432 per
1763 3368 2064 3418 avunculum
2095 3367 2154 3426 Q.
2187 3367 2312 3417 Cae-

1373 3437 1575 3499 cilium,
1646 3437 1714 3501 Q.
1773 3433 2052 3487 Caecilius
2116 3435 2186 3501 Q.
2240 3433 2310 3491 F,
