2500 3850
581 170 904 219 s1T⁷r1A1rA
945 168 1360 219 SYNGRAPHA
1388 192 1465 202 —
1502 170 1873 219 socRA'rEs.
1968 144 1972 147 ’
2106 158 2228 223 369

219 329 267 388 1,
295 326 348 385 5,
373 326 455 376 10.
471 352 538 362 -
557 325 678 374 Eius
699 327 982 390 prudentia,
1006 328 1155 377 Tusc.

218 398 292 445 lb.
327 395 375 449 1,
412 394 499 453 41,
533 391 618 446 98.

145 460 392 514 Sittiana
440 462 794 529 syngrapha,
850 462 1048 512 Caelius
1093 465 1158 513 ad

216 534 338 585 fam.
359 531 410 595 8,
445 532 496 588 2,
528 532 578 583 2.
613 532 678 582 lb.
703 531 752 591 8,
774 534 823 589 4,
845 533 896 585 5.
926 534 999 582 lb.
1025 532 1074 589 8,
1105 532 1156 591 8,

225 601 300 651 10.
337 601 412 649 lb.
433 599 482 659 8,
519 598 568 656 9,
604 598 654 653 3.
695 600 768 652 lb.
790 599 842 661 8,
874 600 956 661 ll,
985 602 1035 650 4.

145 670 212 720 Ρ.
251 666 456 719 Sittius
491 667 774 717 Nucerinus
803 682 832 717 a
853 669 910 717 P.
936 668 1074 718 Sulla
1103 670 1154 717 in

213 738 502 787 ulteriorem
520 736 813 803 Hispaniam
832 738 1039 799 missus,
1059 753 1152 802 pro

216 803 466 861 Sulla20,
497 805 584 857 56.
606 830 674 841 -·-·
695 806 856 855 Vetus
886 807 1077 855 amicus
1107 812 1156 861 et

212 874 402 938 hospes
435 872 706 935 Ciceronis,
746 875 821 928 Ib.
853 876 904 938 5.
937 874 1023 927 58.
1056 874 1150 927 cfr.

215 944 278 992 ad
301 944 404 995 Att.
429 942 514 1001 15,
543 940 628 1003 17,
665 944 711 996 1.

145 1010 406 1078 Smyrna,
446 1011 565 1059 urbs
591 1008 1000 1062 fidelissimorum
1027 1012 1154 1060 anti-

219 1079 681 1143 quissimorumque
727 1081 998 1139 sociorum,
1039 1079 1154 1128 Phi-

215 1148 344 1212 lipp.
392 1147 486 1208 11,
523 1149 586 1209 2,
625 1150 675 1202 5.
712 1174 782 1185 —-
820 1146 1066 1213 Smyrnae
1105 1156 1154 1198 et

215 1216 359 1265 multi
391 1218 526 1266 cives
549 1216 772 1280 ‚Romani
800 1224 916 1266 sunt
946 1224 995 1267 et
1023 1217 1103 1267 ius
1124 1233 1154 1266 a

216 1292 386 1335 nostro
440 1287 738 1349 magistratu
797 1286 1003 1350 dicitur,
1057 1301 1150 1351 pro

214 1354 394 1404 Flacco
412 1354 495 1418 29,
524 1354 607 1404 71.
630 1381 694 1389 -
717 1352 820 1404 cfr.
843 1356 992 1403 etiam
1013 1354 1148 1405 Brut.

215 1422 302 1483 22,
339 1420 425 1472 85.
465 1421 528 1471 de
555 1420 669 1486 lege
699 1437 809 1487 agr.
845 1424 896 1485 2,
937 1423 1020 1483 15,
1063 1422 1148 1475 39.

215 1492 282 1541 ad
305 1492 408 1546 Ait.
426 1492 476 1551 9,
511 1488 562 1555 9,
595 1492 645 1543 2.

145 1556 442 1627 Smyrnaei
457 1560 728 1609 Homerum
741 1575 890 1609 suum
905 1575 1018 1609 esse
1033 1576 1150 1611 con-

212 1628 440 1691 firmant,
497 1630 666 1691 itaque
701 1630 851 1678 etiam
884 1628 1150 1679 delubrum

215 1698 324 1747 eius
352 1698 406 1745 in
435 1696 624 1762 oppido
651 1696 1026 1761 dedicaverunt,
1055 1712 1148 1764 pro

214 1764 403 1815 Archia
420 1765 470 1828 8,
508 1764 588 1817 19.

145 1830 406 1884 Socrates
443 1848 626 1900 parens
663 1832 1017 1900 philosophiae
1043 1835 1150 1884 iure

211 1903 316 1953 dici
331 1910 517 1970 potest,
549 1902 714 1956 defin.
735 1906 788 1967 2,
821 1905 870 1964 1,
904 1904 949 1955 1.
975 1930 1032 1940 -
1057 1902 1148 1953 So-

213 1981 377 2022 crates
400 1971 512 2021 fons
535 1979 583 2020 et
604 1982 755 2037 caput
771 1972 1145 2040 philosophiae,

213 2042 276 2090 de
317 2049 442 2090 orat.
485 2042 532 2097 1,
576 2041 658 2101 10,
692 2039 778 2092 43.
809 2069 880 2080 -
915 2042 1146 2092 Socrates

213 2109 465 2174 Apollinis
509 2110 699 2159 indicio
743 2111 1147 2176 sapientissimus

213 2179 484 2236 iudicatus,
523 2177 687 2228 Acad.
707 2187 838 2244 post.
876 2181 923 2241 1,
961 2181 1014 2246 4,
1059 2179 1145 2232 16.

214 2247 275 2296 de
303 2261 404 2296 am.
436 2247 486 2310 2,
527 2245 579 2299 7.
613 2247 676 2298 de
705 2263 813 2297 sen.
844 2249 930 2312 21,
973 2249 1148 2300 78.—

213 2314 475 2380 Socrates,
517 2316 570 2364 id
607 2317 744 2377 quod
783 2323 976 2368 constat
1019 2318 1147 2365 inter

213 2398 412 2442 omnes,
449 2385 645 2448 primus
681 2398 712 2432 a
749 2386 900 2434 rebus
938 2383 1146 2434 occultis

213 2460 262 2502 et
284 2454 348 2502 ab
372 2453 486 2517 ipsa
508 2460 685 2502 natura
705 2452 944 2504 involutis
967 2467 1148 2502 avoca-

213 2522 284 2570 vit
303 2520 680 2586 philosophiam
701 2529 751 2571 et
763 2523 828 2572 ad
842 2523 995 2571 vitam
1010 2537 1148 2572 com-

210 2603 412 2639 munem
450 2590 682 2648 adduxit,
721 2590 886 2642 Acad.
923 2597 1056 2654 post.
1097 2589 1145 2652 1,

207 2659 260 2720 4,
295 2657 379 2708 15.
398 2683 470 2693 -
493 2655 727 2708 Socrates
758 2661 954 2722 primus
983 2657 1147 2723 philo-

208 2725 444 2790 sophiam
480 2725 744 2776 devocavit
781 2743 808 2775 e
846 2727 986 2778 caelo
1016 2734 1064 2776 et
1097 2727 1146 2776 iu

206 2795 419 2844 urbibus
465 2793 729 2844 collocavit
783 2803 832 2845 et
876 2797 926 2843 in
970 2795 1148 2846 domos

207 2864 362 2912 etiam
391 2861 670 2911 introduxit
698 2869 746 2911 et
774 2863 940 2928 coagit
965 2865 1028 2914 de
1046 2865 1148 2914 vita

208 2938 258 2980 et
278 2929 505 2978 moribus
526 2931 776 2993 rebusque
796 2933 941 2982 bonis
973 2941 1021 2984 et
1040 2947 1146 2984 ma-

205 2999 270 3049 lis
303 3012 562 3062 quaerere,
602 2999 806 3050 Tuscul.
835 2999 888 3062 5,
927 3003 980 3063 4,
1015 3001 1080 3052 10
1097 3010 1147 3051 et

209 3067 291 3118 11.
306 3065 620 3118 —Socrates
641 3083 837 3120 omnem
853 3069 1146 3122 caelestium

207 3151 378 3186 curam
411 3137 664 3203 deposuit,
709 3154 884 3204 eaque,
923 3155 1052 3203 quae
1084 3140 1146 3189 de

205 3213 384 3254 natura
418 3215 800 3271 quaererentur,
836 3215 923 3257 aut
950 3209 1146 3260 maiora

208 3289 356 3336 quam
412 3273 673 3328 hominum
724 3276 854 3326 ratio
901 3277 1146 3340 consequi

203 3349 396 3407 posset,
417 3342 544 3393 nihil
569 3344 770 3394 omnino
795 3343 862 3394 ad
880 3346 1038 3398 vitam
1048 3343 1142 3394 ho-

205 3411 398 3460 minum
428 3412 636 3462 attinere
665 3413 813 3477 dixit,
853 3412 916 3462 de
940 3429 982 3465 r.
1011 3428 1063 3478 p.
1092 3413 1139 3477 1,
1171 3421 1176 3425 '

273 3494 487 3531 exemto.

1302 326 1383 383 10,
1435 326 1511 377 15.
1554 326 1619 380 cl.
1653 332 1819 374 tamen
1856 326 1925 375 ib.
1958 324 2009 386 8,
2048 325 2131 376 16.
2164 353 2231 364 ——

1298 395 1439 445 Illam
1455 393 1765 444 Socraticam
1784 393 2148 444 dubitationem
2168 395 2231 445 de

1298 464 1531 513 omnibus
1569 463 1719 511 rebus
1756 462 2063 525 reliquerunt
2102 463 2231 516 Aca-

1298 533 1481 583 demici
1514 538 1563 581 et
1599 531 1941 595 Peripatetici.
1986 530 2061 579 Ita
2098 530 2231 583 facta

1296 614 1389 661 est,
1414 598 1551 663 quod
1574 600 1782 649 minime
1800 598 2029 650 Socrates
2048 601 2231 663 proba-

1294 670 1407 729 bat,
1446 683 1527 716 ars
1568 668 1817 729 quaedam
1853 666 2229 733 philosophiae,

1294 738 1453 787 Acad.
1488 744 1622 801 post.
1658 737 1707 797 1,
1744 739 1794 796 4,
1836 737 1918 787 17.
1946 761 2013 774 -
2044 736 2231 787 Rerum

1294 806 1571 855 obscuritas
1602 804 1668 854 ad
1697 805 2064 855 confessionem
2084 807 2229 871 igno-

1293 870 1746 935 rationis'adduxit
1771 872 2045 938 Socratem,
2082 875 2155 926 ΙΙ).
2181 875 2227 930 1,

1296 944 1377 1007 12,
1416 945 1499 993 44.
1538 968 1601 977 —-
1636 942 1955 993 Consuetudo
1985 943 2227 993 iudicium

1292 1026 1441 1063 suum
1473 1009 1664 1059 nullum
1694 1012 2047 1076 interponendi
2076 1012 2137 1060 ab
2170 1028 2229 1062 eo

1292 1082 1504 1140 tradita,
1538 1094 1690 1143 quam
1720 1087 1888 1129 tenent
1915 1080 2229 1143 Academici,

1294 1150 1355 1200 de
1394 1150 1551 1203 divin.
1584 1150 1634 1208 2,
1666 1144 1904 1209 72‚'150.
1930 1176 1997 1185 --
2024 1149 2085 1199 Ei
2105 1148 2231 1198 nihil

1293 1226 1369 1267 est
1410 1217 1578 1267 visum
1628 1218 1746 1266 sciri
1792 1231 1965 1282 posse.
2018 1217 2232 1282 Excepit

1292 1301 1449 1335 unum
1497 1292 1693 1334 tanturn
1730 1287 1883 1335 ‘scire
1920 1301 1976 1335 se
2009 1285 2134 1335 nihil
2174 1300 2229 1335 se

1293 1356 1465 1417 scire’,
1485 1352 1645 1401 Acad.
1664 1366 1741 1416 pr.
1760 1354 1811 1413 2,
1834 1354 1918 1413 23,
1940 1353 2024 1406 74.
2047 1378 2115 1388 -
2136 1352 2230 1403 So-

1294 1430 1456 1473 crates
1511 1419 1636 1469 nihil
1696 1435 1865 1469 rerum
1922 1420 2230 1470 naturalium

1292 1491 1413 1541 sciri
1436 1495 1579 1554 putat
1601 1502 1771 1553 posse,
1807 1490 1881 1539 Ib.
1911 1491 1959 1547 2,
1989 1488 2073 1551 39,
2114 1488 2230 1541 1⁶23.

1290 1586 1359 1597 —
1377 1558 1500 1607 Eius
1530 1558 1757 1607 doctrina
1778 1558 1840 1607 de
1860 1558 2230 1610 immortalitate

1291 1629 1605 1691 animorum,
1656 1626 1720 1675 de
1760 1641 1861 1680 am.
1906 1629 1969 1687 4,
2022 1624 2106 1681 13.
2165 1626 2229 1675 cl.

1292 1695 1499 1747 Tuscul.
1547 1693 1607 1756 1,
1654 1692 1751 1759 29,
1792 1695 1876 1747 71.
1930 1696 2004 1745 lb.
2050 1695 2105 1757 1,
2142 1694 2228 1755 30,

1289 1767 1374 1817 74.
1406 1790 1473 1801 —
1503 1762 1737 1813 Socrates
1772 1773 1821 1813 et
1858 1763 2103 1815 Socratici
2142 1778 2229 1829 ge-

1290 1850 1385 1885 nus
1419 1834 1823 1898 argumentandi,
1861 1833 1998 1896 quod
2030 1848 2123 1899 per
2154 1834 2229 1881 in-

1290 1904 1578 1954 ductionem
1610 1902 1841 1962 sumitur,
1880 1902 2101 1952 maxime
2129 1908 2229 1951 tra-

1290 1980 1512 2029 ctarunt,
1560 1971 1623 2020 de
1658 1971 1767 2020 inv.
1808 1971 1867 2030 1,
1905 1971 1997 2026 35.
2038 1971 2121 2025 621.
2164 1998 2227 2007 --

1282 2033 1598 2105 Ἐποιγωγῇ,
1621 2041 1930 2104 inductione,
1952 2039 2229 2104 plurimum

1290 2118 1365 2163 est
1393 2123 1518 2158 usus
1551 2111 1603 2158 in
1635 2109 1953 2159 sermonibus
1973 2106 2225 2169 Socrates,

1286 2179 1441 2244 topic.
1484 2175 1568 2242 10,
1606 2179 1693 2227 42.
1725 2205 1797 2216 -
1829 2178 1935 2228 Hoc
1962 2193 1993 2227 a
2022 2175 2229 2228 Socrate

1288 2254 1549 2313 acceptum
1595 2246 1866 2313 diligenter
1906 2246 2061 2297 Stoici
2110 2247 2227 2294 reti-

1286 2323 1532 2378 nuerunt,
1569 2331 1745 2366 omnes
1780 2317 2077 2380 insipientes
2116 2329 2229 2364 esse

1285 2400 1385 2436 non
1423 2399 1593 2444 sanos,
1630 2384 1835 2438 Tuscul.
1876 2383 1926 2443 3,
1965 2383 2017 2445 5,
2056 2383 2140 2433 10.
2165 2409 2217 2418 υ

1286 2455 1408 2504 Eius
1438 2452 1693 2503 somnium
1722 2451 1861 2516 apud
1885 2450 2143 2500 Platonem
2175 2450 2228 2498 in

1289 2521 1506 2580 Critone,
1546 2520 1609 2570 de
1639 2519 1795 2569 divin.
1831 2519 1881 2579 1,
1918 2519 2003 2579 25,
2036 2518 2124 2570 53.
2158 2545 2229 2554 --

1286 2590 1545 2642 Paeue'in
1582 2601 1734 2638 manu
1772 2590 1872 2639 iam
1908 2587 2228 2638 mortiferum

1284 2665 1463 2708 teneus
1508 2657 1743 2722 poculum
1784 2658 1979 2708 locutus
2032 2659 2103 2707 ita
2134 2665 2226 2716 est,

1268 2733 1341 2777 «ut
1385 2741 1487 2779 non
1532 2726 1602 2776 ad
1644 2736 1857 2777 mortem
1910 2727 2075 2789 trudi,
2142 2743 2229 2778 ve-

1286 2811 1398 2847 rum
1440 2797 1493 2844 in
1531 2795 1722 2846 caelum
1760 2796 2013 2846 videretur
2052 2811 2228 2848 ascen-

1287 2865 1424 2928 dere,
1444 2864 1650 2916 Tuscul.
1674 2866 1724 2926 1,
1744 2865 1829 2926 29,
1854 2866 1939 2917 71.
1971 2865 2047 2927 ib.
2072 2867 2117 2928 1,
2140 2863 2227 2928 30,

1286 2935 1371 2987 74.
1393 2960 1459 2969 -
1482 2933 1623 2986 Plato
1646 2935 1713 2984 ad
1737 2933 2075 2999 Pythagorica
2108 2945 2229 2996 pro-

1285 3002 1446 3052 fectus
1468 3009 1564 3064 est,
1598 3011 1654 3053 ut
1682 3017 1839 3065 quum
1859 3001 2117 3052 Socratem
2138 3015 2230 3048 ex-

1283 3073 1557 3136 pressisset
1576 3107 1589 3130 ,
1638 3069 1941 3134 adiungeret
1975 3069 2228 3134 Pythago-

1283 3141 1475 3189 riorum
1512 3137 1837 3200 disciplinam
1875 3152 2053 3201 eaque,
2098 3151 2229 3199 quae

1284 3207 1518 3257 Socrates
1552 3222 1604 3255 re
1645 3205 1881 3269 odiebat,
1922 3207 2225 3268 addisceret,

1283 3275 1347 3324 de
1375 3275 1461 3326 fin.
1480 3275 1533 3340 5,
1570 3277 1602 3328 2
1642 3311 1654 3335 ,
1692 3271 1779 3323 87.
1807 3299 1882 3311 -
1906 3275 2131 3325 Primum
2164 3273 2227 3322 de

1280 3342 1465 3392 virtute
1495 3342 1669 3406 quaeri
1695 3351 1931 3406 coeptum
1972 3351 2050 3394 est
2075 3357 2105 3390 a
2130 3340 2229 3391 So-

1282 3417 1435 3472 crate,
1468 3411 1542 3465 Ib.
1566 3412 1618 3477 5,
1646 3409 1731 3471 29,
1754 3410 1840 3461 88.
1860 3439 1927 3448 -
1950 3413 2025 3462 De
2044 3409 2229 3462 Socra-
2262 3420 2272 3426 “
