2500 3850
256 203 380 264 422

333 369 492 433 nensi,
524 367 589 420 cf.
608 366 674 417 ad
693 366 814 418 fam.
845 366 925 429 10,
947 366 1031 416 30.
1074 366 1144 415 lb.
1172 365 1256 425 12,

329 438 469 554 lohe
498 504 640 553 libris
668 503 775 553 suis
805 517 904 565 quo
937 502 1114 551 ordine
1134 516 1259 551 scri-

326 576 402 639 pti
438 576 537 623 sint
567 573 740 623 Cicero
782 571 894 634 ipse
925 571 1162 619 disseruit
1191 571 1257 620 de

329 644 484 693 divin.
529 644 586 700 2,
636 641 694 703 1,
737 638 761 689 1
801 654 914 701 sqq.
987 640 1060 688 Ac
1097 639 1257 688 libros

215 700 220 705 ⁸
327 712 549 775 quidem,
585 708 807 772 quisunt
831 708 891 757 de
910 705 1250 772 philosophia,

326 781 424 831 hoc
445 779 619 829 ordine
639 778 854 842 scriptos
881 790 992 825 esse
1011 777 1099 836 ait,
1123 777 1257 825 ‘Hor-

327 849 578 907 tensinm‚
629 860 728 907 quo
765 846 890 893 libro
930 844 996 893 ad
1032 845 1260 909 pbiloso-

327 918 477 981 phiae
531 914 758 965 studium
813 912 1102 964 cohortatus
1162 921 1257 972 est,

325 993 559 1049 quattuor
583 983 914 1032 Academicos
935 982 1088 1031 libros
1103 1016 1118 1045 ‚
1147 982 1261 1043 qui-

326 1056 421 1105 bus
462 1053 600 1115 quod
645 1066 805 1114 genus
864 1049 1261 1113 philosophandi

326 1122 532 1170 minime
569 1120 822 1183 adrogans
857 1120 1179 1180 maximeque
1212 1124 1261 1167 et

324 1198 559 1239 constans
605 1195 654 1236 et
691 1186 898 1251 elegans
935 1187 1260 1236 arbitraretur

327 1258 578 1317 ostendit,
620 1255 776 1305 libros
795 1258 1016 1318 quinque
1050 1256 1114 1305 de
1145 1256 1260 1303 fini-

324 1329 419 1377 bus
450 1328 696 1375 bonorum
729 1325 1072 1385 etmalorum,
1102 1324 1260 1373 libros

323 1396 536 1445 totidem
583 1394 979 1444 Tusculanarum
1029 1394 1260 1458 disputa-

324 1466 541 1527 tionum,
560 1464 718 1513 libros
740 1471 840 1511 tres
857 1464 918 1512 de
940 1470 1118 1511 natura
1135 1462 1258 1511 deo-

327 1548 467 1593 rum,
505 1534 634 1582 duos
657 1532 812 1581 libros
832 1531 897 1581 de
927 1532 1254 1592 divinatione,

327 1601 508 1663 quibus
542 1600 782 1665 deinceps
810 1600 1042 1649 adiunxit
1072 1599 1257 1648 librum

326 1672 390 1717 de
425 1668 548 1717 sato.
621 1668 712 1717 His
740 1667 883 1731 libris
919 1670 1257 1718 adnumeran-

325 1739 420 1786 dos
453 1744 597 1800 putat
621 1752 711 1785 sex
730 1737 794 1785 de
812 1752 866 1785 re
884 1736 1102 1801 publica,
1128 1751 1253 1799 quos

325 1813 442 1853 tunc
455 1820 510 1853 se
523 1805 791 1869 scripsisse
805 1808 1054 1867 ait,quum
1068 1806 1254 1869 guber-

326 1873 505 1923 nacula
533 1874 607 1923 rei
641 1874 781 1938 publ.
817 1881 1021 1923 teneret.
1096 1873 1256 1922 Addit

335 1944 518 1991 librum
541 1943 604 2006 de
625 1943 967 1994 consolatione
1001 1950 1048 1992 et
1069 1942 1254 1992 librum

325 2012 388 2061 de
408 2017 660 2061 senectute
675 2049 689 2072 ,
713 2019 761 2060 et
777 2010 1014 2061 Catonem
1036 2013 1098 2060 de
1127 2013 1254 2060 ami-

325 2082 473 2140 citia,
509 2095 658 2143 quem
682 2093 742 2128 eo
776 2089 1000 2144 tempore
1029 2081 1254 2129 nondum

321 2149 612 2211 scripserat.
667 2147 924 2198 Oratorios
955 2149 1110 2198 libros
1132 2163 1254 2197 enu-

325 2223 482 2268 merat
511 2222 614 2266 tres
651 2217 714 2266 de
759 2225 982 2280 oratore,
1023 2223 1257 2278 quartum

323 2286 548 2348 Brutum,
563 2287 794 2347 quintum
819 2283 1254 2335 oratorem.—-Dc

323 2352 626 2405 Hortensio
667 2354 887 2416 loquitur
930 2354 992 2402 de
1022 2352 1108 2401 fin.
1133 2354 1180 2413 1,
1204 2352 1252 2412 1,

318 2426 370 2473 2.
411 2423 568 2473 Acad.
599 2437 681 2486 pr.
703 2424 753 2483 2,
791 2424 852 2486 2,
889 2422 940 2472 6.
974 2423 1176 2470 Tuscul.
1201 2423 1252 2482 2,

323 2493 374 2550 2,
396 2494 448 2544 4.
488 2492 565 2542 Ib.
587 2491 638 2555 3,
659 2492 710 2552 3,
740 2490 792 2541 6.
831 2517 898 2528 --
935 2490 1020 2540 De
1037 2489 1254 2540 Acade-

318 2556 483 2609 micis
501 2597 518 2623 ‚
550 2559 756 2610 Tuscul.
777 2561 828 2618 2,
848 2560 900 2622 2,
930 2561 980 2608 4.
1037 2559 1176 2613 den.
1200 2558 1252 2607 d.

325 2629 372 2680 1.
395 2627 444 2688 5,
469 2627 550 2676 11.
590 2629 657 2676 ad
677 2628 798 2676 fam.
827 2627 877 2680 9.
899 2627 951 2688 8,
977 2629 1024 2688 1.
1067 2655 1133 2662 -
1169 2626 1254 2676 De

321 2692 529 2744 finibus
545 2729 560 2757 ,
579 2695 785 2745 Tuscul.
801 2695 850 2755 5,
877 2696 956 2753 11,
977 2695 1062 2748 32.
1083 2721 1149 2730 --
1168 2694 1253 2744 Dc

323 2760 659 2812 Tusculanis
758 2760 1250 2827 disputationibus,

317 2831 388 2878 ad
408 2831 512 2877 Att.
535 2830 616 2890 15,
637 2833 689 2890 2,
707 2833 758 2880 4.
812 2832 885 2880 lb.
911 2832 992 2893 15,
1013 2833 1066 2891 4,
1087 2830 1137 2880 3.
1189 2832 1252 2880 de

321 2897 422 2947 fato
443 2898 496 2958 2,
515 2898 566 2946 4.
594 2925 650 2934 —-
677 2897 761 2948 De
773 2903 974 2948 natura
1001 2897 1250 2963 deorum,

318 2967 385 3015 de
403 2965 560 3016 divin.
589 2969 637 3027 1,
668 2969 718 3026 4,
741 2969 792 3018 7.
851 2968 923 3016 Ib.
962 2967 1009 3026 1,
1030 2967 1079 3027 5,
1101 2967 1152 3018 8.
1184 2995 1252 3004 —-

320 3035 404 3085 De
432 3049 495 3084 re
525 3034 780 3101 publica,
819 3035 884 3085 ad
913 3035 970 3095 Q.
999 3035 1060 3084 fr.
1097 3038 1157 3098 2,
1186 3038 1251 3086 12

317 3102 454 3166 (14),
479 3104 526 3153 1.
587 3104 658 3152 Ib.
680 3103 729 3170 3,
751 3107 800 3167 6,
824 3105 975 3157 1-2.
1051 3105 1250 3155 Caelius

320 3172 386 3221 ad
405 3173 526 3223 fam.
547 3171 597 3221 8.
631 3173 678 3231 1,
699 3175 752 3226 4.
791 3174 852 3223 de
870 3174 955 3225 fln.
981 3175 1030 3238 2,
1052 3173 1133 3235 18,
1157 3175 1245 3224 59.

316 3241 383 3288 de
404 3239 503 3305 leg.
529 3241 576 3303 1,
597 3241 648 3300 6,
679 3242 764 3295 20.
807 3243 878 3292 lb.
905 3243 951 3304 1,
973 3243 1024 3302 9,
1050 3244 1132 3291 27.
1171 3243 1244 3291 Ib.

318 3310 368 3368 2,
397 3309 474 3368 10,
497 3308 580 3358 23.
636 3311 704 3358 lb.
735 3309 786 3369 3,
825 3309 874 3367 5,
902 3310 985 3360 12.
1040 3311 1244 3360 Tuscul.

318 3378 369 3432 4,
392 3375 437 3437 1,
461 3377 508 3425 1.
569 3377 632 3426 de
652 3393 751 3426 am.
772 3380 823 3436 4,
851 3378 930 3430 14.
989 3380 1063 3427 lb.
1091 3380 1138 3436 7,
1160 3381 1242 3428 25.

317 3441 452 3492 Brut.
474 3444 524 3505 5,
549 3444 628 3494 19.
654 3473 717 3480 -
739 3445 823 3494 De
841 3439 1241 3508 consolatione,

769 214 840 257 M.
874 210 1164 257 TULLIUS
1185 212 1258 257 M.
1277 211 1339 257 F.
1364 212 1436 257 M.
1462 212 1527 257 N.
1556 208 1826 256 G1CERO.

1396 365 1600 417 Tuscul.
1625 364 1673 423 1,
1693 366 1777 419 27,
1804 362 1891 415 66.
1950 364 2023 411 lb.
2047 364 2096 424 1,
2130 362 2217 426 31,
2238 363 2319 415 76.

1396 436 1468 484 lb.
1495 434 1522 483 1
1538 469 1553 493 ,
1572 432 1668 495 34,
1686 430 1773 482 83.
1831 432 1905 480 Ib.
1928 430 1979 489 3,
2002 431 2089 491 28,
2112 432 2196 480 70.
2253 434 2323 484 lb.

1396 502 1456 561 3,
1508 500 1605 563 31,
1653 498 1739 549 76.
1772 526 1845 537 —
1894 499 1980 549 De
2002 496 2324 563 'senec-tute,

1396 572 1459 621 de
1480 570 1567 623 off.
1593 569 1640 624 1,
1658 570 1745 628 42,
1770 569 1884 618 151.
1908 594 1977 603 --
2006 568 2089 618 Dc
2110 568 2324 619 Catone

1395 635 1781 691 V-M.Poreius
1798 636 1938 687 Cato
1953 634 2324 687 Uticensis.—

1394 708 1467 757 De
1487 706 1631 756 libris
1654 706 1739 755 De
1767 709 2009 769 oratore,
2047 708 2110 755 ad
2130 706 2251 755 fam.
2276 707 2325 771 1,

1397 775 1448 837 9,
1469 774 1555 826 23.
1612 775 1684 826 lb.
1710 776 1758 835 7,
1780 774 1875 834 32,
1896 778 1946 825 2.
1978 801 2045 810 -
2071 774 2157 824 De
2182 773 2330 825 Ora-

1398 850 1522 895 tore
1542 878 1557 907 ,
1596 852 1717 891 orat.
1744 843 1827 901 10,
1861 842 1946 896 35.
2014 844 2081 893 ad
2100 842 2223 895 fam.
2246 845 2325 905 15,

1400 913 1547 976 20,1.
1586 913 1657 960 lb.
1680 910 1733 973 6,
1757 912 1841 975 18,
1873 914 1924 961 4.
1946 940 2013 948 --
2033 913 2096 961 A.
2114 912 2329 962 Caecina

1399 983 1464 1032 ad
1484 982 1605 1033 fam.
1630 980 1693 1040 6,
1729 983 1780 1040 7,
1810 984 1861 1031 4.
1886 1008 1952 1017 --
1984 980 2069 1031 De
2105 979 2326 1047 topicis,

1400 1053 1465 1101 ad
1486 1051 1605 1099 fam.
1628 1052 1677 1108 7,
1701 1049 1784 1106 19,
1822 1049 1869 1098 1.
1902 1076 1975 1086 —
2003 1049 2226 1100 Delibro
2245 1050 2329 1100 Dc

1399 1118 1609 1184 optimo
1630 1132 1833 1184 genere
1852 1114 2091 1179 dicendi,
2122 1120 2189 1167 ad
2211 1120 2325 1169 lam.

1400 1190 1483 1246 12,
1507 1188 1591 1245 17,
1624 1189 1675 1234 2.
1696 1214 1765 1221 ——
1784 1186 1855 1234 De
1877 1184 2073 1236 Laelio
2092 1223 2107 1249 ,
2148 1190 2211 1237 de
2242 1188 2327 1236 off.

1398 1260 1450 1318 2,
1496 1256 1578 1314 19,
1616 1254 1701 1305 31.
1738 1280 1807 1291 —
1845 1256 1918 1304 De
1955 1257 2151 1306 duobus
2192 1256 2329 1306 libris

1394 1326 1483 1375 De
1502 1319 1704 1392 gloria,
1721 1324 1783 1371 de
1801 1324 1886 1373 off.
1908 1326 1961 1387 2,
1978 1325 2029 1383 9,
2050 1324 2137 1377 31.
2162 1350 2233 1362 —
2258 1326 2329 1374 De

1350 1420 1365 1427 κ
1398 1395 1561 1443 tribus
1594 1392 1736 1441 libris
1769 1390 1836 1440 de
1874 1392 2171 1443 consulatu
2204 1408 2325 1453 suo,

1399 1463 1465 1512 ad
1494 1462 1553 1521 Q.
1578 1460 1637 1510 fr.
1664 1461 1714 1525 2,
1737 1462 1785 1524 7,
1806 1460 1859 1519 9,
1885 1462 1931 1511 1.
1986 1463 2049 1511 de
2086 1462 2244 1512 divin.
2284 1463 2331 1519 l,

1400 1531 1481 1589 11,
1506 1531 1587 1579 17.
1638 1528 1701 1578 cl.
1725 1531 1789 1577 ad
1813 1531 1915 1583 Att.
1943 1530 1991 1593 1,
2018 1529 2097 1591 19,
2126 1529 2207 1579 10.
2254 1531 2326 1582 lb.

1396 1602 1445 1661 2,
1470 1600 1519 1658 3,
1540 1598 1589 1650 3.
1627 1600 1699 1650 11).
1722 1599 1771 1656 2,
1797 1597 1875 1660 15,
1898 1596 1947 1647 3.
1984 1599 2047 1647 de
2068 1598 2156 1650 off.
2174 1600 2220 1662 1,
2244 1600 2327 1663 22,

1394 1668 1479 1720 76.
1514 1695 1583 1704 -
1612 1667 1700 1717 De
1718 1662 1835 1716 suis
1857 1664 2204 1733 temporibus
2222 1704 2237 1730 ,
2267 1668 2331 1715 ad

1396 1738 1517 1789 fam.
1546 1737 1605 1795 1,
1644 1735 1705 1795 9,
1738 1736 1822 1786 23.
1880 1736 1947 1785 ad
1970 1738 2030 1794 Q.
2057 1736 2118 1784 fr.
2156 1738 2221 1796 2,
2266 1736 2325 1785 11

1393 1803 1535 1870 (15),
1556 1806 1606 1855 2.
1666 1806 1739 1853 lb.
1764 1804 1812 1861 2,
1838 1803 1899 1854 15
1922 1804 2051 1865 (16),
2074 1805 2124 1856 5.
2178 1806 2253 1856 lb.
2279 1804 2327 1862 3,

1396 1875 1443 1936 1,
1466 1875 1549 1925 24.
1588 1873 1663 1922 lb.
1698 1872 1747 1937 3,
1768 1872 1819 1934 9,
1840 1872 1889 1923 6.
1928 1899 1997 1907 --
2036 1872 2107 1921 De
2144 1875 2329 1922 oratio-

1396 1945 1543 1992 nibus
1597 1943 1706 1990 suis
1742 1941 1961 1991 conferri
2006 1942 2154 1992 debet
2203 1953 2325 1991 orat.

1394 2011 1445 2072 3,
1471 2012 1551 2060 12.
1578 2037 1647 2046 -
1665 2011 1738 2059 De
1761 2011 2017 2059 Rosciana
2036 2019 2083 2059 et
2102 2011 2237 2072 aliis,
2256 2013 2327 2059 lb.

1393 2079 1477 2139 30,
1502 2078 1619 2132 107.
1660 2080 1729 2128 Ib.
1754 2078 1837 2137 30,
1867 2079 1982 2130 108.
2012 2109 2081 2118 --
2113 2078 2187 2127 De
2219 2095 2327 2128 ora-

1392 2149 1529 2196 tione
1564 2162 1666 2212 pro
1699 2147 1764 2196 A.
1812 2145 2089 2210 Caecina,
2132 2149 2202 2199 lb.
2242 2148 2323 2207 29,

1399 2216 1514 2266 102.
1548 2243 1609 2252 —-
1635 2216 1720 2265 De
1740 2213 2098 2264 accusatione
2119 2213 2324 2276 Verris,

1392 2286 1467 2337 Ib.
1490 2284 1574 2344 37,
1600 2284 1715 2335 129.
1771 2285 1842 2336 lb.
1868 2284 1952 2343 70,
1976 2283 2097 2334 232.
2142 2311 2207 2320 -
2242 2283 2326 2332 De

1394 2350 2324 2471 {⁸³⁰ssss‘i'ssffi‘ssiississgofflssbff’

1396 2491 1591 2540 mestici
1618 2490 1734 2549 filii,
1776 2491 1838 2538 ad
1868 2491 1924 2548 Q.
1950 2489 2009 2538 fr.
2032 2489 2085 2551 3,
2105 2490 2157 2548 8,
2178 2489 2230 2538 5.
2262 2515 2327 2524 --

1396 2559 1469 2608 De
1490 2553 1785 2608 oratiouein
1795 2555 2077 2615 Pisonem,
2092 2558 2157 2606 ad
2178 2559 2236 2617 Q.
2260 2557 2321 2607 fr.

1395 2627 1445 2689 3,
1472 2629 1520 2686 1,
1541 2630 1593 2680 4.
1640 2631 1687 2690 S.
1712 2626 1794 2676 11.
1828 2654 1894 2662 -
1928 2629 1998 2676 De
2018 2627 2324 2677 orationibus

1393 2711 1493 2760 pro
1526 2695 1737 2748 Scauro
1759 2703 1807 2745 et
1825 2709 1925 2760 pro
1944 2693 2209 2752 Plancio,
2249 2695 2318 2743 lb.

1392 2763 1565 2824 3,1‚4.
1596 2770 1645 2830 S.
1670 2765 1745 2814 11.
1762 2790 1829 2799 -
1852 2764 1919 2813 De
1937 2763 2013 2812 M.
2030 2762 2323 2823 Marcello,

1392 2833 1457 2881 ad
1476 2833 1598 2887 fam.
1634 2835 1693 2894 4,
1719 2835 1779 2894 4,
1808 2834 1860 2883 4.
1895 2859 1960 2868 -—-·
1988 2831 2062 2880 De
2098 2834 2322 2880 oratione

1392 2916 1495 2967 pro
1519 2901 1787 2952 Deiotaro
1804 2937 1817 2958 ,
1850 2901 1917 2950 ad
1942 2900 2059 2952 fam.
2084 2901 2136 2957 9,
2165 2900 2247 2956 12,
2272 2900 2319 2948 2.

1391 2996 1453 3005 -
1483 2971 1638 3020 Tituli
1686 2971 1965 3018 orationum
2021 2970 2319 3018 amissarum

1394 3038 1665 3100 CiceroniS,
1693 3037 1873 3102 fragm.
1898 3052 1951 3100 p.
1978 3035 2079 3088 200
2097 3052 2207 3098 sqq.
2257 3061 2321 3072 -

1392 3105 1463 3155 De
1515 3107 1838 3171 epistolarum
1892 3105 2035 3154 libris
2098 3105 2318 3164 amissiS,

1387 3174 1569 3239 fragm.
1590 3190 1645 3239 p.
1667 3175 1768 3225 249
1786 3190 1895 3236 sqq.

1457 3244 1539 3292 Ad
1562 3259 1641 3293 res
1655 3243 1954 3292 domesticas
1968 3243 2105 3306 quod
2124 3243 2319 3299 attinet,

1386 3310 1557 3362 Cicero
1589 3311 1707 3368 emit
1731 3311 1936 3359 domum
1970 3312 2021 3359 in
2042 3309 2235 3362 Palatio
2256 3310 2317 3358 de

1388 3379 1588 3437 Crasso,
1621 3388 1887 3443 propterea
1915 3378 2125 3428 multum
2149 3379 2320 3428 habuit

1384 3449 1513 3496 aeris
1535 3448 1709 3506 alieni,
1736 3448 1923 3496 bonum
1944 3457 2114 3496 tamen
2136 3461 2318 3496 nomen
