2500 3850
186 187 309 250 ‘200

248 361 333 406 tur
342 353 431 408 Cn.
450 355 686 417 Luceius,
700 357 769 407 ad
780 356 885 406 Att.
900 355 983 417 16,
996 355 1049 416 5,
1060 356 1190 409 3.-

250 425 327 476 De
345 426 487 474 Bruti
508 431 558 474 et
578 423 742 476 Cassii
770 426 969 484 edicto,
996 426 1069 474 Ib.
1102 423 1185 489 16,

250 495 301 554 7,
327 493 352 543 l
377 501 425 542 et
442 492 495 543 6.
518 519 589 534 --
606 493 729 543 Eius
748 494 1055 556 colloquium
1072 509 1187 543 cum

252 561 516 624 Cicerone,
540 564 614 612 Ib.
643 561 729 624 16,
748 563 797 624 7,
820 563 871 614 5.
891 587 959 598 -
977 563 1119 612 Bruti
1138 570 1189 612 et

254 630 417 681 Cassii
447 631 665 681 edictum
695 647 744 686 a.
770 648 823 681 u.
858 647 903 680 c.
927 630 1047 684 700.
1075 631 1186 696 ple·

248 716 375 751 num
413 701 710 766 aequitatis,
760 700 985 764 Philipp.
1033 700 1093 760 1,
1134 699 1184 759 3,

248 769 301 824 8.
348 797 419 808 -
474 768 583 829 Quo
632 769 807 820 dolore
853 769 1056 820 Veliam
1098 770 1188 818 ad·

249 846 427 890 vectus
489 838 661 888 Cicero
726 839 909 888 viderit
958 838 1186 897 Brutum,

247 909 321 958 lb.
346 908 439 972 16,
471 910 535 968 4,
564 907 614 958 9.
636 935 702 943 -
728 898 1188 971 Τυραννοκτόνοι

250 976 403 1042 longe
448 977 675 1044 gentium
714 978 896 1026 absunt
954 991 997 1026 a.
1048 991 1101 1026 u.
1141 992 1184 1026 c.

249 1046 397 1109 710.,
430 1047 495 1094 ad
526 1045 647 1094 fam.
683 1046 777 1109 12,
804 1046 902 1106 22,
936 1046 986 1099 2.
1014 1071 1086 1082 -
1116 1045 1183 1093 M.

248 1115 458 1176 Brutus,
474 1129 639 1176 quum
659 1121 863 1178 praetor
891 1115 1033 1165 urbis
1054 1122 1187 1163 esset

248 1199 297 1237 a.
320 1199 370 1231 u.
397 1199 441 1234 c.
463 1181 605 1247 710.,
628 1184 753 1232 urbe
774 1185 934 1232 caruit
948 1219 963 1244 ,
986 1185 1065 1232 ius
1085 1197 1186 1232 non

248 1252 406 1312 dixit,
446 1267 603 1315 quum
635 1267 783 1302 omne
822 1253 903 1302 ius
934 1254 1011 1302 rei
1041 1251 1182 1316 publ.

246 1322 679 1386 recuperavisset,
698 1336 955 1385 quumque
974 1335 1186 1370 concur-

246 1407 309 1441 su
354 1392 608 1442 cotidiano
654 1393 903 1443 bonorum
940 1391 1183 1449 omnium,

247 1460 335 1524 qui
354 1460 671 1511 admirabilis
688 1461 756 1510 ad
786 1475 902 1510 eum
921 1459 1034 1510 fieri
1050 1459 1185 1510 sole-

242 1531 352 1588 bat,
384 1530 744 1594 praesidioque
770 1528 945 1580 Italiae
974 1537 1185 1578 cunctae

247 1607 457 1662 saeptus
477 1605 651 1662 posset
680 1613 824 1658 esse,
853 1599 1035 1648 absens
1052 1597 1185 1647 iudi-

246 1667 325 1716 cio
347 1667 591 1715 bonorum
614 1666 853 1716 defensus
875 1682 987 1717 esse
1007 1665 1185 1714 maluit

245 1748 397 1798 quam
433 1749 675 1798 praesens
713 1749 864 1783 manu
902 1742 1031 1794 etc.,
1066 1734 1184 1784 Phi-

243 1804 371 1866 lipp.
396 1804 489 1863 10,
520 1802 581 1862 3,
610 1804 658 1852 7.
681 1832 750 1842 —
768 1801 826 1853 C.
846 1805 1052 1852 Antonii
1072 1819 1183 1852 sce-

246 1872 340 1922 leri
364 1871 577 1933 restitit,
606 1872 681 1925 Ib.
718 1871 810 1935 10,
838 1874 903 1933 4,
937 1869 989 1922 9.
1012 1896 1084 1909 —
1110 1869 1180 1920 M.

246 1942 391 1993 Bruti
422 1949 471 1991 et
500 1939 663 1991 Cassii
690 1947 979 2006 praetorum
1010 1942 1075 1991 ad
1114 1940 1183 1993 M.

244 2010 523 2061 Antonium
553 2025 656 2061 cos.
690 2026 737 2063 a.
773 2027 823 2061 u.
859 2026 901 2061 c.
924 2010 1045 2063 710.
1078 2011 1187 2075 epi-

246 2079 409 2131 stolae
440 2081 598 2142 duae,
634 2081 702 2131 ad
731 2078 851 2129 fam.
886 2080 978 2141 11,
1008 2081 1041 2128 2
1067 2087 1115 2129 et
1132 2080 1183 2131 3.

248 2148 308 2197 cl.
332 2150 400 2197 ib.
435 2148 527 2209 11,
563 2148 659 2209 14,
690 2150 741 2197 2.
783 2150 855 2197 lb.
878 2148 968 2210 11,
999 2150 1097 2211 25,
1129 2150 1181 2201 2.

244 2217 321 2266 lb.
357 2215 448 2281 11,
479 2215 563 2267 26.
604 2218 677 2266 Ib.
716 2216 803 2275 12,
838 2216 899 2275 1,
937 2216 984 2269 1.
1016 2218 1186 2267 —-In-

247 2287 423 2351 signes
454 2285 563 2335 eius
596 2284 804 2345 laudes,
846 2286 913 2335 ad
945 2284 1065 2334 fam.
1100 2286 1184 2347 12,

242 2358 310 2415 4,
333 2354 493 2404 2.1b.
520 2354 616 2415 12,
648 2355 707 2415 5,
733 2354 780 2405 1.
821 2355 895 2404 lb.
920 2354 1011 2412 12,
1038 2354 1100 2416 8,
1134 2354 1181 2404 1.

246 2426 320 2477 lb.
346 2425 439 2484 12,
474 2423 565 2483 10,
592 2427 645 2477 4.
670 2422 932 2474 -Cicero
964 2424 1185 2473 maximo

246 2508 398 2558 opere
418 2494 591 2544 laudat
612 2494 823 2543 Brutum
844 2500 1051 2557 propter
1071 2506 1186 2541 cae-

248 2564 364 2613 dem
398 2562 453 2615 C.
486 2562 719 2612 Caesaris
748 2562 819 2612 Id.
859 2561 1004 2609 Mart.
1044 2575 1091 2609 a.
1131 2575 1181 2609 u.

246 2647 288 2681 c.
310 2631 429 2681 710.
454 2630 668 2689 factam,
690 2630 756 2679 ad
773 2630 893 2679 fam.
915 2628 977 2687 9,
1006 2629 1095 2689 14,
1130 2628 1180 2679 5.

242 2698 315 2747 Μ.
344 2698 527 2748 Brutus
564 2705 681 2763 post
715 2698 947 2748 Caesaris
977 2697 1185 2748 interfe-

245 2766 463 2819 ctionem
484 2767 549 2815 M.
584 2766 805 2815 Antonio
835 2765 1086 2815 referente
1111 2766 1185 2817 le-

243 2836 395 2901 gibus
416 2840 493 2882 est
522 2834 745 2898 solutus,
776 2834 824 2883 si
842 2835 905 2884 ab
925 2836 1047 2885 urbe
1069 2836 1183 2900 plus

243 2917 396 2965 quam
416 2902 593 2952 decem
616 2903 727 2953 dies
747 2901 1014 2954 abfuisset.
1049 2904 1182 2955 Ludi

242 2972 566 3037 Apollinares
606 2972 893 3023 incredibili
931 2973 999 3022 M.
1042 2973 1181 3023 Bruti

241 3039 431 3091 honore
460 3042 696 3093 celebrati
715 3042 1009 3108 provinciae
1027 3042 1181 3093 Bruto

243 3119 293 3159 et
331 3110 506 3160 Cassio
550 3113 725 3177 datae,
768 3119 1065 3174 quaestores
1092 3113 1182 3162 ad-

243 3180 363 3239 diti,
404 3180 683 3245 legatorum
715 3196 955 3231 numerus
984 3190 1181 3243 auctus,

243 3248 466 3313 Phiiipp.
489 3252 549 3309 2,
575 3251 667 3310 13,
702 3250 786 3302 31.
809 3278 875 3287 —-
895 3250 1105 3314 Brutus,
1138 3251 1184 3299 si

242 3318 293 3367 in
333 3328 561 3367 senatum
591 3334 689 3369 non
722 3326 797 3369 est
816 3317 929 3368 Kal.
949 3321 1109 3369 Iuniis
1129 3334 1178 3373 a.

242 3400 292 3432 u.
320 3402 363 3437 c.
389 3387 505 3436 710.
530 3397 792 3447 venturus,
812 3388 932 3449 quid
956 3387 1183 3437 facturus

243 3452 307 3499 sit
340 3454 388 3499 iu
428 3454 533 3501 foro
558 3454 733 3503 Cicero
764 3456 944 3504 nescit.
982 3456 1099 3519 Ipse
1118 3455 1182 3503 de

888 200 964 246 M.
998 199 1231 246 IUNIUS
1269 198 1558 248 BRUTUS.

1329 353 1540 405 Graecia
1587 354 1774 404 coditie
1809 355 1982 419 magis
2019 360 2070 404 et
2110 356 2300 418 magis

1328 426 1530 488 cogitat.
1572 423 1676 472 Nec
1701 423 1838 472 enim
1855 423 2014 472 Bruto
2039 424 2294 473 exsilium

1327 494 1465 544 videt
1505 492 1630 554 quid
1665 492 1908 556 prodesse
1959 493 2154 556 possit,
2221 494 2293 542 ad

1325 562 1431 613 Att.
1476 562 1574 622 14,
1615 561 1714 620 18,
1751 563 1803 615 4.
1841 587 1913 598 —
1949 561 2116 624 Eius,
2157 577 2298 626 pro-

1327 630 1580 692 consulis,
1628 645 1710 679 res
1757 639 1934 694 gestae
1985 633 2040 678 in
2079 630 2296 679 Achaia

1327 708 1377 750 et
1412 699 1709 750 Macedonia
1743 699 2020 763 magnifice
2063 699 2293 748 laudan-

1327 777 1436 829 tur,
1455 768 1679 833 Philipp.
1703 767 1765 818 11
1783 805 1797 828 ,
1831 768 1892 819 11
1909 805 1922 827 ,
1943 767 2034 820 26.
2057 795 2131 805 --
2147 768 2292 817 Bru-

1326 845 1410 888 tus
1427 846 1476 888 et
1496 836 1702 886 Cassius
1730 837 1904 886 multis
1925 839 2030 888 iam
2051 838 2107 886 in
2126 839 2294 886 rebus

1327 909 1438 971 ipse
1456 907 1557 956 sibi
1575 912 1780 955 senatus
1799 907 1925 968 fuit,
1953 906 2031 954 Ib.
2058 905 2156 965 11,
2197 906 2290 969 11,

1327 978 1410 1026 27.
1433 1003 1499 1012 —-
1518 975 1825 1024 Memoratur
1841 975 1966 1025 item
1985 975 2055 1025 ad
2075 974 2204 1024 fam.
2231 973 2286 1032 3,

1327 1047 1386 1105 7,
1421 1045 1469 1096 1.
1509 1043 1693 1108 fragm.
1727 1058 1780 1108 p.
1829 1044 1949 1094 251.
1981 1069 2056 1079 —
2087 1043 2290 1092 Brutus

1329 1113 1630 1178 Apolloniae
1673 1112 1894 1162 habebat
1931 1115 2163 1174 quinque
2203 1112 2290 1160 le-

1327 1183 1506 1248 giones
1520 1218 1534 1242 ‚
1559 1183 1805 1246 optimum
1832 1182 2146 1244 equitatum,
2170 1197 2288 1230 ma·

1323 1252 1464 1302 xima
1490 1250 1706 1315 auxilia,
1739 1264 1823 1314 ep.
1861 1252 1928 1302 ad
1959 1251 2106 1303 Brut.
2131 1250 2190 1314 1,
2227 1252 2264 1298 2

1324 1349 1394 1360 -
1437 1321 1642 1368 Brutum
1682 1320 2024 1370 considerare*
2044 1320 2158 1368 vult
2198 1318 2289 1368 ci-

1327 1403 1442 1438 cero
1463 1403 1524 1436 ne
1544 1389 1654 1438 eius
1674 1388 1952 1439 liberalitas
1979 1389 2284 1438 dissolutior

1324 1459 1584 1518 videatur,
1614 1458 1689 1510 Ib.
1719 1457 1767 1518 1,
1789 1457 1840 1508 3.
1863 1483 1936 1496 ·-·
1953 1457 2008 1511 C.
2033 1459 2282 1523 Antonin,

1327 1542 1476 1589 quem
1526 1526 1759 1576 occidere
1806 1541 1886 1576 res
1921 1526 2138 1575 Brutum
2175 1539 2284 1576 uon

1327 1595 1522 1661 coegit,
1572 1609 1736 1658 neque
1786 1595 2056 1644 crudeliter
2121 1593 2276 1656 quid·

1325 1675 1480 1727 quam
1544 1665 1729 1729 eripuit
1791 1679 1956 1727 neque
2017 1663 2278 1713 dissolute

1325 1734 1602 1796 quidquam
1647 1733 1842 1782 remisit
1888 1733 2173 1793 habuitque
2225 1733 2279 1780 in

1327 1817 1420 1852 sua
1441 1808 1686 1865 potestate
1703 1838 1717 1862 ‚
1748 1802 1918 1865 quoad
1944 1800 2135 1850 bellum
2157 1800 2276 1860 fuit,

1325 1872 1401 1922 Ib.
1440 1872 1497 1931 1,
1533 1873 1586 1922 4.
1625 1901 1696 1910 —-
1732 1871 1868 1931 Quid
1893 1869 2066 1920 Cicero
2098 1870 2279 1919 decre-

1325 1942 1456 1991 verit
1488 1941 1552 1990 de
1588 1940 1854 1990 Dolabella
1887 1956 1918 1990 a
1940 1942 2096 1990 Bruto
2136 1940 2278 1990 bello

1324 2011 1708 2074 persequend0‚
1754 2010 1828 2059 Ib.
1873 2010 1930 2073 1,
1979 2010 2031 2060 5.
2084 2040 2150 2050 --
2209 2009 2274 2061 L.

1327 2079 1566 2129 Bibulum
1604 2081 1655 2129 in
1691 2079 1934 2143 petitione
1979 2078 2278 2127 consulatus

1329 2150 1648 2199 commendat
1678 2147 1864 2197 Brutus
1900 2146 2155 2206 Ciceroni,
2190 2147 2272 2197 lb.

1328 2216 1356 2268 1
1374 2254 1388 2281 ,
1411 2218 1460 2266 7.
1484 2244 1551 2253 --
1570 2218 1696 2267 Item
1725 2216 1780 2269 C.
1809 2215 2122 2267 Nasennium
2141 2252 2156 2277 ,
2193 2216 2273 2268 Ib.

1329 2285 1356 2336 1
1377 2322 1393 2347 ,
1431 2284 1486 2337 8.
1525 2311 1593 2321 -
1627 2286 1684 2334 In
1718 2286 1929 2335 Brutum
1966 2300 2067 2336 nou
2103 2284 2276 2335 solum

1327 2355 1586 2403 exercitus
1607 2355 1704 2415 sui,
1725 2355 1818 2404 sed
1836 2356 2063 2404 omnium
2080 2354 2273 2404 civium

1326 2436 1387 2473 ac
1417 2437 1582 2488 paene
1620 2424 1849 2488 gentium
1883 2424 2097 2484 coniecti
2135 2424 2274 2472 oculi

1327 2506 1441 2541 esse
1462 2492 1722 2551 dicuntur,
1751 2493 1824 2546 Ib.
1850 2493 1875 2541 1
1894 2528 1908 2551 ‚
1930 2492 1980 2544 9.
2002 2519 2074 2529 -
2091 2491 2272 2541 Veliae

1328 2576 1360 2609 a
1385 2562 1538 2610 Bruto
1571 2562 1813 2611 incitatus
1847 2560 2018 2613 Cicero
2054 2556 2271 2609 Romam

1328 2632 1587 2694 pervenit,
1621 2630 1695 2679 Ib.
1736 2629 1794 2690 1,
1827 2629 1909 2685 10.
1942 2658 2009 2666 -
2030 2631 2270 2679 Veterem

1329 2699 1608 2748 Antistium
1636 2700 1956 2750 commendat
1983 2698 2167 2748 Brutus
2187 2697 2270 2747 Ci-

1328 2769 1524 2827 ceroni,
1559 2767 1633 2819 Ib.
1663 2769 1690 2818 1
1710 2805 1725 2829 ‚
1762 2768 1844 2821 11.
1863 2794 1935 2829 ,-
1951 2768 2033 2817 Ad
2050 2768 2268 2833 gloriam

1328 2842 1376 2885 et
1413 2836 1716 2901 dignitatem
1752 2836 1895 2887 Bruti
1943 2837 2268 2887 vehementer

1325 2906 1580 2969 pertinere
1615 2906 1801 2956 dicitur
1837 2922 1950 2956 eum
1982 2908 2032 2956 in
2066 2905 2266 2955 Italiam

1324 2975 1500 3025 venire
1517 2990 1669 3039 quam
1684 2976 1920 3041 primum,
1940 2975 2012 3026 lb.
2031 2976 2078 3036 1,
2098 2975 2264 3028 12.—

1322 3041 1524 3094 Sororis
1543 3059 1667 3097 suae
1686 3045 1892 3104 liberos,
1909 3044 2090 3109 Lepidi
2109 3042 2261 3103 filios,

1327 3111 1582 3163 Ciceronis
1605 3114 1982 3165 misericordiae
2010 3126 2264 3162 commen-

1325 3182 1411 3232 dat
1437 3182 1654 3245 Brutus,
1691 3184 1767 3233 Ib.
1803 3183 1862 3242 1,
1905 3182 1988 3233 13.
2018 3208 2088 3219 —
2113 3180 2262 3231 Omni

1323 3252 1493 3303 studio
1525 3266 1556 3301 a
1583 3252 1740 3303 Bruto
1779 3254 2035 3303 contendit
2065 3250 2259 3309 Cicero,

1321 3326 1379 3369 ut
1413 3320 1707 3371 Ciceronem
1753 3335 1900 3371 suum
1936 3336 1999 3370 ne
2040 3320 2262 3370 dimittat

1323 3402 1600 3451 secumque
1620 3389 1866 3447 deducat,
1895 3390 1969 3438 Ib.
1997 3389 2023 3439 1
2040 3426 2055 3451 ,
2090 3388 2170 3437 14.
2191 3414 2258 3422 -

1322 3456 1598 3506 Messalam
1627 3457 1899 3507 Corvinum
1931 3458 2083 3507 Bruto
2121 3470 2262 3505 com-
