2500 3850
702 210 766 257 L.
802 210 1171 268 Qumc‘rms
1198 230 1286 245 --
1309 210 1648 269 Qmm'rns.

145 367 205 417 1..
256 364 585 433 Quinctius,
636 364 702 413 ad
748 363 949 412 bustum
991 363 1148 413 Basili

211 437 502 485 vulneratus
522 441 571 483 et
590 432 904 497 despoliatus
924 440 1000 481 est
1019 448 1065 485 a.
1090 448 1143 485 u.

215 520 259 556 c.
281 505 397 555 704.
412 540 429 562 ,
452 504 519 552 ad
538 503 641 551 Att.
667 502 717 561 7,
736 499 787 560 9,
811 500 859 549 1.

147 574 209 623 Ρ.
246 570 538 637 Quinctius
556 590 581 633 ‚⁵
607 584 699 635 pro
730 585 829 631 quo
864 577 940 617 est
968 570 1141 629 oratic,

218 640 271 691 C.
296 640 519 700 Quinctii
549 634 733 698 frater,
764 638 850 699 qui
874 653 986 686 cum
1020 636 1141 687 Sex.

212 710 404 759 Naevio
432 707 725 757 societatem
754 706 968 768 fecerat,
1001 706 1062 755 ab
1086 720 1145 755 eo

212 785 407 827 mortuo
424 777 574 825 heres
592 775 814 838 relictus,
837 788 927 838 pro
948 773 1143 831 Quinct.

216 848 265 909 1,
286 848 314 896 1
337 860 449 907 sqq.

150 914 209 965 [ι.
276 910 573 978 Quinctius
634 908 1011 959 Cincinnatus.
1086 910 1146 957 Ei

214 984 373 1031 aranti
394 982 681 1031 nunciatum
702 988 806 1042 est,
840 993 953 1027 eum
985 978 1144 1027 dicta-

212 1061 371 1100 torem
397 1066 509 1100 esse
540 1048 726 1097 factum
761 1063 807 1095 a.
840 1063 888 1096 u.
925 1063 969 1096 c.
1002 1046 1142 1110 297„

214 1122 358 1168 cuius
396 1118 655 1169 dictatoris
691 1118 868 1165 iterum
916 1132 961 1164 a.
1002 1132 1054 1163 u.
1098 1130 1140 1163 c.

214 1189 333 1239 315.
372 1188 518 1235 iussu
554 1186 796 1249 magister
834 1186 1053 1246 equitum
1088 1183 1141 1231 C.

214 1254 458 1305 Servilius
491 1254 652 1305 Ahala
686 1252 771 1317 Sp.
805 1252 1039 1301 Maelium
1068 1268 1146 1300 re-

215 1340 365 1389 gnum
395 1330 713 1388 appetentem
742 1327 1035 1385 occupatum
1067 1322 1146 1368 in-

212 1394 434 1454 teremit,
482 1394 544 1441 de
578 1406 685 1439 sen.
723 1389 814 1451 16‘,
848 1388 931 1438 56.
965 1413 1027 1425 -—
1065 1390 1145 1437 Ab

217 1470 380 1509 aratro
408 1461 651 1510 abductus
678 1466 731 1506 ut
756 1458 969 1506 dictator
992 1464 1143 1520 esset,

218 1524 279 1579 de
297 1530 382 1577 fin.
402 1530 453 1587 2,
472 1530 506 1577 4
520 1565 533 1585 ‚
554 1528 637 1575 12.

143 1594 208 1647 1..
236 1595 527 1661 Quinctius
549 1594 619 1645 T.
644 1593 707 1643 F.
741 1594 807 1644 L.
842 1592 908 1643 N.
929 1591 1144 1643 Flami·
1185 1638 1190 1643 .

216 1664 399 1728 ninus,
420 1667 481 1715 T.
497 1664 762 1713 Flaminini
780 1663 949 1721 frater,
970 1678 1074 1714 cos.
1092 1677 1140 1715 a.

217 1752 267 1786 u.
300 1752 343 1787 c.
378 1734 493 1785 562.
526 1750 553 1783 e
584 1740 758 1781 senatu
797 1733 986 1780 eiectus
1022 1746 1053 1779 a
1088 1730 1142 1781 G.

219 1802 401 1853 Catone
420 1817 625 1853 censore
643 1816 689 1851 a.
712 1817 761 1850 u.
790 1816 835 1849 c.
859 1801 1001 1857 570„
1028 1814 1147 1864 pro-

216 1881 325 1937 pter
343 1872 539 1921 facinus
558 1873 609 1920 in
622 1869 780 1919 Gallia
799 1870 1143 1930 commissum,

218 1943 278 1991 de
296 1957 403 1994 sen.
430 1942 511 2000 12,
530 1942 617 1992 42.

144 2007 216 2058 T.
249 2007 543 2074 Quinctius
574 2007 644 2058 T.
662 2007 725 2056 F.
751 2006 813 2057 L.
846 2005 911 2056 N.
931 2003 1145 2056 Flami-

216 2076 395 2142 ninus,
420 2079 689 2127 admodum
712 2076 1009 2126 adolescens
1026 2090 1146 2124 con-

216 2148 293 2196 sul
324 2147 485 2196 factus
514 2161 561 2194 a.
584 2162 633 2194 u.
666 2161 711 2194 c.
742 2144 887 2206 550„
922 2144 1151 2211 Philipp..

214 2216 266 2276 5,
284 2215 362 2277 17,
378 2213 599 2264 48.-Τ.
616 2214 895 2270 Quinctium
910 2212 1145 2261 Flamini-

214 2299 332 2334 num
364 2282 687 2330 vehementer
722 2282 889 2329 animo
906 2288 1145 2330 vexatum

214 2352 501 2402 consolatur
526 2349 719 2397 Ennius
739 2383 752 2407 ,
785 2349 851 2397 de
876 2363 983 2396 sen.
1006 2349 1034 2396 1
1052 2385 1065 2412 ,
1096 2350 1142 2397 1.

218 2447 271 2458 -
300 2418 651 2478 T.1Quinctius
680 2417 993 2466 Flamininus
1013 2417 1147 2466 Iovis

212 2489 531 2552 imperatoris
569 2488 773 2550 signum
818 2499 882 2534 ex
918 2485 1145 2533 Macedo·

214 2560 299 2606 nia
340 2565 541 2620 captum
580 2557 631 2604 in
666 2555 913 2618 Capitolio
959 2553 1145 2617 posuit,

214 2629 359 2674 Verr.
392 2633 614 2677 accusat.
643 2627 700 2682 4,
732 2622 825 2680 58,
861 2621 975 2672 129.
998 2649 1059 2658 ——
1085 2623 1143 2671 T.

211 2693 529 2743 Flamininus.
563 2708 733 2759 regem
768 2691 1060 2756 Philippum
1098 2701 1147 2738 er.

212 2763 555 2812 Macedoniam
588 2762 819 2826 subegit,
853 2763 927 2812 Ib.
964 2760 1142 2820 1„21,

214 2834 297 2884 55.
335 2857 403 2866 -
447 2832 566 2880 Eius
608 2829 891 2894 triumphus
930 2831 992 2878 dc
1026 2828 1143 2876 Phi-

211 2901 377 2963 lipp0,
414 2915 507 2963 pro
544 2900 674 2951 Mur.
720 2901 811 2962 14,
851 2898 935 2950 31.
987 2897 1047 2946 cl.
1089 2899 1143 2946 in

208 2969 483 3027 Ρίεοιι.,25,
505 2968 590 3021 61.
606 2997 676 3006 -
692 2969 818 3032 Agri
840 2969 887 3017 in
910 2967 1142 3017 Macedo-

210 3038 295 3088 nia
338 3038 465 3101 regii
517 3041 700 3101 partim
746 3037 801 3084 T.
854 3037 1137 3099 Flaminini,

208 3107 391 3168 partim
403 3105 459 3156 L.
476 3105 638 3156 Paulli
661 3108 839 3155 virtute
856 3107 985 3170 parti
1006 3112 1139 3166 sunt,
1206 3169 1209 3172 ἢ

212 3175 274 3224 de
302 3173 413 3238 lege
444 3189 551 3239 agr.
592 3175 619 3224 1
640 3214 655 3239 ‚
680 3177 739 3237 2,
772 3166 821 3222 5.
852 3202 919 3212 —
952 3175 1142 3224 Censor

208 3244 472 3306 proximus
501 3252 615 3292 ante
638 3244 692 3296 C.
728 3242 993 3302 Catonem,
1018 3257 1062 3294 a.
1084 3258 1137 3290 ιι.

207 3327 252 3360 c.
273 3311 420 3370 565„
446 3313 509 3360 de
661 3313 723 3362 12
760 3312 845 3363 42.

136 3377 206 3428 Τ.
235 3377 530 3442 Quinctius
567 3379 635 3429 T.
708 3413 721 3427 .
810 3413 821 3424 .
844 3377 907 3428 N.
928 3375 1141 3426 Flami-

204 3446 371 3497 ninus
392 3457 440 3496 et
472 3449 554 3496 Μ’.
579 3449 774 3496 Acilius
796 3447 981 3495 Balbus
1006 3461 1137 3499 coss,

2093 198 2214 260 335

1287 380 1334 413 a.
1357 380 1406 411 u.
1423 380 1466 413 c.
1489 364 1606 414 604.
1615 403 1629 427 ,
1653 367 1834 428 quibus
1855 382 1984 417 0085.
2008 367 2221 433 fingitur

1285 433 1486 481 habitus
1517 436 1774 486 sermode
1807 444 2060 485 senectute
2087 438 2220 485 inter

1286 500 1522 550 Catonem
1545 510 1592 551 et
1610 503 1833 552 Laelium
1854 511 2000 565 atque
2020 504 2217 553 Africa-

1284 584 1402 619 num
1421 572 1692 633 minorem,
1726 572 1786 621 de
1808 586 1914 625 sen.
1943 574 2001 631 5,
2030 573 2110 625 14.
2152 575 2217 622 ad

1290 640 1390 687 Att.
1419 640 1500 698 12,
1521 640 1570 699 5,
1592 638 1639 689 3.

1218 705 1288 755 Τ.
1316 702 1612 770 Quinctius
1639 705 1708 755 T.
1731 706 1794 755 F.
1825 706 1896 757 Τ.
1917 707 1983 759 Ν.
2004 706 2219 757 Flami-

1287 773 1448 824 ninus
1471 777 1706 823 consula.
1730 792 1780 824 u.
1805 792 1849 828 c.
1875 776 1996 829 631.
2022 792 2132 826 cum
2157 778 2215 835 Q.

1285 839 1485 892 Metello
1504 843 1774 905 Baliarico,
1801 847 1934 894 Brut.
1965 846 2061 907 28,
2097 846 2214 900 109.

1285 913 1358 964 lb.
1378 913 1461 971 74,
1475 910 1594 961 259.
1623 913 1684 961 ᾶ6
1705 914 1853 963 domo
1873 928 1964 963 sua
1987 913 2070 977 53,
2097 914 2215 967 136.

1218 977 1512 1043 Quinctius
1549 978 1744 1031 Gallus
1768 982 1962 1047 legatus
1995 982 2050 1040 Q.
2085 986 2216 1033 Mar·

1285 1050 1350 1097 cii
1364 1048 1587 1113 Philippi
1605 1052 1921 1114 proconsulis
1935 1051 2104 1105 Asiae.
2137 1056 2218 1103 Ad

1285 1132 1398 1165 eum
1419 1119 1634 1181 scriptae
1655 1128 1770 1169 sunt
1799 1121 1862 1170 ad
1881 1119 2002 1169 fam.
2027 1121 2108 1172 13.
2131 1138 2211 1187 ep.

1283 1186 1349 1235 43
1371 1193 1418 1235 et
1433 1188 1520 1235 44.
1862 1226 1868 1233 ,

1220 1250 1562 1319 (Quinctius)
1591 1253 1845 1318 Scapula.
1887 1258 1942 1304 Iu
1969 1256 2216 1321 Hispania

1288 1322 1469 1371 bellum
1536 1332 1838 1371 commotum
1897 1340 1926 1372 a
1981 1322 2215 1387 Scapula,

1283 1400 1458 1455 postea
1489 1389 1834 1439 confirmatum
1867 1407 1897 1439 a
1925 1389 2040 1439 Sex.
2071 1393 2216 1441 Pom-

1285 1460 1431 1522 pei0‚
1458 1459 1521 1506 ad
1542 1457 1662 1505 fam.
1686 1458 1749 1519 9,
1787 1458 1880 1521 13,
1917 1460 1964 1508 l.
1989 1462 2217 1509 —Idem

1286 1527 1502 1575 fortasse
1522 1524 1762 1589 Scapula,
1797 1527 1864 1575 ad
1885 1528 1986 1575 Aa.
2017 1528 2107 1591 12,
2131 1528 2217 1591 38,

1282 1596 1332 1644 4.
1371 1618 1440 1630 —-
1484 1594 1622 1643 Horti
1671 1593 1970 1659 Scapulani,
2017 1598 2090 1645 Ib.
2134 1598 2216 1646 12.

1283 1662 1378 1723 40,
1417 1664 1463 1711 4.

1213 1731 1278 1783 P.
1309 1727 1652 1795 (Quinctius)
1673 1730 1931 1796 Scapula.
1972 1732 2030 1780 Ei
2063 1748 2215 1797 pecu-

1285 1804 1420 1848 niam
1437 1799 1491 1848 G.
1516 1799 1776 1857 Quinctius
1796 1801 2008 1851 debebat
2029 1818 2074 1851 a.
2093 1818 2144 1855 u.
2168 1820 2212 1855 c.

1281 1868 1436 1930 673.·,
1459 1883 1550 1932 pro
1572 1868 1768 1926 Quinct.
1793 1870 1842 1933 4,
1867 1870 1949 1922 17.

1217 1935 1602 2003 Quinquatrus
1623 1938 1888 1988 sollemnia
1905 1941 1956 1987 in
1976 1939 2212 1990 honorem

1287 2008 1541 2054 Minervae
1557 2005 1694 2056 XIV.
1725 2007 1836 2058 Kal.
1858 2007 2020 2071 April.
2043 2015 2090 2058 et
2111 2009 2216 2057 die-

1284 2077 1380 2125 bus
1411 2075 1736 2136 sequentibus
1753 2113 1768 2138 ,
1802 2076 1868 2126 ad
1889 2076 2008 2126 fam.
2040 2078 2102 2138 2,
2132 2077 2213 2137 12,

1289 2147 1333 2196 1.
1370 2145 1442 2196 lb.
1471 2144 1553 2204 12,
1576 2145 1660 2206 25,
1681 2145 1728 2194 1.

1218 2211 1454 2276 Quirina
1473 2213 1634 2262 tribus
1662 2214 1878 2273 urbana,
1899 2229 1989 2278 pro
2011 2213 2207 2274 Quinct-

1283 2281 1336 2342 6,
1364 2283 1448 2330 24.
1486 2282 1551 2331 ad
1570 2281 1688 2331 fam.
1713 2283 1764 2342 8,
1786 2283 1835 2343 8,
1860 2285 1910 2333 5.

1218 2345 1563 2413 Quirinalia,
1599 2350 1858 2399 sollemnia
1892 2353 1943 2400 in
1971 2352 2214 2402 honorem

1285 2418 1510 2482 Romuli,
1533 2419 1595 2466 ad
1617 2416 1675 2475 Q.
1698 2418 1762 2466 fr.
1784 2422 1834 2481 2,
1861 2419 1921 2468 11
1945 2420 2076 2482 (13),
2095 2419 2142 2469 3.

1219 2484 1528 2549 Quirinalis
1549 2501 1712 2536 mons.
1751 2487 1884 2535 Inter
1905 2502 2016 2536 eum
2035 2489 2215 2549 Esqui-

1286 2555 1544 2616 linumque
1581 2555 1832 2604 maximus
1879 2571 2037 2621 agger
2078 2558 2216 2606 obie-

1286 2632 1394 2673 ctus
1414 2639 1444 2674 a
1463 2622 1639 2676 Servio
1660 2623 1851 2686 Tullio,
1877 2626 1938 2674 de
1957 2641 1998 2678 r.
2018 2639 2070 2690 p.
2091 2627 2140 2687 2,
2163 2627 2212 2687 6,

1217 2758 1506 2823 Quirinus.
1547 2763 1814 2812 Romulum
1851 2765 2082 2814 cumdem
2103 2781 2216 2816 esse

1285 2831 1544 2889 Quirinum
1566 2841 1770 2897 putant,
1800 2834 1863 2882 de
1881 2849 1933 2887 n.
1959 2835 2008 2884 d.
2031 2835 2060 2883 2
2078 2871 2092 2894 ,
2128 2837 2212 2897 24,

1281 2901 1368 2950 62.
1401 2927 1467 2936 -
1499 2901 1764 2965 Quirinus,
1804 2902 2049 2952 Romulus
2089 2907 2218 2951 inter

1283 2968 1405 3018 deos
1423 2969 1640 3031 relatus,
1675 2972 1736 3020 de
1767 2986 1810 3017 r.
1835 2986 1886 3034 p.
1908 2973 1970 3033 2,
2003 2969 2094 3027 10,
2126 2970 2212 3019 20.

1283 3039 1345 3086 de
1364 3037 1462 3102 leg.
1487 3040 1534 3099 1,
1561 3041 1608 3096 1,
1632 3038 1682 3089 3.
1707 3064 1771 3074 —-
1791 3038 1914 3086 Eius
1936 3038 2116 3099 cultus,
2139 3037 2213 3089 Ib.

1279 3108 1330 3166 2,
1351 3107 1400 3169 8,
1427 3105 1506 3157 19.
1531 3109 1594 3156 (16
1616 3105 1702 3156 off.
1723 3104 1774 3166 3,
1799 3104 1879 3163 10,
1899 3109 1983 3154 42.
2004 3131 2068 3139 ——
2091 3105 2217 3153 Cae-

1283 3190 1395 3234 sar,
1437 3175 1630 3232 Quirini
1661 3173 2059 3231 contubernalis,
2093 3175 2215 3234 quia

1280 3249 1446 3291 statua
1467 3243 1513 3290 ei
1537 3244 1588 3290 in
1615 3239 1802 3302 templo
1836 3241 2026 3299 Quirini
2047 3241 2216 3304 posita

1283 3319 1405 3368 erat,
1431 3309 1494 3356 ad
1515 3310 1615 3358 Ati.
1643 3306 1724 3369 13,
1745 3307 1829 3366 28,
1859 3308 1910 3362 3.
1948 3309 2008 3361 cl.
2031 3308 2099 3358 ib.
2129 3311 2212 3370 12,

1281 3379 1366 3435 45,
1391 3377 1440 3429 3.
1486 3379 1547 3428 V.
1570 3375 1865 3425 Romulus.

1215 3443 1485 3508 Quirites,
1507 3445 1782 3510 appellatio
1802 3446 1978 3509 populi
1999 3447 2213 3497 Romani
