2500 3850
593 185 842 234 DAMON
869 207 953 218 -
980 187 1042 234 P.
1073 185 1323 234 DECIUS
1354 187 1417 246 Q.
1450 187 1512 234 F.
1550 187 1707 234 MUS.

171 342 290 392 nari
322 348 464 394 saeta
499 342 682 405 equina
715 349 834 407 apto
871 349 1118 406 perterre-

173 409 375 471 factus,
405 411 611 460 Tuscul.
635 412 684 467 5,
705 413 790 470 21,
811 411 900 462 61.

99 479 330 530 Damon
347 481 574 530 musicus
592 518 604 540 ‚
625 479 832 530 Periclis
853 481 1114 545 magister,

171 548 240 598 de
261 555 390 602 orat.
411 547 460 611 3,
485 548 568 609 33,
598 549 714 601 132.

99 615 328 667 Damon
350 624 398 665 et
418 617 647 666 Phintias
665 656 679 679 ,
702 617 1027 684 Pythagorei,
1052 619 1117 668 de

174 687 265 736 off.
289 685 322 736 3
339 722 352 745 ,
379 685 472 745 10,
491 687 578 737 45.
619 685 821 736 Tuscul.
843 688 893 747 5,
917 688 1002 751 22,
1023 687 1111 739 63.

171 757 240 805 V.
265 751 578 820 Dionysius
600 756 777 807 minor.

101 820 310 874 Danai.
367 823 454 872 Eis
489 825 663 873 datum
703 831 811 873 erat
858 825 1117 876 oraculum

169 908 276 942 non
294 906 449 957 posse
478 895 594 958 capi
623 895 826 943 Troiam
857 895 967 946 sine
1001 895 1116 944 Phi-

171 962 394 1012 loctetae
424 963 651 1027 sagittis,
690 964 754 1013 ad
789 963 906 1012 Her.
942 965 1005 1027 4,
1030 962 1115 1026 30,

167 1031 260 1080 41.
303 1029 510 1084 Tuscul.
531 1032 596 1092 4,
626 1031 694 1082 23
710 1067 725 1092 ,
747 1031 832 1081 52.
869 1032 931 1081 de
951 1031 1037 1082 fin.
1062 1033 1116 1091 2,

168 1101 224 1162 6,
249 1098 336 1151 18.

95 1168 355 1219 Danaus.
406 1168 465 1216 Ei
505 1169 874 1232 quinquaginta
913 1167 1118 1217 fuerunt

169 1238 342 1300 filiae,
363 1237 542 1301 parad.
563 1236 619 1297 6,
640 1237 687 1296 1,
708 1239 794 1288 44.

95 1303 406 1371 Daphitas.
453 1305 512 1354 Ei
545 1305 705 1355 fatum
741 1305 837 1356 ruit
883 1321 947 1356 ex
986 1321 1114 1368 equo

171 1375 362 1424 cadere
397 1380 548 1438 atque
583 1375 654 1423 ita
686 1375 879 1438 perire,
915 1375 980 1425 de
1011 1375 1114 1426 fato

96 1509 392 1574 Dardani,
433 1511 628 1562 incolae
666 1512 980 1577 Dardaniae,
1021 1527 1112 1577 pro

167 1580 308 1634 Sest.
327 1579 416 1640 43,
438 1581 524 1633 94.

95 1649 432 1712 Dardanus,
456 1650 693 1699 Antiochi
712 1649 1007 1700 Academici
1029 1665 1114 1700 ac-

166 1719 373 1782 qualis,
403 1717 612 1768 Athenis
643 1721 883 1785 princeps
919 1716 1114 1770 Stoico-

162 1803 284 1837 rum
325 1801 442 1836 cum
473 1787 798 1854 Mnesarcho,
835 1789 996 1838 Acad.
1031 1803 1110 1854 pr.

165 1859 223 1921 2,
247 1857 334 1914 22,
355 1855 443 1906 69.

94 1926 430 1988 Dardanus,
469 1923 526 1977 O.
561 1923 1006 1987 FumiilibertuS,
1047 1928 1114 1978 ad

167 1996 295 2045 fam.
322 1995 407 2053 10,
429 1994 514 2055 25,
539 1992 588 2044 3.

95 2066 355 2127 Dareus,
386 2064 651 2113 Persarum
682 2079 787 2115 rex.
821 2064 944 2114 Eius
967 2080 1114 2131 prac-

167 2140 252 2182 1οῚ-
283 2131 492 2183 Oroetes
517 2132 570 2181 in
601 2146 802 2182 crucem
835 2135 938 2198 egit
962 2133 1114 2198 Poly-

167 2208 360 2251 cratem
381 2200 636 2263 Samium,
659 2201 819 2251 defin.
843 2202 894 2263 5,
915 2201 1000 2267 30,
1023 2202 1108 2256 92.

97 2270 322 2324 Dareus
339 2269 710 2321 codomannus.
723 2270 1110 2321 -Vaticinium

167 2342 236 2391 de
271 2342 384 2389 eius
415 2345 605 2401 morte,
650 2338 716 2389 de
742 2340 902 2393 divin.
942 2340 998 2403 1,
1023 2338 1109 2400 53,

170 2410 293 2459 121.
327 2434 398 2447 -
425 2409 506 2459 Ab
536 2407 830 2460 Alexandro
854 2408 917 2457 M.
947 2410 1111 2458 victus

165 2478 235 2528 ad
265 2478 464 2538 Issum,
499 2477 566 2527 ad
596 2478 703 2526 Ati.
731 2478 794 2539 5,
826 2475 921 2538 20,
963 2477 1014 2529 3.
1045 2478 1112 2527 ad

161 2546 297 2595 fam.
327 2548 382 2608 2,
409 2544 492 2609 10,
515 2544 566 2597 3.
591 2574 664 2585 —·
689 2547 746 2597 Iu
767 2546 886 2611 fuga
903 2582 918 2610 ,
957 2562 1112 2609 quum

169 2631 357 2679 aquarn
389 2614 642 2665 turbidam
687 2623 736 2665 et
777 2616 1111 2666 cadaveribus

170 2686 486 2748 inquinatam
507 2684 750 2745 bibisset,
773 2686 980 2748 negavit
998 2700 1110 2734 um-

167 2768 322 2817 quam
351 2768 411 2804 se
447 2754 638 2822 bibisse
675 2754 974 2819 iucundiuS,
1011 2754 1109 2803 Tu·-

169 2822 300 2871 scui.
325 2824 377 2881 5,
399 2820 484 2883 34,
505 2821 590 2872 97.

98 2887 442 2941 Decemviri.
493 2892 810 2953 Decemviri,
852 2891 940 2955 qui
972 2890 1112 2957 leges

167 2961 514 3026 scripserunt,
581 2961 692 3009 sine
753 2963 1112 3027 provocatione

167 3034 354 3092 creati,
379 3028 442 3078 dc
459 3045 486 3078 r
521 3044 576 3094 p.
599 3030 662 3089 2,
683 3028 747 3081 31
763 3068 779 3092 ,
816 3030 901 3081 54.
925 3058 994 3069 -
1011 3030 1111 3081 Eo-

168 3114 280 3147 rum
299 3112 382 3147 res
401 3105 609 3163 gestae,
636 3099 710 3151 Ib.
733 3100 795 3161 2,
816 3098 914 3164 36,
939 3098 1024 3150 61.
1045 3126 1112 3135 —-

165 3167 263 3215 Per
290 3182 382 3218 eos
415 3167 667 3218 vindicias
701 3168 870 3217 amisit
905 3169 1018 3233 ipsa
1053 3168 1112 3217 li-

76 3278 85 3290 ,
165 3235 370 3299 bertaS,
398 3236 474 3285 Ib.
495 3236 554 3300 3,
591 3236 690 3300 32,
712 3238 796 3287 44.
814 3237 1112 3287 -Decem-

165 3305 292 3365 viri,
318 3306 403 3368 qui
431 3304 546 3356 XII.
585 3305 786 3356 tabulas
803 3308 1114 3373 perscripse-

165 3381 312 3432 runt,
349 3388 559 3424 necesse
593 3382 670 3425 est
704 3374 868 3427 fuisse
889 3376 1115 3441 pruden-

165 3449 269 3508 teS,
290 3442 356 3493 de
375 3450 502 3497 orat.
528 3441 576 3504 1,
599 3442 682 3511 13,
699 3442 787 3525 5³8.

2072 172 2183 240 121

1188 341 1489 394 Deci-anus.
1530 343 1594 390 V.
1625 339 1948 408 Appuleius.

1191 409 1291 462 Gn.
1316 407 1582 462 Decidius
1598 447 1613 474 ,
1638 410 1854 472 Samum,
1879 425 1968 476 pro
1993 409 2188 466 Cluent.

1186 549 1249 600 L.
1300 545 1566 600 DecidIus
1612 547 1787 612 Saxa,
1839 549 2188 600 Caesarianus,

1254 620 1416 668 Homo
1436 617 1663 682 perditus
1683 618 1924 668 adsecula
1946 617 2011 670 M.
2034 619 2192 667 Anto-

1256 689 1352 746 nii,
1385 686 1608 752 Philipp.
1633 686 1693 746 8,
1730 686 1787 747 3,
1809 687 1858 738 9.
1889 687 2045 736 -11).
2068 685 2119 746 8,
2138 686 2192 753 9,

1258 755 1342 808 26.
1368 756 1441 805 Ib.
1467 755 1547 817 10,
1575 755 1655 817 10,
1681 755 2019 816 22.—Saxa,
2044 771 2193 818 quem

1258 825 1407 874 nobis
1438 824 1623 875 Caesar
1642 839 1707 875 ex
1726 827 1901 874 ultima
1923 823 2195 874 Celtiberia

1257 894 1511 943 tribunum
1544 894 1681 960 plebi
1712 894 1879 958 dedit,
1916 900 2193 944 castrorum

1258 971 1405 1013 antea
1432 972 1669 1025 metator,
1710 977 1871 1027 nunc,
1913 971 1967 1011 ut
2002 970 2192 1027 sperat,

1258 1033 1422 1093 urbiS,
1446 1032 1665 1099 Philipp.
1694 1032 1777 1092 11,
1803 1035 1852 1093 5,
1882 1033 1962 1083 12.
2006 1033 2080 1080 Ib.
2106 1032 2191 1096 12,

1256 1101 1305 1165 8,
1326 1101 1412 1156 20.
1446 1101 1519 1150 Ib.
1545 1099 1635 1167 13,
1676 1101 1769 1166 13,
1802 1103 1880 1151 27.
1907 1100 2191 1150 —Peritus

1253 1179 1468 1220 metator
1488 1177 1535 1220 et
1556 1169 1769 1221 callidus
1786 1208 1801 1234 ,
1822 1171 1891 1219 lb.
1925 1171 2007 1232 14,
2030 1170 2079 1230 4,
2102 1167 2187 1223 10.

1184 1236 1345 1289 Decii
1377 1240 1476 1288 duo
1512 1240 1578 1289 ad
1605 1237 1942 1288 voluntariam
1980 1246 2192 1288 mortem

1256 1324 1459 1358 cursum
1480 1323 1721 1371 equorum
1742 1309 2107 1367 incitaverunt,
2128 1307 2192 1356 de

1253 1391 1362 1426 sen.
1396 1377 1498 1437 20,
1537 1378 1621 1428 74.
1660 1403 1731 1412 —-
1764 1377 1950 1426 Eorum
1989 1377 2191 1426 devotio

1256 1445 1525 1495 consilium
1555 1445 1934 1508 imperatorium
1965 1443 2091 1504 fuit,
2129 1443 2193 1492 de

1256 1529 1307 1562 n.
1343 1513 1391 1562 d.
1415 1512 1476 1576 3,
1506 1512 1569 1576 6,
1595 1512 1678 1564 15.
1704 1540 1768 1550 -
1791 1511 1937 1562 Decii
1958 1525 2015 1561 se
2040 1512 2193 1563 devo-

1254 1591 1433 1632 verunt
1468 1597 1561 1648 pro
1600 1581 1762 1631 salute
1798 1583 1869 1631 rei
1914 1580 2087 1646 pubi.‚
2127 1578 2191 1629 de

1256 1652 1407 1701 domo
1452 1665 1544 1702 sua
1590 1651 1683 1712 24,
1735 1649 1821 1702 64.
1882 1650 1947 1701 cl.
1998 1665 2079 1715 ep.
2126 1649 2193 1698 ad

1256 1719 1429 1771 octav,
1470 1721 1515 1782 S.
1556 1719 1637 1770 10.
1677 1746 1745 1755 -
1774 1717 1917 1769 Decii
1951 1720 2051 1771 duo
2091 1717 2193 1768 l‘or-

1253 1797 1330 1838 tes
1365 1789 1485 1842 viri.
1520 1789 1583 1838 de
1616 1788 1701 1838 off.
1728 1787 1792 1850 3,
1826 1789 1889 1848 4,
1914 1787 1997 1842 16.
2032 1787 2096 1838 cl.
2121 1787 2190 1838 ib.

1256 1859 1282 1908 1
1299 1895 1314 1918 ,
1348 1857 1441 1920 18,
1465 1855 1551 1912 61.
1573 1883 1642 1893 -—
1662 1855 1784 1908 Cum
1805 1855 2001 1907 Latinis
2021 1857 2193 1907 decer-

1253 1936 1366 1977 tans
1395 1934 1540 1991 pater
1568 1927 1784 1987 Decius,
1825 1944 1937 1978 cum
1964 1927 2192 1977 Etruscis

1256 1996 1419 2059 filine,
1460 2012 1572 2045 cum
1610 1996 1801 2063 Pyrrho
1833 2012 1990 2061 nepos
2024 2012 2079 2046 se
2099 1996 2193 2061 ho-⁴

1253 2069 1407 2115 stium
1428 2064 1539 2114 telis
1561 2066 1880 2125 obiecerunt,
1910 2065 2115 2117 Tuscul.
2143 2064 2191 2126 1,

1256 2134 1338 2198 37,
1360 2134 1447 2187 89.
1484 2134 1545 2184 ci.
1572 2134 1639 2184 ib.
1677 2136 1738 2195 2,
1770 2136 1866 2198 24,
1890 2134 1978 2187 59.
2020 2134 2188 2187 defin.

1253 2204 1305 2265 5,
1327 2204 1412 2269 22,
1433 2202 1518 2254 64.
1542 2203 1759 2263 -Quae
1777 2204 1857 2254 vis
1878 2212 2073 2269 patrem
2091 2201 2193 2253 De·-

1253 2274 1416 2336 cium,
1470 2288 1601 2335 quae
1640 2272 1797 2323 filium
1853 2273 2035 2323 devota
2088 2273 2193 2321 vita

1253 2342 1465 2391 immisit
1496 2343 1545 2390 in
1586 2347 1806 2391 armatas
1843 2340 2067 2391 bostium
2108 2356 2192 2390 co-

1251 2410 1403 2475 pias?
1432 2409 1613 2473 parad.
1638 2410 1685 2469 1,
1706 2412 1757 2473 2,
1783 2410 1867 2461 12.

1184 2478 1248 2529 C.
1275 2474 1591 2541 Decimius,
1612 2478 1769 2525 Attici
1796 2474 2061 2525 familiaris
2079 2514 2093 2538 ,
2124 2476 2193 2527 ad

1253 2549 1355 2596 Att.
1383 2548 1463 2607 14,
1488 2546 1571 2606 16,
1598 2546 1677 2597 15.

1181 2614 1465 2667 Decimus.
1487 2617 1541 2665 P.
1566 2612 1773 2665 Clodius
1796 2612 1872 2679 (a.
1896 2630 1948 2665 u,
1973 2630 2018 2663 c.
2042 2613 2189 2679 697.)

1251 2686 1337 2735 vix
1366 2686 1469 2733 iam
1495 2683 1763 2733 Decimum
1796 2684 2190 2749 designatorem,

1249 2755 1341 2803 vix
1362 2752 1577 2804 Gellium
1597 2754 1803 2815 retinet,
1841 2752 1904 2803 a'd
1925 2756 2027 2806 Att.
2050 2755 2111 2821 4,
2138 2752 2188 2817 3,

1250 2824 1303 2875 2.
1338 2822 1403 2874 cf.
1429 2822 1493 2873 de
1512 2824 1663 2873 domo
1689 2838 1783 2874 sua
1804 2823 1887 2889 19,
1908 2822 1995 2877 50.

1181 2889 1408 2942 Decius.
1458 2893 1603 2943 Iocus
1641 2891 1939 2944 Lucilianus
1969 2893 2022 2942 in
2054 2906 2190 2952 eum,

1252 2960 1316 3011 de
1338 2968 1463 3015 orat.
1483 2962 1532 3025 2,
1555 2960 1644 3023 62,
1668 2958 1789 3015 253.

1182 3026 1391 3081 Decius
1412 3028 1717 3095 Campanus,
1739 3032 1791 3079 in
1808 3030 1984 3079 Pison.
2005 3027 2089 3088 11,
2104 3030 2189 3078 24.
2214 3074 2218 3079 .

1183 3095 1422 3164 Decius,
1454 3100 1511 3153 P.
1536 3098 1691 3149 Sestii
1709 3099 1947 3158 libet-tue,
1978 3098 2042 3147 ad
2062 3096 2185 3150 fam,

1253 3169 1305 3229 5,
1328 3169 1380 3229 6,
1403 3170 1449 3218 1.

1183 3235 1252 3287 Ρ.
1270 3235 1475 3286 Decius
1496 3235 1565 3300 Q.
1584 3232 1650 3284 F.
1666 3233 1815 3298 Mus,
1830 3234 2060 3284 tribunus
2079 3232 2185 3285 mil.

1256 3306 1351 3355 fuit
1371 3320 1418 3357 a.
1441 3320 1492 3358 u.
1516 3318 1559 3354 c.
1583 3304 1703 3353 411.
1719 3302 1917 3353 —Eius
1938 3303 2191 3351 somnium

1254 3376 1305 3423 in
1339 3372 1475 3423 bello
1502 3370 1809 3435 Samnitico,
1847 3372 1911 3422 de
1944 3372 2098 3421 divin.
2138 3371 2186 3431 1,

1256 3442 1351 3504 24,
1384 3441 1468 3493 51.
1502 3442 1575 3491 lb.
1601 3442 1663 3502 2,
1694 3440 1787 3501 66,
1825 3439 1939 3493 136.
1976 3466 2047 3475 -
2069 3442 2191 3490 Post
