2500 3850
333 201 451 265 126

393 369 759 420 Demosthenes
788 369 965 418 tribuit
994 375 1044 418 et
1064 369 1256 434 primas
1283 379 1334 418 et

394 439 643 489 secundas
667 445 715 486 et
747 439 921 488 tertias
952 439 1167 499 actioni,
1203 445 1330 490 orat.

396 508 493 568 17,
523 506 608 558 56.
645 506 709 555 cl.
746 507 809 556 de
840 513 965 555 orat.
990 503 1051 566 3,
1082 506 1175 564 56,
1206 505 1326 557 213.

390 576 532 625 Brut.
554 575 649 636 38,
673 576 789 628 142.
814 603 881 611 -
907 574 1263 624 Demosthenis
1283 582 1332 624 et

393 644 663 694 Aeschinis
702 644 1046 694 nobilissimas
1081 645 1330 694 orationes

394 718 525 762 inter
559 728 713 778 seque
760 713 1038 762 contrarias
1084 712 1330 762 convertit

394 783 595 844 Cicero,
618 783 682 831 de
702 790 805 848 opt.
828 797 943 848 gen.
968 796 1039 832 or.
1062 781 1123 841 5,
1154 781 1237 832 14.
1261 807 1328 818 --

392 851 757 902 Demosthenes
820 857 1142 915 eomparatur
1209 863 1327 898 cum

390 921 721 979 PacideianO,
755 919 827 968 Ib.
850 919 913 979 6,
940 919 1022 970 17.
1047 947 1117 958 -
1141 919 1326 968 Demo-

391 989 595 1038 sthenes
612 1001 715 1037 non
740 995 841 1036 tam
872 988 1022 1038 dicax
1052 987 1149 1036 fuit
1173 1002 1328 1050 quam

388 1057 600 1116 facetuS‚
613 1063 737 1105 orat.
750 1056 835 1116 26,
850 1055 934 1107 90.
948 1085 1014 1094 -
1026 1056 1325 1107 Demosthe-

387 1127 469 1175 nis
486 1125 718 1184 fulmina,
740 1130 866 1177 orat.
890 1124 973 1191 70,
998 1123 1328 1189 234.--Δη-

388 1188 711 1258 noco-{vove
740 1193 980 1254 fulmina,
1014 1197 1080 1244 ad
1108 1195 1215 1244 Att.
1238 1195 1324 1254 15,

388 1264 437 1315 1.
459 1263 541 1324 Β.,
564 1266 613 1314 2.
638 1289 708 1300 -
725 1263 1095 1315 Demosthenes
1115 1279 1327 1314 concur-

388 1335 584 1382 sionem
606 1331 854 1383 vocalium
882 1348 1071 1400 magna
1091 1348 1156 1383 ex
1180 1340 1326 1398 parte

389 1410 443 1452 ut
463 1403 698 1452 vitiosam
728 1401 891 1468 fugit,
920 1411 1045 1457 orat.
1077 1405 1177 1461 44,
1203 1402 1325 1451 151.

386 1502 457 1513 -
484 1474 541 1521 In
571 1473 854 1522 oratoribus
884 1471 1089 1523 Graecis
1119 1471 1322 1535 quidem

388 1541 684 1590 admirabile
739 1547 843 1604 est,
897 1549 1140 1605 quantum
1192 1541 1326 1589 inter

389 1623 563 1658 omnes
596 1623 729 1658 unus
760 1610 1002 1672 excellat,
1033 1616 1156 1659 orat.
1184 1609 1249 1670 2,
1270 1607 1321 1659 6.

386 1703 453 1712 -
488 1675 857 1726 Demosthenes
902 1679 1082 1728 clarior
1116 1683 1322 1744 propter

386 1745 687 1807 scriptorum
736 1744 1115 1797 multitudinem
1170 1761 1323 1810 quam

384 1811 629 1872 Pericles,
662 1813 727 1861 de
752 1820 880 1865 orat.
912 1814 972 1878 3,
1008 1814 1101 1874 19,
1133 1816 1217 1864 71.
1251 1839 1323 1852 —-

382 1879 748 1934 Demosthenes
762 1916 775 1940 ,
796 1881 1079 1947 Hyperides
1092 1917 1107 1942 ,
1130 1883 1322 1948 Lycur-

383 1966 507 2017 gus,
550 1949 833 2000 Aeschines
850 1987 865 2010 ,
916 1951 1199 2001 Dinarchus
1248 1973 1322 1987 -·

386 2035 559 2071 omnes
579 2020 633 2067 in
661 2020 840 2069 eodem
874 2021 1096 2070 veritatis
1116 2020 1318 2067 imitan-

384 2090 479 2138 dae
488 2102 672 2153 genere
684 2089 887 2149 versati,
904 2090 977 2138 Ib.
994 2092 1043 2151 2,
1059 2088 1146 2148 23,
1158 2086 1318 2137 94.-

379 2157 503 2205 Eius
528 2157 705 2206 laudes
725 2172 977 2213 summae,
1005 2165 1130 2208 orat.
1152 2158 1203 2216 7,
1224 2154 1312 2205 23.

379 2224 519 2274 Brut.
542 2224 593 2285 9,
615 2224 698 2275 35.
729 2226 793 2275 de
811 2232 935 2275 orat.
960 2226 1007 2285 1,
1034 2223 1114 2286 13,
1134 2224 1221 2275 58.
1243 2250 1318 2263 -··

379 2294 505 2345 Eius
528 2308 621 2359 pro
646 2292 967 2359 Ctesiphonte
987 2296 1143 2343 oratio
1163 2294 1315 2359 longe

382 2364 601 2429 optima,
624 2371 748 2413 orat.
771 2364 826 2426 8,
842 2362 927 2416 26.
944 2391 1011 2400 -
1025 2362 1315 2428 Reprehen-

381 2448 467 2483 sus
488 2433 540 2482 in
558 2434 863 2496 quibusdam
880 2434 943 2483 ab
953 2433 1223 2493 Aeschine,
1235 2433 1312 2483 Ib.

382 2529 446 2539 —
476 2501 840 2553 Demosthenes
864 2510 913 2553 et
934 2501 1213 2553 Aeschines
1240 2501 1315 2550 al-

379 2581 455 2619 ter
488 2571 633 2636 alteri
663 2572 836 2621 obiicit
871 2573 1012 2622 vocis
1046 2570 1312 2631 flexiones,

380 2641 458 2689 Ib.
487 2637 571 2699 18,
592 2640 679 2690 57.
704 2667 767 2677 -
790 2638 1061 2690 Aeschinis
1087 2641 1314 2705 lepidum

382 2708 569 2757 dictum
609 2708 672 2758 de
700 2707 1057 2759 Demosthenis
1088 2710 1314 2760 oratione

381 2777 445 2823 de
468 2790 677 2837 corona,
700 2774 763 2825 de
782 2784 906 2826 orat.
928 2776 980 2837 3,
1000 2778 1086 2838 56,
1108 2778 1229 2829 213.
1244 2804 1314 2816 -·

378 2842 741 2893 Demosthenes
768 2846 875 2894 vim
908 2845 1113 2905 habuit,
1149 2848 1223 2897 Ib.
1259 2846 1312 2911 3,

380 2912 429 2975 7,
456 2911 541 2966 28.
566 2938 635 2949 --·
661 2911 896 2963 Oratores
922 2914 1120 2964 laudari
1145 2915 1312 2975 video,

380 2982 427 3030 si
466 2981 553 3044 qui
590 2998 619 3031 e
653 2983 837 3032 nostris
867 2982 1174 3048 Hyperidem
1208 2986 1314 3031 siut

380 3056 468 3099 aut
494 3050 882 3101 Demosthenem
909 3051 1119 3114 imitati,
1149 3052 1312 3101 Acad-

377 3124 511 3184 post.
537 3120 586 3183 1,
609 3119 659 3181 3,
684 3118 1018 3171 10.-—Nemo
1044 3126 1121 3170 est
1144 3128 1313 3171 orator

381 3189 472 3250 qui
500 3204 556 3238 se
584 3189 911 3240 Demostheni
940 3190 1154 3240 similem
1185 3189 1312 3240 nolit

380 3270 511 3318 esse,
532 3258 596 3307 de
616 3266 719 3324 opt.
744 3274 863 3325 gen.
891 3273 965 3310 or.
986 3262 1035 3315 2,
1053 3257 1104 3310 6.
1127 3284 1197 3295 --
1214 3258 1312 3309 De-

380 3324 673 3376 mosthenes
709 3326 1059 3391 φιλιππίζειν
1078 3328 1314 3392 Pythiam

1106 211 1636 262 DEMOSTRATUS.

1475 383 1562 417 cae
1596 367 1948 426 nominantur,
1977 366 2155 415 enituit
2187 372 2233 412 et
2257 378 2310 414 se
2331 365 2391 413 ab

1471 437 1570 486 hoc
1593 435 1936 486 refractariolo
1966 433 2191 484 iudiciali
2218 447 2394 498 genere

1471 507 1728 565 abiunxit,
1761 512 1817 553 ut
1839 495 2168 568 σεμνότερός
2194 515 2276 558 τις
2303 496 2390 549 καὶ

1469 567 1900 639 πολιτικώτερος
1923 573 2188 635 videretur,
2211 570 2276 619 ad
2293 570 2386 618 Att.

1471 645 1532 702 2,
1569 644 1594 694 1
1609 679 1626 704 ,
1657 642 1708 696 3.
1729 669 1800 680 --
1815 642 1941 690 Eius
1961 643 2212 691 orationes
2230 645 2390 688 contra

1467 711 1752 776 Leptinem,
1776 710 2108 770 Aeschinem,
2127 722 2218 774 pro
2249 721 2392 762 causa

1468 779 1846 846 Ctesiphontis,
1881 787 2007 830 orat.
2045 778 2145 838 37,
2185 775 2294 828 111.
2327 799 2389 810 ·-

1465 850 1592 899 Eius
1608 849 1768 899 oratio
1789 850 1842 897 in
1855 847 2197 912 Ctesiphontis
2213 844 2390 892 iudicio

1466 920 1520 968 in
1541 933 1651 969 eam
1672 918 1887 968 formam
1902 955 1916 977 ,
1938 931 2074 979 quae
2093 923 2167 966 est
2184 915 2326 964 insita
2342 913 2390 960 in

1465 987 1719 1038 mentibus
1739 987 1925 1038 nostris
1940 1023 1955 1046 ,
1975 984 2172 1036 includi
2189 984 2264 1034 sic
2287 987 2388 1046 pot-

1467 1065 1570 1116 est,
1606 1065 1663 1107 ut
1691 1059 1851 1106 maior
1872 1055 2166 1118 eloquentia
2195 1065 2290 1102 non
2315 1064 2387 1097 re-

1467 1127 1728 1190 quiratur,
1761 1126 1835 1175 lb.
1861 1123 1949 1185 38,
1972 1123 2094 1178 133.
2130 1121 2196 1172 cf.
2227 1122 2285 1171 de
2313 1133 2388 1166 ea-

1467 1195 1584 1244 dem
1611 1195 1838 1244 oratione
1872 1193 1925 1242 in
1954 1193 2164 1257 primis,
2205 1190 2265 1239 de
2293 1194 2384 1250 opt.

1465 1278 1582 1328 gen.
1623 1278 1695 1313 or.
1727 1264 1788 1322 7,
1829 1261 1910 1312 19.
1932 1287 1999 1297 —-
2028 1259 2387 1313 Sententiarum

1465 1333 1772 1382 ornamentis
1796 1331 2207 1394 frequentissime
2226 1327 2385 1382 utitur,

1463 1408 1590 1451 orat.
1623 1399 1718 1466 39,
1750 1399 1870 1453 136.
1899 1426 1969 1436 -
1995 1399 2220 1450 Platonis
2250 1393 2389 1444 disci-

1460 1471 1606 1536 plina
1623 1485 1748 1520 usus
1769 1477 1874 1530 est,
1896 1468 2038 1522 Brut.
2059 1467 2126 1520 31
2142 1505 2155 1526 ,
2178 1466 2292 1516 121.
2329 1461 2386 1510 de

1464 1548 1590 1592 orat.
1616 1541 1674 1601 1,
1705 1539 1802 1600 20,
1833 1535 1922 1592 89.
1964 1545 2093 1588 orat.
2124 1539 2190 1596 4,
2227 1533 2304 1584 15.
2327 1555 2388 1564 —-

1460 1609 1720 1660 Laudatus
1757 1623 1788 1658 a
1823 1606 2153 1666 Menedemo,
2201 1602 2386 1652 rhetore
2446 1601 2459 1608 “

1461 1677 1790 1737 Atheniensi,
1829 1677 1896 1726 de
1929 1682 2054 1726 orat:
2091 1677 2148 1735 1,
2181 1672 2274 1735 19,
2305 1667 2382 1720 88.

1462 1746 1829 1796 Demosthenes
1874 1752 2010 1794 certe
2053 1741 2222 1808 potuit
2261 1753 2382 1788 sum·

1449 1817 1620 1864 misse
1657 1815 1854 1873 dicere,
1909 1813 2041 1862 elate
2077 1813 2259 1877 Lysias
2295 1807 2386 1856 for-

1460 1889 1597 1932 tasse
1622 1887 1722 1931 no'n
1740 1881 1933 1946 potuit,
1961 1881 2026 1932 de
2047 1889 2155 1946 opt.
2181 1893 2298 1945 gen.
2317 1890 2380 1926 or.

1456 1952 1507 2012 4,
1530 1949 1612 2000 10.
1634 1978 1700 1987 -
1721 1950 2003 1999 Atticorum
2033 1954 2290 1998 oratorum
2317 1945 2386 1995 fa·

1457 2019 1557 2069 cile
1583 2019 1834 2083 princeps,
1857 2018 1930 2067 lb.
1956 2019 2010 2077 4,
2031 2016 2382 2069 13.—-Demo-

1457 2088 1686 2139 sthenem
1716 2088 1976 2137 existimat
1995 2086 2169 2138 Cicero
2183 2122 2198 2151 ,
2221 2087 2267 2134 si
2285 2083 2382 2144 illa,

1457 2171 1585 2220 quae
1601 2172 1630 2207 a
1644 2156 1851 2206 Platone
1865 2156 2130 2220 didicerat,
2150 2154 2385 2203 tenuisset

1456 2235 1505 2276 et
1539 2226 1876 2292 pronunciare
1909 2225 2184 2285 voluisset,
2219 2227 2385 2272 ornate

1457 2294 1824 2361 splendideque
1847 2294 2015 2344 faeere
2035 2294 2262 2359 potuisse
2276 2327 2291 2352 ,
2327 2288 2386 2338 de

1455 2365 1539 2417 off.
1564 2365 1611 2429 1,
1633 2364 1660 2415 1
1676 2402 1690 2426 ‚
1720 2367 1772 2415 4.
1796 2392 1862 2401 -
1885 2363 2250 2414 Demosthenes
2269 2355 2386 2408 nihil

1453 2434 1634 2500 Lysiae
1657 2433 1934 2485 subtilitate
1957 2433 2120 2490 cedit,
2154 2428 2279 2479 nihil
2309 2442 2383 2475 ar·-

1451 2504 1610 2569 gutiis
1629 2508 1678 2553 et
1715 2505 1946 2553 acumine
1975 2500 2243 2567 Hyperidi,
2265 2493 2384 2545 nihil

1455 2574 1690 2623 laevitate
1729 2572 1974 2622 Aeschini
2021 2579 2073 2620 et
2117 2566 2383 2634 splendore

1453 2643 1722 2692 verborum
1737 2677 1752 2705 ,
1774 2648 1902 2694 orat.
1925 2640 2010 2703 31,
2034 2639 2150 2690 110.
2169 2665 2239 2675 -
2257 2630 2383 2692 Quid

1455 2718 1530 2761 est
1542 2718 1644 2759 tam
1663 2709 1910 2759 dissimile
1927 2723 2077 2771 quam
2091 2702 2382 2756 Demosthe-

1452 2793 1543 2828 nes
1563 2785 1614 2827 et
1633 2778 1842 2843 Lysias,
1872 2792 2024 2840 quam
2044 2777 2197 2827 iidem
2226 2774 2381 2838 Hype-

1452 2848 1591 2897 rides
1607 2882 1622 2910 ,
1655 2862 1806 2909 qnam
1829 2848 2056 2895 omnium
2086 2845 2264 2897 horum
2288 2843 2382 2889 Ae·

1452 2915 1652 2965 schines
1669 2916 1694 2963 ’.θ
1716 2915 1852 2965 Brut.
1877 2915 1962 2978 82,
1987 2915 2108 2967 285.
2133 2942 2199 2950 -
2221 2912 2380 2971 Quum

1452 2984 1820 3035 Demosthenes
1839 2984 2066 3034 dicturus
2085 2990 2217 3034 esset
2231 3016 2246 3044 ,
2268 2989 2380 3028 con-

1454 3068 1634 3105 cursus
1687 3053 1928 3103 audiendi
1969 3067 2124 3101 causa
2170 3066 2234 3101 ex
2279 3050 2382 3095 tota·
2478 3084 2479 3109 Ξ

1453 3120 1660 3173 Graecia
1690 3123 1900 3181 flebant,
1935 3121 2010 3171 lb.
2039 3121 2132 3184 84,
2166 3116 2284 3170 289.
2315 3137 2376 3149 -·

1450 3191 1816 3242 Demosthenes
1837 3190 1996 3241 officit
2012 3190 2216 3253 Lysiae,
2242 3185 2370 3234 Brut·
2478 3206 2479 3251 ἦ

1451 3259 1535 3325 17,
1561 3260 1645 3313 66.
1685 3261 1754 3313 cf.
1778 3256 1980 3308 Tuscul.
2013 3258 2068 3317 1,
2099 3257 2162 3322 5,
2200 3254 2280 3307 10.
2318 3250 2376 3299 ᾶθ

1449 3329 1533 3380 off.
1555 3331 1606 3388 2,
1631 3329 1710 3392 13,
1729 3330 1817 3379 47.

378 3392 604 3456 dicebat,
635 3396 698 3445 <ie
721 3396 879 3447 divin.
901 3398 1078 3457 2,57,
1101 3396 1221 3448 118.
1242 3424 1312 3436 -
1378 3399 1803 3461 Demostratus,
1834 3395 1922 3445 on.
1947 3392 2145 3445 omenti
2167 3388 2376 3444 Nasonis
2478 3358 2479 3407 ³

378 3460 435 3510 In
456 3462 521 3510 iis
541 3464 853 3516 orationibus
869 3502 884 3528 ,
909 3481 1041 3529 quae
1060 3466 1311 3533 Philippi-

1447 3468 1687 3529 libertus,
1711 3466 1776 3517 ad
1796 3463 1918 3517 fam.
1948 3462 2031 3530 13,
2056 3460 2142 3517 33.
