2500 3850
843 183 907 241 Q.
942 182 1168 230 P1L1us
1198 205 1284 213 —
1316 182 1556 231 PISCIS.

160 341 235 407 Q.
258 336 465 401 Pilius,
488 338 803 401 propinquus
828 336 1000 399 Piliae,
1025 338 1177 387 Attici

234 408 413 457 uxoris
429 442 444 469 ,
478 406 545 455 ad
566 404 835 455 Caesarem
852 407 1109 469 profectus
1130 424 1177 459 a.

234 494 284 529 u.
310 493 353 525 c.
379 475 499 526 700.
520 509 535 536 ,
562 475 628 523 ad
646 474 751 524 Att.
773 478 823 533 4,
851 476 931 539 17,
956 476 1004 527 3.

160 544 325 597 Pilus
343 582 357 608 ,
378 546 461 594 vir
480 544 654 609 gravis
684 550 734 591 et·
752 551 987 594 constans
1000 582 1016 604 ,
1046 548 1177 611 opti-

234 628 431 663 marum
454 615 507 661 in
524 628 581 661 re
604 612 812 677 publica
830 617 1071 677 partium,
1094 630 1173 679 ep.

232 684 301 733 ad
323 683 461 731 Brut.
489 682 539 741 2,
564 683 615 731 7.

160 749 384 803 Pinarii
420 750 644 801 Nattae.
686 750 927 815 ‘Species
962 766 1025 799 ex
1058 766 1177 800 aere

231 828 379 871 vetus
415 834 764 884 generosaque
802 818 979 869 Nattae
1011 821 1176 869 conci-

234 890 339 940 dit’
364 888 577 937 fulmine
596 890 697 937 icta
713 924 726 950 ‚
751 890 814 937 de
836 888 995 937 divin.
1021 888 1067 949 1,
1092 889 1173 948 12,

236 957 319 1007 19.
354 958 426 1005 Ib.
454 956 501 1016 1,
524 960 571 1012 2,
594 958 677 1019 20,
700 959 785 1007 45.
813 958 884 1005 lb.
912 957 957 1017 l,
978 957 1063 1018 21,
1083 960 1170 1009 47².

161 1027 226 1078 1..
266 1022 529 1075 Pinarius
571 1024 767 1087 Natta,
810 1027 959 1075 frater
998 1028 1174 1076 uxoris

235 1094 429 1157 Clodii,
479 1094 710 1158 pontifex
726 1132 737 1143 .
793 1096 854 1145 de
894 1096 1045 1145 domo
1082 1111 1175 1144 sua

231 1163 329 1226 45,
352 1164 383 1211 ·1
398 1162 477 1212 18.
513 1188 583 1199 --·
612 1156 881 1227 Privignus
916 1166 1171 1227 Murenae,

232 1232 307 1283 Ib.
329 1232 396 1281 52
412 1268 428 1295 ‚
452 1231 570 1285 134.
592 1258 659 1269 —
686 1232 891 1283 Summo
917 1235 1028 1283 loco
1050 1235 1171 1283 ado·

233 1302 455 1364 lescens,
490 1316 579 1365 pro
601 1303 729 1351 Mur.
754 1301 852 1362 35,
876 1303 957 1354 73.
980 1328 1050 1339 ·—
1072 1302 1173 1351 Ex-

154 1397 167 1409 -
238 1384 361 1419 osus
381 1366 634 1428 Ciceroni,
666 1372 729 1419 ad
754 1372 851 1418 Att.
875 1373 924 1428 4,
945 1372 979 1421 8
997 1372 1046 1420 b.
1070 1372 1119 1422 3.

162 1437 245 1489 Μ.
259 1435 520 1487 Pinarius
534 1436 739 1489 Rusca.
757 1466 822 1475 —
838 1440 1005 1489 Rusca
1020 1456 1173 1502 quum

234 1508 401 1571 legem
434 1507 583 1556 ferret
615 1506 877 1567 annalem,
918 1510 1176 1559 dissuasor

232 1576 302 1628 M.
328 1574 607 1625 Servilius:
638 1583 654 1609 ἱ·
674 1578 761 1625 Dic
792 1576 918 1627 mihi
932 1582 963 1641 ⁹,
994 1578 1174 1640 inquit,

233 1645 331 1692 ‘M
372 1646 567 1707 Pinari,
607 1647 652 1696 si
681 1655 857 1695 contra
890 1655 940 1696 te
980 1648 1172 1706 dixero,

234 1712 360 1762 mihi
387 1714 517 1763 male
537 1715 765 1765 dicturus
786 1731 840 1765 es
856 1752 869 1775 ,
893 1724 946 1764 ut
966 1716 1175 1766 caeteris

230 1782 468 1831 fecisti?’
503 1810 567 1819 --
601 1784 695 1834 ‘Ut
736 1793 1013 1835 sementem
1039 1784 1176 1835 fece-

230 1853 340 1913 ris,
373 1852 446 1901 ita
482 1858 689 1917 metes’,
727 1854 919 1916 inquit,
955 1855 1019 1903 de
1046 1862 1171 1903 orat.

232 1922 288 1980 2,
314 1919 401 1980 65,
422 1920 539 1972 261.
628 1928 636 1935 ’

164 1987 227 2038 Ρ.
267 1987 531 2039 Pinarius
571 1989 629 2038 L.
660 1991 895 2054 Papirius
938 2006 1174 2042 censores

234 2073 281 2110 a.
298 2075 349 2108 u.
370 2075 413 2111 c.
438 2057 577 2116 321„
597 2059 801 2109 mulctis
819 2062 1051 2112 dicendis
1070 2061 1173 2110 vini
1243 2080 1247 2086 ·

235 2135 575 2179 armentorum
606 2143 637 2176 a
662 2130 877 2192 privatis
916 2132 966 2178 in
1002 2129 1175 2196 publi-

234 2211 351 2245 cum
376 2203 675 2258 averterunt,
703 2197 765 2246 de
783 2213 824 2245 r.
838 2213 891 2261 p.
910 2195 1064 2264 235,
1082 2199 1171 2249 60.

170 2262 235 2312 Τ.
256 2260 527 2313 Pinarius
545 2299 559 2325 ,
581 2265 759 2313 irrisus
779 2281 811 2314 a
828 2265 881 2315 C.
905 2267 1027 2316 Iulio
1053 2267 1175 2317 Cae-

232 2348 345 2382 sare
367 2330 632 2394 Strabone,
652 2334 718 2382 de
738 2341 863 2382 orat.
880 2336 931 2393 2,
950 2335 1035 2395 66,
1050 2335 1173 2390 266.

166 2399 235 2450 Τ.
254 2397 542 2452 Pinarius.
558 2401 769 2450 -Enm
795 2401 1020 2453 Ciceroni
1040 2419 1175 2454 com-

234 2471 524 2520 mendatum
544 2471 607 2518 ab
620 2470 786 2521 Attico
806 2470 1069 2522 Deiotarus
1088 2488 1175 2522 cu-

233 2547 310 2587 rat
330 2553 540 2604 aegrum
557 2576 570 2599 ,
592 2541 659 2589 ad
684 2540 788 2588 Att.
811 2539 861 2602 6,
886 2540 912 2588 1
930 2577 944 2601 ,
972 2540 1055 2591 23.
1096 2543 1170 2590 Ib.

235 2609 287 2670 8,
309 2607 393 2670 15,
418 2609 465 2656 1.
484 2634 548 2644 --
571 2608 624 2656 T.
647 2607 899 2670 PinariuS,
920 2609 1174 2660 Ciceronis

235 2676 529 2741 familiaris,
569 2679 657 2739 qui
691 2689 929 2744 procurat
954 2681 1173 2729 rationes

235 2742 538 2810 negotiaque
564 2746 825 2812 Dionysii,
854 2749 1173 2804 commenda-

235 2823 315 2861 tur
347 2813 403 2872 Q.
431 2811 693 2866 Cornificio
714 2831 759 2868 a.
782 2831 832 2866 u.
857 2833 901 2868 c.
924 2817 1041 2869 711.
1058 2855 1071 2877 ,
1107 2818 1175 2868 ad

235 2881 355 2930 fam.
398 2881 491 2943 12,
528 2883 623 2944 24,
666 2883 717 2934 3.
757 2911 823 2921 -
852 2885 907 2936 T.
943 2886 1173 2936 Pinarius

236 2950 484 3002 amabiles
504 2952 571 3000 ad
591 2951 880 3004 Ciceronem
906 2956 969 3005 de
988 2954 1046 3013 Q.
1068 2955 1171 3006 fra-

234 3027 308 3068 tre
335 3019 527 3070 litteras
554 3021 739 3086 mittit,
774 3040 829 3074 se
850 3026 1071 3074 maxime
1090 3025 1171 3074 lit-

234 3089 359 3136 teris
376 3125 390 3147 ,
422 3091 737 3158 sermonibus
754 3129 769 3154 ,
794 3094 932 3142 cenis
952 3095 1171 3158 denique

236 3157 297 3215 Q.
324 3155 579 3208 Ciceronis
612 3160 876 3225 delectari,
910 3163 977 3213 ad
1009 3163 1069 3222 Q.
1102 3163 1169 3214 fr.

234 3223 294 3282 3,
320 3226 376 3289 1,
399 3225 451 3279 6.
472 3229 521 3289 S.
544 3229 629 3282 22.
649 3267 663 3290 ,
682 3232 771 3281 ubi
800 3246 931 3280 uuus
950 3247 1170 3282 comme-

236 3303 458 3344 moratur
476 3297 587 3346 eius
607 3297 777 3348 frater.

171 3358 457 3413 Pindarus.
488 3365 637 3415 ’Eius
686 3367 1055 3431 fragmentum,
1104 3367 1173 3416 ad
1198 3405 1213 3411 -

238 3433 337 3479 Att.
366 3433 447 3492 13,
468 3429 563 3494 38,
584 3436 635 3486 2.
656 3463 723 3472 -
752 3436 871 3486 Eius
888 3434 1171 3484 versiculus

2135 173 2256 237 295

1322 340 1393 387 lb.
1418 340 1499 398 12,
1523 338 1572 397 5,
1594 338 1640 386 1.
1681 346 1804 388 orat.
1829 340 1854 389 1
1873 378 1888 402 ,
1923 344 1974 391 4.
2016 342 2078 391 de
2097 341 2181 394 fin.
2204 346 2254 410 2,

1321 406 1409 470 34,
1434 407 1548 456 115.

1248 474 1528 527 Pindarus
1565 490 1746 525 servus
1784 478 1860 526 vel
1893 478 2141 541 Rhenus,
2193 484 2253 531 ad

1317 546 1420 593 Att.
1447 544 1526 605 16,
1552 544 1600 605 1,
1627 544 1676 597 5.

1247 610 1648 676 Pindenissus,
1697 613 1942 677 oppidum
1979 619 2253 669 munitissi-

1317 698 1454 731 mum
1475 681 1950 733 Eleutherocilicum
1972 700 2002 734 a
2018 684 2254 738 Cicerone

1317 760 1590 816 captum-a.
1619 766 1672 799 u.
1705 768 1750 801 c.
1787 752 1938 815 703„
1969 754 2035 803 ad
2061 755 2167 807 Att.
2203 758 2251 818 5,

1317 820 1412 881 20,
1451 820 1502 872 5.
1535 848 1606 859 -
1633 820 1833 870 Incolae
1868 824 2252 890 Pindenissitae,

1316 890 1392 939 lb.
1413 889 1464 950 5,
1487 889 1572 949 20,
1596 888 1645 939 1.
1685 891 1758 940 Ib.
1779 890 1839 949 6,
1864 892 1889 940 1
1909 928 1922 951 ,
1953 894 2002 943 9.
2043 894 2108 943 ad
2130 895 2249 945 fam.

1315 962 1364 1015 2,
1387 957 1471 1023 10,
1493 959 1545 1009 3.
1588 960 1660 1007 lb.
1687 960 1768 1023 15,
1794 960 1844 1018 4,
1867 960 1932 1012 10
1951 977 2063 1024 sqq.

1243 1024 1569 1077 Pinnenses.
1603 1054 1671 1064 —
1693 1030 1892 1078 Vestini
1919 1030 2194 1080 Pinnenses
2225 1047 2254 1079 a

1312 1098 1499 1159 Pinna,
1535 1110 1708 1146 eorum
1738 1100 1954 1163 oppido,
1988 1100 2138 1150 hodie
2173 1100 2252 1151 02·-

1311 1169 1413 1215 vz'ta
1437 1167 1491 1215 di
1508 1166 1713 1225 Penna,
1741 1169 1806 1216 ad
1834 1166 1944 1216 Her.
1969 1170 2028 1228 2,
2057 1169 2142 1231 28,
2165 1168 2250 1219 45.

1247 1233 1316 1283 T.
1362 1232 1596 1284 Pinnius
1613 1271 1626 1298 ,
1667 1236 1935 1285 familiaris
1974 1237 2250 1291 Ciceronis,

1314 1330 1380 1340 -
1421 1304 1732 1352 Adolescens
1773 1307 2153 1355 commendatur
2192 1308 2248 1355 P.

1314 1372 1473 1429 Silio,
1495 1374 1560 1420 ad
1593 1372 1712 1423 fam.
1737 1371 1819 1430 13,
1840 1372 1926 1421 61.

1244 1439 1404 1505 Pipa,
1429 1440 1756 1491 Aeschrionis
1778 1440 2083 1505 Syracusani
2106 1456 2252 1504 uxor,

1317 1508 1370 1557 C.
1395 1510 1566 1558 Verris
1587 1510 1766 1569 amica,
1787 1510 1930 1559 Verr.
1958 1517 2179 1563 accusat.
2203 1510 2252 1569 3,

1315 1576 1400 1637 33,
1421 1578 1504 1627 77.
1545 1577 1615 1625 Ib.
1639 1577 1686 1639 5,
1710 1577 1794 1637 31,
1813 1577 1898 1630 81.

1246 1646 1520 1695 Piraeeus
1559 1647 1858 1710 magnificus
1884 1655 2060 1712 portus
2095 1646 2253 1695 Athe-

1317 1728 1524 1779 narum,
1559 1716 1682 1767 der.
1717 1731 1769 1780 p.
1803 1714 1982 1779 3,32‚
2020 1718 2101 1766 14.
2125 1716 2251 1763 -Ε

1316 1784 1522 1833 Piraeeo
1559 1784 1845 1846 eloquentia
1877 1792 2048 1837 evecta
2080 1800 2254 1834 omnes

1318 1854 1611 1917 peragravit
1629 1854 1824 1903 insulas
1855 1861 2003 1917 atque
2025 1856 2252 1919 peregri-

1319 1931 1433 1971 nata
1459 1930 1564 1972 tota
1597 1922 1718 1972 Asia
1752 1930 1852 1985 est,
1885 1923 2023 1974 Brut.
2050 1925 2113 1974 13
2131 1963 2143 1984 ,
2169 1925 2252 1973 51.

1317 2018 1378 2026 ·-
1403 1993 1640 2040 Piraeeus
1661 1999 1940 2054 prostratus
1961 1999 2010 2040 et
2039 1993 2252 2051 dirutuS,

1315 2061 1382 2109 ad
1416 2059 1534 2109 fam.
1570 2061 1631 2120 4,
1670 2062 1728 2120 5,
1759 2062 1810 2110 4.
1845 2087 1912 2098 -
1945 2061 2027 2108 ‘In
2048 2061 2253 2109 Piraeea

1315 2145 1468 2192 quum
1503 2131 1722 2178 exissem
1748 2139 1842 2180 etc.
1863 2133 1880 2161 ⁹
1902 2131 1959 2180 Id
1990 2145 2020 2178 a
2051 2145 2104 2178 se
2133 2131 2253 2179 scri-

1313 2207 1455 2263 ptum
1487 2199 1814 2263 reprehendit
1845 2199 2015 2251 Cicero
2057 2207 2105 2250 et
2133 2199 2254 2249 dicit
2338 2195 2342 2202 ’

1313 2267 1577 2316 Piraeeum
1605 2276 1653 2316 et
1679 2270 1788 2319 sine
1805 2271 1857 2318 in
1878 2270 2254 2334 praepositione

1315 2337 1583 2386 dicendum
1606 2337 1792 2400 fuisse,
1815 2339 1882 2387 ad
1901 2340 2008 2388 Att.
2033 2338 2096 2396 6,
2123 2338 2175 2397 9,
2201 2339 2246 2388 1.

1313 2407 1386 2454 Ib.
1409 2405 1456 2461 7,
1477 2405 1634 2466 3,10.
1677 2407 1738 2454 de
1759 2406 1843 2456 off.
1866 2406 1916 2470 3,
1941 2406 2022 2464 11,
2041 2407 2126 2456 46.

1244 2471 1478 2536 Pirene,
1519 2468 1774 2537 Πειρήνη
1818 2474 1930 2524 sons
1967 2475 2252 2524 uberrimus

1316 2541 1568 2602 Corinthi,
1589 2543 1653 2591 ad
1673 2543 1774 2592 Au.
1799 2543 1880 2606 12,
1903 2543 1952 2607 5,
1980 2544 2026 2592 1.

1242 2609 1442 2675 Pisae,
1473 2611 1702 2662 Etruriae
1732 2613 1878 2673 urbS,
1911 2613 1976 2660 ad
2006 2611 2063 2670 Q.
2102 2613 2161 2662 fr.
2199 2614 2250 2676 2,

1314 2681 1363 2742 5,
1385 2678 1416 2730 3
1465 2679 1515 2738 6,
1541 2681 1572 2728 2
1607 2721 1616 2732 .

1242 2677 1596 2814 Pisaursum)
1614 2749 1857 2815 oppidum
1883 2749 2122 2801 Umbriae
2145 2767 2252 2802 ma·

1314 2819 1534 2867 citimum
1573 2819 1626 2868 in
1671 2817 1864 2870 Gallico
1913 2835 2064 2887 agro,
2116 2821 2254 2884 quod

1313 2887 1702 2952 praeterlabitur
1719 2889 1907 2940 fluvius
1930 2891 2250 2955 cognominis

1311 2957 1583 3018 PisauruS,
1614 2957 1766 3008 hodie
1794 2959 2009 3008 Pesaro.
2049 2957 2252 3007 Incolae

1310 3025 1668 3086 PisaurenseS,
1707 3041 1799 3090 pro
1839 3025 1971 3077 Sest.
1999 3027 2060 3084 4,
2096 3025 2149 3075 9.
2185 3050 2252 3063 --

1309 3093 1575 3144 Pisaurum
1597 3103 1895 3158 occupatum
1917 3109 1944 3141 a
1967 3093 2182 3143 Caesare
2201 3107 2247 3142 a.

1311 3179 1364 3216 u.
1389 3179 1434 3215 c.
1458 3163 1576 3213 705.
1594 3199 1609 3225 ,
1645 3163 1710 3212 ad
1738 3162 1860 3212 fam.
1883 3161 1965 3227 16,
1990 3162 2070 3224 12,
2103 3163 2150 3212 2.
2185 3161 2254 3214 ad.

1315 3232 1421 3283 Att.
1445 3233 1496 3291 2,
1519 3233 1567 3291 7,
1592 3227 1642 3278 3.
1682 3229 1904 3293 Philipp.
1931 3229 2022 3289 13,
2047 3230 2137 3293 12,
2161 3229 2248 3284 26.

1240 3295 1466 3360 Pisces,
1503 3297 1670 3358 sidus,
1713 3298 1854 3346 Arat.
1887 3315 1938 3348 v.
1970 3297 2093 3348 246.
2127 3299 2248 3350 290.

1311 3365 1432 3414 413.
1470 3365 1532 3414 de
1552 3380 1602 3417 n.
1623 3366 1675 3414 d.
1703 3367 1754 3427 2,
1772 3368 1858 3424 44,
1882 3367 1998 3416 114.

1241 3430 1424 3485 Piscis
1445 3433 1694 3498 australis,
1717 3436 1878 3496 sidae,
1900 3437 2041 3484 Arat.
2067 3452 2111 3486 v.
2126 3433 2247 3486 411.
