2500 3850
322 130 444 192 300

389 300 439 355 2,
465 297 544 357 11,
567 297 649 346 22.
677 297 750 347 Ι1).
775 298 826 355 2,
846 295 930 361 29,
955 296 1038 345 51.
1068 297 1140 345 11).
1165 296 1214 356 2,
1237 292 1323 360 30,

389 369 472 417 52.
529 366 602 415 Ib.
637 367 698 425 4,
738 366 770 414 5
790 402 804 424 ,
845 365 896 417 5.
941 390 998 399 -
1040 362 1326 427 Disciplina

386 434 629 499 puerine,
653 448 804 496 quam
828 434 877 481 in
899 430 1166 499 Πολιτείᾳ
1187 448 1324 481 com-

386 505 610 563 mendat,
629 501 954 567 reprehensa,
979 502 1042 551 de
1062 518 1103 549 r.
1125 517 1177 567 p.
1199 503 1251 563 4,
1274 503 1324 560 4,

385 574 634 623 4.—Ite1n
657 572 942 621 communio
962 572 1226 629 bonorum,
1243 571 1319 622 Ib.

385 644 449 704 4,
477 642 540 703 5,
571 642 622 691 5.
645 667 716 678 ·—-
735 640 841 699 Quo
871 640 1019 689 modo
1043 639 1323 705 Cephalum

387 712 673 775 loquentem
696 710 953 757 induxerit
972 710 1023 757 in
1036 704 1322 775 Πολιτείᾳ,

387 782 452 829 ad
471 780 574 829 Att.
609 780 671 840 4,
707 778 798 835 16,
829 777 879 831 3.
905 804 966 813 -
992 777 1159 843 Gyges
1181 778 1242 825 ab
1265 792 1323 826 eo

385 849 651 911 inductus,
676 848 737 895 de
766 847 848 895 off.
874 844 932 911 3,
968 848 1027 907 9,
1052 847 1134 899 38.
1173 848 1246 897 lb.
1270 846 1321 907 3,

388 916 480 977 19,
517 918 601 968 78.
627 944 696 953 —
727 916 888 964 Locus
918 931 982 965 ex
1013 916 1218 980 Politia,
1261 916 1324 964 de

388 988 546 1037 divin.
572 985 626 1037 1,
665 984 758 1042 29,
790 985 873 1037 60.
900 1012 965 1020 -
985 984 1207 1035 Platonis
1230 984 1324 1033 ali-

387 1063 507 1117 quot
544 1062 812 1117 praecepta
853 1055 915 1101 iis
950 1054 1194 1117 tenenda,
1235 1054 1322 1115 qui

387 1126 459 1172 rei
495 1123 634 1187 publ.
661 1122 940 1189 praefuturi
962 1130 1105 1182 sunt,
1142 1123 1204 1172 de
1233 1120 1319 1171 off.

388 1194 434 1251 1,
456 1192 540 1254 25,
565 1191 629 1241 85
650 1200 698 1241 et
719 1191 802 1244 87.
829 1220 893 1226 —
916 1193 962 1239 A
982 1192 1187 1241 Platone
1206 1191 1321 1255 phiae

384 1260 719 1325 losophiaque
757 1277 811 1309 se
846 1261 1085 1310 didicisse
1118 1268 1322 1310 natura-

387 1330 460 1378 les
509 1345 622 1379 esse
671 1330 918 1392 quasdam
963 1333 1320 1379 conversiones

383 1413 548 1447 rerum
575 1400 922 1462 publicarum,
955 1408 1009 1447 ut
1040 1415 1128 1449 eae
1157 1406 1263 1447 tum
1292 1413 1322 1447 a

383 1468 700 1531 principibus
721 1476 1031 1529 tenerentur,
1051 1477 1160 1518 tum
1178 1484 1208 1521 a
1227 1481 1321 1532 po-

385 1534 523 1599 pulis
540 1573 553 1593 ,
602 1536 870 1598 aliquando
909 1551 939 1585 a
973 1537 1188 1602 siugulis
1204 1576 1216 1596 ,
1258 1537 1320 1585 de

384 1604 540 1655 divin.
565 1605 624 1664 2,
649 1605 704 1667 2,
730 1604 781 1657 6.
803 1631 872 1641 -—
891 1605 1029 1656 Plato
1052 1608 1190 1655 iubet
1210 1613 1319 1653 tan-

367 1681 489 1719 ·tum
517 1672 814 1721 contendere
845 1676 895 1721 in
916 1689 970 1721 re
991 1675 1130 1737 publ.
1155 1688 1319 1737 quan-

381 1747 486 1787 tum
519 1741 737 1803 probare
765 1743 866 1790 tuis
902 1743 1097 1791 civibus
1127 1744 1315 1806 possis,

382 1809 480 1855 vim
502 1822 664 1869 neque
682 1812 881 1872 parenti
900 1826 991 1859 nec
1012 1813 1207 1875 patriae
1227 1812 1319 1862 ad-

381 1876 512 1926 ferre
533 1887 788 1943 oportere,
813 1880 876 1930 ad
898 1878 1019 1928 fam.
1047 1880 1102 1941 1,
1135 1879 1194 1941 9,
1230 1880 1314 1934 18.

381 1948 610 1996 —Recte
629 1951 810 2014 poetae
833 1965 862 1998 a
878 1949 1084 2000 Platone
1107 1951 1319 2000 eiiciun-

379 2025 460 2064 tur
481 2033 544 2066 ex
563 2032 620 2066 ea
640 2019 1028 2081 civitate,quam
1047 2019 1192 2068 finxit
1210 2018 1317 2078 ille,

381 2099 535 2146 quum
555 2088 774 2150 optimos
796 2103 962 2137 mores
991 2095 1038 2136 et
1071 2089 1318 2152 optimum

381 2154 456 2200 rei
481 2153 623 2216 publ.
651 2162 835 2204 statum
869 2157 1182 2218 exquireret,
1215 2157 1319 2204 Tu-

381 2221 508 2269 scul.
540 2223 601 2280 2,
635 2223 728 2284 11,
761 2225 845 2275 27.
877 2251 942 2260 -
978 2225 1115 2274 Plato
1147 2233 1318 2274 censet

379 2289 507 2338 nihil
526 2297 628 2339 tam
649 2291 799 2342 facile
819 2294 870 2341 in
903 2295 1097 2345 animos
1117 2303 1318 2344 teneros

379 2367 528 2422 atque
547 2360 726 2410 molles
748 2363 958 2413 influere
979 2379 1126 2428 quam
1146 2364 1317 2414 varios

381 2430 595 2479 canendi
615 2445 767 2481 sonos
788 2440 914 2494 etc.,
938 2433 1000 2483 de
1021 2432 1122 2498 leg.
1144 2435 1177 2482 2
1193 2471 1207 2494 ,
1231 2433 1315 2493 15,

377 2497 463 2550 38.
501 2500 578 2549 lb.
601 2497 650 2559 3,
675 2500 758 2562 14,
779 2501 863 2553 32.
887 2530 952 2538 -—
975 2503 1096 2552 Eius
1114 2509 1316 2551 senten-

376 2569 449 2616 tia
469 2568 530 2616 de
552 2568 698 2617 donis
719 2572 1018 2634 impiorum,
1051 2571 1126 2623 11).
1149 2569 1208 2633 3,
1233 2570 1315 2629 16,

375 2636 460 2684 41.
483 2662 549 2670 -
567 2635 792 2688 Platonis
821 2640 1010 2688 dictum
1042 2640 1104 2688 de
1140 2640 1313 2688 demo-

378 2705 534 2752 cratia
573 2712 621 2752 et
656 2707 958 2768 tyrannide,
1003 2708 1066 2756 de
1097 2723 1140 2755 r.
1173 2723 1224 2771 p.
1262 2709 1308 2768 l,

375 2769 470 2829 43,
501 2770 570 2822 66
597 2787 708 2834 sqq.
741 2801 806 2810 —
837 2775 1060 2824 Platonis
1099 2778 1314 2840 auguria

375 2837 437 2886 de
457 2841 714 2905 tyrannis,
751 2843 816 2891 ad
834 2843 938 2891 Aa.
965 2843 1029 2894 10
1043 2880 1056 2903 ,
1089 2844 1122 2894 8
1137 2880 1151 2903 ,
1171 2844 1222 2894 6.
1243 2871 1313 2880 -

373 2906 498 2958 Eius
531 2907 720 2958 dietum
751 2913 813 2960 de
839 2918 1166 2976 tyrannorum
1193 2927 1311 2976 pre-

375 2976 517 3026 cibus
534 3013 548 3037 ,
571 2979 647 3028 lb.
669 2979 730 3040 9,
755 2978 837 3041 13,
860 2981 912 3033 4.
939 3007 1003 3017 —-
1025 2981 1178 3042 Apud
1196 2982 1311 3030 Pla-

370 3053 538 3096 tonem
592 3049 833 3113 scriptum
902 3057 978 3098 est
1044 3049 1305 3111 divinitus,

372 3115 547 3175 quales
596 3117 650 3165 in
701 3133 756 3167 re
793 3117 1000 3181 publiea
1045 3119 1307 3185 principes

373 3193 565 3241 essent,
594 3184 724 3235 tales
741 3186 965 3249 reliquos
997 3187 1162 3238 solere
1193 3199 1308 3238 esse

371 3253 533 3313 cives,
563 3253 628 3302 ad
648 3252 770 3308 fam.
798 3255 824 3305 1
844 3293 859 3320 ,
881 3255 942 3316 9,
981 3258 1060 3306 12.
1083 3283 1150 3294 —-
1169 3256 1307 3306 Tita-

369 3334 486 3368 num
516 3336 544 3369 e
570 3335 756 3384 genere
783 3325 959 3374 statuit
985 3339 1098 3387 eOS,
1135 3327 1222 3387 qui
1251 3334 1307 3373 ut

367 3386 446 3433 illi
475 3387 807 3455 caelestibus,
839 3394 916 3442 sic
945 3393 1000 3442 hi
1033 3394 1304 3444 adversen-

1240 138 1491 185 PLATO.

1466 302 1549 344 tur
1566 294 1943 359 magistratibus
1961 329 1973 352 ‚
1999 294 2064 343 de
2088 294 2195 357 leg.
2220 294 2271 352 3,
2292 295 2337 353 2,
2356 294 2398 342 5.

1467 364 1721 423 —Plato,
1754 363 1839 412 ille
1868 365 2114 428 princeps
2150 364 2342 427 ingenii
2362 373 2399 410 et

1468 434 1752 496 doctrinae,
1790 441 1893 481 tum
1917 432 2143 493 denique
2166 432 2280 479 fore
2298 434 2396 481 bea-

1466 510 1543 550 tas
1581 518 1661 551 res
1698 501 1928 566 publicas
1970 503 2206 565 putavit,
2248 503 2293 549 si
2326 508 2396 548 aut

1468 572 1599 619 docti
1638 586 1697 621 ac
1747 572 2003 634 sapientes
2048 570 2290 619 homines
2325 585 2396 617 eas
2479 602 2480 605 κ

1464 656 1639 705 regere
1660 642 1974 704 coepissent,
2006 646 2096 687 aut
2125 640 2193 701 ii,
2228 640 2395 701 quire-
2479 648 2480 665 ³

1464 716 1669 774 gerent,
1718 723 1865 757 omne
1905 723 2054 757 suum
2094 710 2321 756 studium
2352 709 2392 754 in

1465 778 1698 827 doctrina
1752 794 1810 827 ac
1855 778 2111 841 sapientia
2168 778 2391 827 collocas-

1464 856 1603 909 sent,
1636 847 1703 896 ad
1722 845 1778 904 Q.
1801 846 1865 898 fr.
1897 847 1942 905 1,
1968 848 2013 906 1,
2041 845 2126 896 10.
2149 848 2200 907 §.
2232 846 2315 895 29.
2334 873 2385 879 -

1461 915 1684 965 Platonis
1712 931 1769 964 se
1794 916 2028 963 comitem
2058 914 2321 977 profitetur
2348 915 2385 960 in

1462 984 1605 1034 libris
1627 985 1688 1033 de
1709 1000 1763 1032 re
1784 983 1989 1048 publica
2018 982 2197 1032 Cicero
2222 983 2381 1047 fragm.

1460 1068 1514 1118 p.
1555 1054 1673 1104 347.
1711 1079 1782 1088 -
1818 1053 1998 1101 Politia
2038 1051 2301 1114 PlatoniS,
2338 1052 2383 1099 de

1463 1123 1620 1173 divin.
1648 1123 1695 1183 1,
1717 1122 1801 1179 29,
1822 1122 1909 1175 60.
1948 1122 2022 1169 lb.
2050 1123 2101 1179 2,
2123 1122 2211 1185 27,
2232 1120 2311 1173 59.
2332 1147 2383 1155 -

1461 1191 1619 1250 Plato,
1645 1193 1883 1255 princeps
1905 1192 1967 1240 de
1987 1204 2043 1238 re
2060 1190 2271 1253 publica
2289 1205 2383 1238 con-
2479 1200 2480 1209 ¹

1462 1262 1670 1326 scripsit
1691 1260 1927 1321 idemque
1946 1261 2227 1323 separatim
2254 1260 2311 1308 de
2328 1259 2382 1306 le-

1460 1330 1612 1394 gibus
1634 1330 1771 1393 eius,
1805 1329 2033 1377 imitatus
2062 1343 2130 1376 ex
2150 1336 2293 1393 parte
2312 1329 2383 1375 Za-

1461 1398 1660 1448 leucum
1680 1406 1730 1447 et
1758 1397 2077 1447 Charondam
2096 1434 2110 1456 ‚
2144 1398 2208 1447 de
2227 1397 2321 1461 leg.
2340 1398 2379 1453 2,

1460 1467 1525 1530 6,
1558 1467 1641 1516 14.
1681 1466 1747 1517 cl.
1783 1468 1841 1527 2,
1874 1467 1934 1527 7,
1974 1464 2057 1518 16.
2088 1492 2139 1501 -
2186 1467 2383 1514 Platonis

1460 1537 1628 1602 leges,
1664 1536 1727 1585 de
1754 1536 1853 1601 leg.
1882 1536 1906 1585 1
1926 1570 1941 1596 ‚
1964 1536 2013 1596 5,
2040 1536 2124 1588 15.
2152 1564 2219 1571 —
2238 1536 2383 1583 Locus
2479 1562 2480 1585 ³

1462 1622 1489 1655 e
1526 1606 1653 1654 libro
1685 1604 1797 1654 XII.
1834 1605 1896 1653 de
1932 1604 2139 1669 legibus
2185 1606 2236 1653 in
2268 1605 2384 1653 Lati·
2479 1662 2480 1689 ἢ

1459 1690 1578 1723 num
1600 1689 1875 1724 conversus
1893 1711 1905 1731 ,
1928 1674 2001 1723 Ib.
2027 1674 2061 1721 2
2077 1709 2091 1732 ,
2114 1674 2211 1733 18,
2230 1674 2312 1722 45.
2332 1700 2384 1706 -

1457 1743 1599 1792 Plato
1620 1744 1753 1792 iusta
1780 1742 2017 1791 funerum
2046 1743 2217 1795 reiicit
2242 1742 2303 1791 ad
2322 1742 2383 1788 in-

1459 1819 1705 1876 terpretes
1724 1811 2043 1877 religionum.
2081 1810 2251 1861 Locus
2284 1828 2309 1859 e
2336 1810 2386 1857 li·
2479 1832 2480 1835 κ

1460 1882 1550 1932 bro
1586 1880 1698 1936 ΧΠ.
1738 1882 1800 1932 de
1829 1881 2027 1945 legibus
2070 1881 2123 1929 in
2168 1882 2387 1930 Latinum

1462 1965 1756 2014 conversum
1779 1952 1854 2002 Ib.
1876 1953 1929 2013 2,
1950 1951 2035 2010 27,
2056 1951 2145 2004 67.
2173 1976 2246 1988 ·-
2262 1951 2389 2000 Plato
2479 1957 2480 1962 ’

1460 2021 1718 2084 praeclare
1738 2021 1870 2069 dixit
1885 2020 2090 2069 beatum
2113 2057 2127 2082 ,
2150 2021 2235 2069 cui
2254 2022 2389 2069 etiam

1459 2091 1513 2137 in
1534 2097 1788 2140 senectute
1820 2089 2089 2153 contigerit
2121 2097 2176 2137 ut
2202 2091 2390 2154 sapien-

1459 2159 1581 2206 tiam
1613 2173 1857 2222 verasque
1892 2159 2163 2222 opiniones
2192 2159 2391 2220 adsequi

1457 2227 1647 2292 possit,
1677 2228 1739 2277 de
1758 2227 1847 2276 fin.
1873 2228 1904 2277 5
1923 2263 1937 2287 ‚
1958 2227 2053 2290 21,
2088 2226 2177 2276 58.
2204 2253 2273 2262 —
2292 2228 2389 2278 Pla·

1456 2297 1590 2346 tonis
1610 2311 1713 2345 vox
1732 2313 1794 2346 ex
1816 2295 2123 2359 Epinomide
2140 2333 2153 2355 ,
2194 2297 2261 2345 de
2280 2304 2385 2346 orat.

1455 2363 1487 2414 3
1506 2402 1521 2425 ,
1551 2366 1615 2424 6,
1652 2365 1735 2414 21.
1759 2393 1829 2402 -—
1848 2365 2071 2413 Platonis
2094 2379 2259 2415 cenae
2278 2381 2307 2413 a
2324 2365 2389 2411 Ti-

1452 2433 1655 2485 motheo
1694 2434 1949 2486 laudatae.
1990 2433 2270 2483 Praeclara
2298 2437 2388 2482 eius

1456 2504 1674 2566 epistola
1719 2505 1786 2554 ad.
1834 2504 2013 2552 Dionis
2060 2504 2387 2568 propinqnoS,

1454 2572 1654 2623 Tuscul.
1676 2573 1737 2636 5,
1766 2571 1858 2631 35,
1893 2570 2009 2622 100.
2032 2597 2103 2608 —-
2124 2570 2388 2638 Syracusa-

1452 2655 1547 2690 nae
1592 2655 1800 2691 mensae
1850 2656 1881 2690 a
1916 2641 2132 2690 Platone
2180 2643 2390 2705 graviter

1451 2710 1832 2774 vituperantur,
1870 2711 1932 2759 de
1960 2709 2047 2758 fin.
2072 2711 2105 2758 2
2124 2747 2139 2772 ,
2180 2711 2285 2764 28.
2317 2708 2389 2759 92.

1452 2804 1519 2812 —
1532 2779 1713 2840 Homo,
1732 2787 1786 2828 ut
1806 2780 1873 2829 ad
1892 2778 2174 2843 Archytam
2196 2779 2392 2843 scripsit

1449 2845 1592 2896 Plato
1609 2885 1623 2907 ,
1655 2863 1756 2898 non
1781 2849 1879 2898 sibi
1899 2862 1954 2896 se
1976 2847 2076 2898 soli
2100 2855 2284 2898 natum
2302 2863 2391 2896 me-

1450 2916 1653 2965 minerit
1669 2953 1682 2977 ,
1705 2918 1797 2966 sed
1818 2918 2011 2981 patriae
2026 2954 2040 2977 ,
2067 2917 2165 2966 sed
2182 2919 2317 2977 suia,
2338 2917 2388 2964 de
2479 2951 2480 2954 ,

1447 2984 1534 3034 fin.
1555 2985 1606 3043 2,
1631 2986 1715 3045 14,
1738 2986 1822 3036 45.
1857 2985 2181 3050 -Aristippi
2210 2986 2391 3036 dictum

1449 3054 1512 3103 ab
1529 3053 1643 3104 aliis
1655 3054 1849 3104 Platoni
1862 3055 2126 3116 tributum,
2146 3055 2212 3103 de
2228 3071 2277 3104 r.
2294 3054 2390 3118 p.1,

1450 3120 1533 3180 17,
1556 3121 1641 3175 29.
1663 3149 1732 3160 --
1752 3123 2005 3189 Aenigma
2025 3122 2319 3187 Oppiorum
2338 3137 2389 3170 ex

1446 3188 1600 3240 Velia
1618 3199 1693 3242 est
1723 3207 1933 3242 numero
1958 3191 2193 3242 Platonis
2216 3193 2391 3241 obscu-

1444 3259 1578 3322 rius,
1600 3261 1664 3310 ad
1683 3263 1785 3310 Att.
1808 3264 1868 3322 7,
1896 3259 1977 3312 13.
2004 3262 2054 3310 b.
2073 3297 2088 3321 ,
2113 3261 2168 3311 5.
2188 3287 2267 3297 —-
2288 3261 2394 3309 Ari-

1446 3327 1677 3377 stotelem
1694 3343 1791 3377 non
1809 3329 2051 3379 deterruit
2070 3345 2101 3378 a
2121 3330 2392 3380 scribendo

1448 3395 1731 3460 amplitudo
1747 3397 1969 3447 Platonis
1984 3434 1999 3458 ,
2022 3406 2150 3450 orat.
2177 3398 2229 3458 1,
2248 3399 2303 3448 5.
2338 3400 2395 3446 de
