2500 3850
808 210 1019 258 LOCRI
1048 233 1131 244 —-·
1154 225 1219 261 L.
1246 215 1608 263 nu'uchS.

165 363 368 427 Locri,
404 356 584 413 civitas
626 372 675 413 et
711 364 931 430 populus
968 367 1184 432 Magnae

243 433 485 484 Graeciae
514 433 566 480 in
584 433 813 494 Bruttiis,
842 433 909 483 ad
925 436 1028 484 Att.
1052 435 1104 496 6,
1133 436 1181 497 1,

243 504 328 554 18.
404 503 467 552 de
490 501 592 567 leg.
615 504 666 564 2,
696 502 747 562 6,
772 503 853 553 15.
927 504 992 554 de
1014 503 1101 554 fin.
1128 505 1180 568 5,

238 573 323 634 29,
346 569 431 621 87.
472 572 536 619 de
554 587 605 620 n.
630 572 678 621 d.
706 571 760 632 2,
780 572 832 630 2,
853 571 904 622 6.
953 575 1030 622 Ib.
1054 573 1105 634 3,
1126 576 1177 629 5.

242 642 329 690 11.
372 640 435 690 de
456 655 509 689 n.
533 640 584 690 d.
607 637 657 703 3,
680 639 765 704 34,
787 640 873 692 85.

164 707 340 762 Locri
368 709 421 758 in
453 707 692 770 Graecia,
736 708 912 758 Phocii
932 748 945 770 ,
983 711 1182 761 Boeotii

240 779 411 896 exustg
469 792 501 826 s.
551 776 612 830 L.
654 778 862 838 Pisone,
920 781 971 828 in
1007 781 1177 833 Pison.

239 849 340 910 40,
414 847 466 899 6.

163 915 447 977 Locusta,
488 917 684 966 vicinus
707 915 767 976 Q.
792 916 1084 980 Ciceronis,
1116 921 1180 970 ad

240 985 299 1043 Q.
323 985 385 1035 fr.
408 983 460 1045 3,
484 985 533 1044 1,
561 988 611 1036 2.
652 988 700 1048 §-
722 987 773 1035 4.

164 1052 376 1116 Lollia,
392 1053 575 1102 mulier
593 1053 885 1117 libidinosa,
900 1057 967 1106 ad
986 1055 1107 1106 fam.
1126 1057 1179 1119 9,

167 1189 410 1255 Lollius,
434 1193 500 1240 ad
524 1193 627 1240 Att.
653 1195 705 1253 2,
728 1195 777 1255 2,
804 1192 854 1243 3.

164 1258 410 1324 Lollius,
435 1261 502 1311 ad
520 1261 644 1316 fam.
668 1261 721 1323 5,
749 1262 800 1321 3,
822 1262 870 1310 2.

164 1327 409 1386 Lollius.
452 1329 625 1380 Cicero
654 1331 717 1378 ab
740 1331 902 1378 Attico
923 1332 1079 1394 petit,
1123 1339 1179 1382 ut

238 1401 306 1448 M.
330 1400 573 1448 Varronis
607 1407 657 1447 et
690 1399 836 1448 Lollii
868 1399 1032 1448 mittat
1068 1401 1177 1450 lau-

239 1469 497 1518 dationem
537 1468 779 1528 Porciae,
836 1468 901 1517 ad
942 1470 1046 1518 Att.
1091 1468 1173 1533 13,

237 1538 335 1595 48,
373 1539 424 1587 2.

168 1605 233 1656 G.
256 1604 497 1656 Lollius.
538 1568 663 1656 liius
682 1605 965 1667 uxorOvia,
987 1607 1054 1656 ad
1074 1578 1211 1656 Att.'

239 1677 322 1734 12,
345 1675 430 1737 21,
451 1677 501 1726 2.

164 1743 231 1794 L.
254 1741 497 1806 Lollius,
528 1743 727 1794 Caclius
750 1745 812 1793 ad
832 1745 952 1794 fam.
977 1744 1027 1803 8,
1050 1743 1100 1804 8,
1124 1745 1175 1796 2.

163 1813 245 1862 Μ.
266 1811 577 1877 LolliusQ.
597 1812 693 1876 F,
728 1815 872 1863 testis
898 1813 950 1861 in
973 1811 1027 1862 C.
1055 1781 1181 1862 Ver-

232 1897 360 1941 rem,
385 1883 529 1935 Verr.
556 1891 775 1933 accusat.
806 1881 855 1946 3,
881 1882 967 1941 25,
988 1881 1073 1934 63.

161 1950 243 2002 Μ.
276 1944 526 2015 Lollius,
562 1952 615 2001 P.
650 1951 825 2002 Clodio
862 1952 1063 2001 tribuno
1100 1951 1171 2017 pl

236 2019 527 2071 Ciceronem
544 2019 691 2071 etCn.
702 2022 999 2085 Pompeium
1020 2022 1177 2070 inter-

231 2090 477 2139 ficiendos
497 2092 815 2156 depoposcit,
840 2090 898 2149 Q.
920 2090 1175 2139 Metellum

232 2158 481 2223 Nepotem
515 2158 1055 2223 consulem.lapidibus
1084 2174 1174 2223 ap-

232 2228 435 2293 petivit,
456 2229 519 2277 de
540 2230 689 2278 domo
713 2243 804 2277 sua
817 2228 875 2285 -5,
900 2226 983 2278 13.
1021 2228 1097 2280 Ib.
1120 2227 1171 2290 6,

234 2298 317 2347 14.
366 2298 439 2346 Ib.
472 2296 555 2357 33,
594 2296 679 2347 89.
746 2299 809 2348 V.
847 2294 925 2346 Μ.
951 2292 1169 2347 Lollius

230 2363 552 2416 Palicanus.

165 2434 235 2499 Q.
257 2433 510 2497 Lollius,
535 2451 689 2499 eques
710 2434 880 2495 Rom„
906 2441 1113 2483 vexatus
1143 2449 1175 2483 a

235 2504 296 2563 Q.
345 2506 613 2568 Apronio,
660 2507 806 2554 Vcrr.
858 2512 1084 2554 accusat.
1121 2502 1173 2562 3,

162 2640 233 2706 Q.
275 2585 497 2691 L’ollius
536 2640 604 2707 Q.
642 2639 742 2705 F.,
776 2641 1073 2692 adolescens
1101 2640 1177 2689 di-

232 2720 431 2770 sertuS,
480 2712 567 2773 qui
605 2710 857 2761 Calidium
896 2710 1174 2772 accusavit,

230 2794 389 2844 quum
408 2780 459 2828 in
481 2778 711 2829 Siciliam
732 2786 865 2830 esset
894 2777 1173 2843 profectus,

230 2850 284 2899 in
320 2850 503 2898 itinere
533 2850 731 2898 occisus
758 2864 873 2899 esse
912 2848 1175 2913 significa·-

226 2926 310 2967 tur
325 2932 421 2983 per
446 2918 676 2981 Verrem,
703 2920 849 2972 Verr.
874 2925 1097 2970 accusat.
1121 2918 1171 2975 3,

160 3050 239 3103 M.
288 3052 511 3105 Lollius
568 3052 872 3105 Palicanus
894 3091 910 3119 ,
966 3056 1167 3105 Picens.

230 3124 486 3173 Tribunus
521 3124 595 3189 pl.
626 3123 681 3177 in
708 3125 1069 3190 contione-egit
1104 3125 1170 3175 de

228 3192 415 3251 Verre,
454 3196 544 3255 qui
565 3193 729 3259 virgis
760 3193 962 3259 plebem
980 3192 1169 3244 Rorna-

230 3276 346 3311 nam
366 3260 552 3312 solitus
572 3269 706 3312 esset
722 3262 1005 3322 concidere,
1015 3263 1164 3317 Verr.

227 3339 452 3382 accusat.
477 3331 525 3392 1,
547 3332 635 3393 47,
658 3332 777 3382 122.
791 3356 861 3367 -—
880 3331 1164 3395 Palicanum,

226 3400 461 3451 tribunus
481 3400 557 3465 pl.
580 3402 633 3449 in
652 3400 887 3451 contione
918 3400 982 3451 de
1013 3417 1168 3460 causa

224 3467 424 3519 Sthenii
447 3484 478 3519 a
488 3470 648 3520 Verre
658 3472 834 3521 vexati
845 3476 1051 3534 questus
1073 3476 1165 3529 est,

294 3553 513 3590 menno,

2136 205 2264 269 225

1323 372 1469 420 verr.
1493 377 1717 424 accusat.
1739 373 1769 420 2
1785 409 1799 432 ,
1820 373 1882 422 41
1905 410 1918 436 ,
1944 372 2060 424 100.
2084 367 2152 412 έ-
2171 374 2266 424 Pa-

1328 439 1522 488 licanus
1557 438 1852 500 aptissimus
1874 443 2080 492 auribus
2099 445 2264 508 impe-

1325 509 1556 566 ritorum,
1576 505 1712 558 Brut.
1733 508 1818 572 62,
1841 509 1960 562 223.
2001 511 2062 560 cl.
2079 513 2145 562 ad
2156 516 2260 564 Att.

1328 577 1374 640 1,
1406 577 1454 637 1,
1485 576 1532 625 1.
1568 601 1639 612 —-
1673 577 1731 626 L.
1760 577 2002 628 Afranius
2029 579 2263 632 Palicano

1325 659 1381 694 os
1427 646 1495 695 ad
1532 644 1664 694 male
1715 647 2026 697 audiendum
2079 651 2264 700 cotidie

1321 715 1574 778 praebuit,
1593 713 1664 762 Ib.
1699 713 1746 778 l,
1772 714 1853 775 18,
1875 717 1925 766 5.

1250 779 1585 848 Longilius,
1627 784 1920 850 redemptor
1972 785 2152 836 domus
2203 784 2262 844 Q.

1321 850 1582 902 Ciceronis
1601 852 1976 918 aedificandae,
2016 855 2083 904 ad
2109 854 2164 913 Q.
2194 854 2258 909 fr.

1320 921 1370 983 2,
1393 921 1445 982 5,
1469 919 1500 970 3
1523 919 1600 984 (2,
1622 920 1674 981 6,
1699 920 1782 986 2).

1249 988 1371 1039 Lon
1415 988 1558 1039 inus.
1581 992 1641 1040 V.
1670 988 1730 1039 G.
1759 987 1990 1041 Cassius
2009 989 2258 1059 Congus.

1251 1055 1343 1106 Ti
1433 1074 1632 1126 ongus.
1667 1059 1731 1108 V.
1766 1057 1858 1109 Ti.
1892 1057 2258 1125 Sempronius

1317 1124 1566 1206 Longus.

1247 1192 1575 1275 Lorymeni,
1615 1197 1832 1260 populus
1867 1197 2069 1248 Doridis
2102 1216 2258 1265 paen·

1317 1265 1514 1314 insulae
1537 1267 1590 1313 in
1611 1266 1786 1324 Caria,
1822 1281 1914 1330 pro
1939 1268 2116 1318 Flacco
2136 1271 2188 1332 2,
2189 1269 2254 1321 ,5

1245 1345 1564 1478 Ῐιιιζὲοιιίέἱια
1603 1348 1828 1412 Venus,
1886 1351 1949 1401 de
1993 1367 2045 1403 ιι.
2101 1354 2150 1401 (1.
2205 1355 2256 1418 2,

1250 1501 1442 1566 Luca,
1493 1502 1739 1567 oppidum
1781 1501 2013 1552 Etruriae
2036 1539 2050 1566 ‚
2103 1504 2258 1556 hodic

1322 1573 1526 1633 Lacca,
1561 1572 1626 1620 ad
1644 1571 1765 1620 fam.
1791 1571 1850 1632 1,
1883 1570 1941 1634 9,
1965 1571 2014 1622 9.
2052 1574 2115 1623 V.
2142 1571 2258 1624 Lu-

1324 1655 1488 1690 censc
1505 1637 1894 1706 Municipium.

1251 1723 1463 1778 Lucani
1487 1728 1615 1792 agri,
1638 1725 1857 1792 Philipp.
1883 1725 1968 1788 13,
1991 1728 2040 1791 5,
2066 1727 2150 1780 12.

1252 1809 1501 1876 Lucani,
1543 1813 1598 1861 id
1625 1819 1728 1874 est,
1768 1820 1901 1861 terra
1917 1812 2255 1874 Lucanorum,

1319 1881 1525 1933 Tuscul.
1557 1882 1604 1943 1,
1641 1879 1720 1941 37,
1757 1880 1844 1933 89.

1245 1948 1523 2001 Lucceius
1563 1966 1604 2001 s,
1635 1949 1905 2013 Luceius,
1937 1950 2256 2016 subscriptor

1317 2020 1381 2074 D.
1418 2018 1578 2068 Laelii
1627 2028 1798 2068 contra
1840 2019 2114 2081 Flaccum,
2161 2034 2253 2085 pro

1317 2089 1496 2139 Flacco
1516 2086 1602 2148 33,
1624 2086 1710 2139 83.

1244 2153 1520 2209 Lucceius
1541 2173 1582 2206 s.
1606 2153 1880 2221 Luceium,
1903 2156 1986 2209 Μ.
2011 2156 2074 2208 F.
2108 2159 2173 2212 A.
2198 2174 2250 2211 u.

1315 2244 1360 2277 c.
1382 2227 1502 2278 704.
1542 2227 1766 2289 queritur
1800 2228 1937 2291 apud
1959 2227 2256 2278 Ciceronem

1311 2311 1406 2361 per
1430 2294 1623 2343 litteras
1643 2310 1896 2344 summum
1915 2311 2030 2347 esse
2051 2298 2255 2360 pericu-

1313 2365 1448 2424 lum,
1486 2379 1552 2413 ne
1579 2363 1728 2427 culpa
1749 2371 1954 2413 senatus
1985 2366 2061 2413 eis
2079 2364 2256 2413 decre-

1313 2435 1408 2494 tis,
1447 2432 1630 2493 quibus
1663 2433 1910 2495 pecuniae
1939 2432 2256 2482 debitoribus

1317 2500 1723 2553 condonarentur
1743 2536 1756 2559 ,
1797 2515 1878 2549 res
1933 2501 1998 2549 ad
2052 2500 2255 2549 tabulas

1316 2584 1476 2619 novas
1504 2570 1799 2634 perveniat,
1820 2570 1903 2637 vad
1932 2570 2036 2619 Att.
2071 2571 2134 2635 5,
2166 2570 2254 2630 21,

1286 2653 1293 2663 ¹
1319 2639 1401 2692 13.
1446 2638 1510 2692 el.
1533 2640 1602 2692 ib.
1629 2639 1680 2699 5,
1704 2638 1789 2699 20,
1813 2638 1862 2690 8.
1911 2642 1985 2693 lb.
2020 2637 2072 2701 6,
2094 2639 2141 2705 1,
2163 2638 2250 2692 23.

1318 2708 1393 2758 lb.
1417 2708 1467 2766 7,
1494 2707 1544 2773 3,
1569 2708 1618 2759 6.

1248 2776 1349 2829 Gn.
1375 2774 1651 2828 Lucceius
1679 2794 1721 2828 s.
1744 2776 2009 2844 Luceius,
2032 2779 2255 2830 familia-

1315 2847 1386 2896 ris
1405 2847 1565 2907 Bruti,
1583 2847 1651 2897 ad
1671 2850 1775 2897 Att.
1801 2848 1882 2907 16,
1907 2850 1956 2912 5,
1993 2850 2043 2900 3.

1242 2916 1308 2967 L.
1347 2914 1619 2966 Lucceius
1669 2934 1714 2967 s.
1752 2914 2024 2981 Luceius,
2069 2917 2138 2984 Q.
2186 2916 2252 2967 F.

1311 2987 1532 3035 Luceius
1569 3001 1615 3036 a.
1663 3002 1715 3037 u.
1757 3002 1802 3037 c.
1839 2984 1961 3037 693.
2018 2985 2254 3036 consula-

1311 3062 1420 3105 tum
1469 3063 1645 3121 petere
1688 3055 1744 3104 in
1790 3056 1960 3104 animo
2013 3054 2250 3105 habebat.

1313 3122 1500 3175 Caesar
1532 3138 1646 3173 cum
1675 3138 1735 3174 eo
1768 3124 1902 3172 coire
1931 3137 2024 3186 per
2043 3124 2254 3173 Arrium

1311 3194 1598 3259 cogitabat,
1633 3194 1699 3242 ad
1719 3192 1820 3241 Att.
1863 3192 1922 3250 1,
1957 3191 2052 3252 17,
2076 3192 2158 3243 11.
2180 3217 2252 3229 —-

1309 3262 1704 3313 Commendstur
1740 3257 1990 3321 culleolo,
2023 3227 2091 3310 sid
2125 3261 2246 3310 fam.

1240 3364 1251 3375 .
1312 3328 2250 3393 13,41‚1.1b.13,42,1.-1nSa1-

1307 3401 1500 3450 diniam
1529 3401 1624 3451 iter
1650 3400 1867 3451 habebat
1887 3413 1933 3449 a.
1957 3414 2008 3452 u.
2036 3414 2082 3452 c.
2105 3397 2246 3460 698„

1312 3469 1379 3519 ad
1403 3470 1462 3529 Q.
1483 3470 1547 3522 fr.
1572 3472 1622 3536 2,
1643 3471 1676 3521 5
1699 3468 1805 3537 (6),
1826 3470 1878 3519 2.
1893 3496 1964 3507 -—-
1981 3469 2050 3522 M.
2074 3467 2252 3520 Cicero
