2500 3850
409 178 477 224 1..
514 175 717 224 coms.
752 176 975 224 s011³1o
1007 175 1262 225 NAsmA
1286 199 1371 210 --
1404 178 1465 224 P.
1494 176 1697 226 conn.
1728 176 1979 227 semo.
2114 167 2233 228 105

210 333 341 384 175.
374 333 588 384 —Eius
617 332 922 394 colloquium
955 349 1066 382 cum
1097 332 1154 382 L.

207 401 379 462 Sulla,
399 400 621 466 Philipp.
645 402 726 461 12,
750 401 832 462 11,
853 403 921 453 27
927 439 940 452 .
971 402 1044 452 Ib-
1071 402 1153 463 13,

203 472 263 532 1,
291 473 341 522 2.
364 495 430 506 —-
447 469 506 518 L.
532 470 792 520 Cornelius
809 470 985 535 Scipio
1004 471 1156 520 Asia-

203 541 346 592 ticus
369 539 590 605 optimus
614 545 662 588 et
680 537 1155 591 calamitosissimus

202 609 293 658 vir
311 623 419 660 cos.
439 622 484 656 a.
507 623 558 656 u.
581 623 626 660 c.
645 607 763 658 671.
788 610 1104 675 proscriptus
1126 624 1157 658 a

210 677 366 728 Sulla
380 679 433 726 in
445 676 682 730 exsilium
696 677 1014 728 Massiliense
1037 693 1154 743 pro·

203 747 406 798 fectus:
429 746 636 797 ibicum
656 747 944 797 consolatus
961 755 1039 798 est
1063 763 1154 812 ge-

202 831 304 866 ner
325 818 382 867 P.
408 813 632 881 Sestius,
659 831 754 881 pro
773 814 906 868 Sest.
927 815 987 878 3,
1013 820 1064 868 7.
1085 842 1156 854 --

201 887 271 935 L.
294 885 467 951 Scipio
490 901 521 935 a
539 883 681 935 Sulla
713 887 1024 951 proscriptus
1039 923 1052 946 ,
1086 887 1154 935 ad

205 957 319 1004 Ati.
343 956 396 1014 9,
417 955 500 1016 15,
528 956 578 1004 2.

124 1022 210 1075 Ia:
230 1021 536 1074 Cornelius
558 1020 746 1089 Scipio
767 1021 988 1075 Nasica.
1029 1023 1152 1074 Eius

202 1095 403 1144 dictum
418 1129 433 1157 ,
455 1093 517 1142 de
537 1101 664 1143 orat.
685 1095 736 1153 2,
765 1093 851 1152 64,
873 1092 994 1146 260.

123 1163 211 1216 Μ.
249 1158 547 1212 Cornelius
576 1158 765 1227 Scipio
793 1158 1152 1230 Maluginen-

201 1230 324 1296 sis,
373 1239 578 1296 praetor
617 1246 664 1280 a.
695 1246 745 1284 u.
781 1248 826 1285 c.
861 1232 981 1283 578.
1029 1232 1151 1280 Eius

203 1301 404 1350 dictum
434 1301 486 1349 iu
518 1301 576 1348 L.
601 1300 844 1350 Manlium
878 1301 1150 1350 Acidinum

204 1369 473 1420 consulem
487 1406 500 1432 ‚
521 1369 585 1418 de
603 1376 728 1422 orat.
751 1371 784 1420 2
802 1407 814 1428 ,
836 1369 923 1431 64,
942 1368 1064 1420 260.

123 1439 194 1491 Ρ.
248 1435 552 1488 Cornelius
602 1435 792 1503 Scipio
811 1474 826 1500 ,
875 1439 1150 1488 Africanus
1190 1501 1195 1505 ¹

199 1509 396 1560 maior.
429 1507 626 1556 Aedilis
662 1507 851 1556 curulis
886 1507 985 1557 fuit
1017 1523 1062 1557 a.
1095 1523 1149 1556 u.

201 1593 250 1630 c.
292 1577 414 1630 541.
438 1613 453 1636 ,
485 1575 751 1626 aedilicius
785 1591 833 1625 a.
866 1591 918 1624 u.
953 1592 1000 1627 c.
1026 1575 1146 1626 543.

197 1647 509 1712 Hispaniam
572 1651 716 1694 extra
770 1645 1002 1696 ordinem
1055 1658 1149 1710 pro

201 1715 422 1765 consule
456 1713 672 1764 obtinuit
701 1729 912 1778 eamque
942 1715 1150 1780 provin-

202 1786 346 1833 ciam
416 1791 688 1848 prorogato
756 1785 972 1848 imperio
1036 1798 1150 1833 cum

201 1853 439 1904 exercitu
462 1867 554 1918 per
571 1866 730 1902 annos
757 1853 1049 1906 544-548.
1073 1859 1150 1902 te-

201 1923 322 1973 nuit
342 1922 517 1985 ibique
541 1938 648 1973 rem
666 1922 808 1987 publ.
831 1929 1002 1973 contra
1021 1920 1150 1973 Poe-

200 2006 302 2043 nos
353 1990 654 2041 felicissime
702 1994 879 2057 gessit.
936 1994 1148 2042 Romam

200 2061 362 2110 rediit
388 2076 436 2113 a.
461 2074 513 2109 u.
545 2076 590 2111 c.
610 2061 731 2113 548.
774 2063 836 2111 A.
865 2076 916 2109 u.
953 2077 998 2113 c.
1027 2058 1146 2111 549.

198 2130 430 2195 primum
459 2129 636 2179 consul
659 2128 822 2180 factus
852 2137 928 2179 est
957 2146 1072 2179 cum
1091 2129 1146 2179 P.

198 2198 404 2251 Licinio
433 2197 616 2249 Crasso
641 2198 838 2260 Divite,
865 2199 1010 2261 eique
1029 2214 1148 2263 pro-

197 2268 380 2317 vincia
415 2266 588 2317 Sicilia
623 2274 762 2318 extra
799 2268 1029 2317 ordinem
1059 2268 1148 2317 ad-

200 2336 436 2401 signata,
469 2350 622 2398 quam
643 2352 692 2389 a.
719 2337 840 2389 550.
875 2342 1146 2402 prorogato

197 2406 423 2470 imperio
473 2407 660 2466 tenuit,
713 2421 777 2455 ex
823 2419 984 2467 eaque
1031 2420 1146 2455 cum

199 2473 376 2523 classe
395 2474 447 2523 in
471 2473 700 2525 Africam
719 2473 918 2524 traiecit
936 2489 1147 2535 eamque

199 2560 250 2592 a.
277 2543 401 2595 551.
426 2542 546 2593 552.
567 2543 688 2596 553.
712 2544 875 2594 tenuit
893 2557 953 2592 ac
973 2542 1147 2592 debel-
1187 2564 1193 2575 .

201 2612 308 2661 lato
343 2612 411 2661 ad
441 2611 644 2663 Zamam
674 2611 955 2661 Hannibale
993 2626 1060 2661 ex
1089 2608 1140 2659 S.

202 2679 258 2729 C.
299 2687 351 2729 et
387 2679 570 2745 populi
612 2682 755 2731 iussu
802 2694 984 2746 pacem
1031 2694 1145 2729 cum

195 2750 389 2798 Poenis
415 2748 537 2798 fecit
571 2756 619 2799 et
649 2750 934 2800 clarissimo
968 2750 1146 2799 trium-

193 2816 302 2881 pho
341 2818 520 2869 urbem
563 2820 826 2883 ingressus
865 2826 958 2871 est.
1005 2818 1146 2869 Afri·

197 2888 317 2935 cani
371 2901 651 2951 cognomen
714 2888 924 2937 honoris
988 2902 1145 2939 causa

197 2955 420 3019 adeptus
453 2963 550 3008 est.
583 2958 647 3007 A.
685 2956 807 3009 555.
839 2972 1021 3007 censor
1049 2956 1146 3007 fuit

196 3039 318 3073 cum
335 3022 394 3075 P.
416 3024 566 3074 Aelio
590 3028 762 3077 Paeto.
795 3028 861 3079 A.
899 3025 1020 3077 560.
1051 3027 1143 3075 ite-

194 3107 310 3141 rum
333 3094 511 3143 consul
531 3093 630 3144 fuit
658 3110 774 3145 cum
799 3096 876 3147 Ti.
901 3094 1142 3160 Sempro-

192 3161 286 3211 nio
309 3160 504 3228 Longo.
527 3190 600 3201 -
618 3162 803 3215 Mortui
831 3178 1031 3227 quoque
1052 3179 1142 3223 no-

193 3244 318 3279 men
339 3230 602 3295 splendori
631 3247 692 3282 ac
713 3232 886 3282 decori
909 3242 986 3283 est
1016 3233 1142 3283 civi·

189 3298 319 3362 tati,
340 3299 408 3347 ad
425 3299 540 3349 Her.
563 3302 622 3365 4,
649 3300 712 3350 15
729 3335 744 3364 ,
770 3302 855 3353 22.
881 3327 947 3337 -
967 3300 1140 3367 Scipio

189 3366 473 3419 Africanus
551 3370 786 3434 superior
867 3368 1142 3420 admodum

190 3436 502 3487 adolescens
549 3437 725 3487 consul
775 3437 968 3500 factus,
1020 3437 1141 3487 Phi-

1298 333 1425 398 lipp.
1448 333 1481 383 5
1496 369 1510 392 ,
1535 335 1627 395 17,
1645 332 1731 384 48.
1752 359 1823 371 -
1840 335 2065 385 Mortuus
2088 343 2162 385 est
2180 351 2230 389 a.

1295 417 1347 452 n.
1376 417 1422 451 c.
1446 400 1565 454 569.
1582 438 1595 461 ,
1617 403 1681 452 de
1700 417 1807 452 sen.
1828 405 1881 466 6,
1904 403 1985 458 19.
2008 433 2076 444 -
2092 403 2234 470 Opti-

1296 485 1410 522 mus
1444 480 1595 534 atque
1627 472 1991 524 invictissimus
2020 473 2122 537 vir,
2169 473 2232 524 de

1294 555 1336 590 r.
1360 555 1414 606 p.
1433 539 1485 599 6,
1507 537 1559 600 9,
1580 539 1710 590 9.-
1733 540 1972 592 Formula
1991 542 2233 608 triumphi

1296 609 1343 660 ei
1364 610 1555 659 decreti
1586 624 1715 666 ovon
1742 621 1857 660 stvs
1889 626 2102 662 vmrvrn
2132 627 2230 661 Av'r

1295 691 1599 729 summurn
1620 693 1730 729 csr.
1750 716 1765 739 ,
1794 680 1859 730 de
1880 679 1965 728 fin.
1984 683 2048 740 4,
2068 678 2119 739 9,
2141 682 2228 734 22.

1292 773 1363 784 --—
1384 747 1467 797 Ad
1495 747 1811 801 honestatem
1844 745 2045 799 oufflem
2082 763 2231 798 cona-

1293 825 1399 868 tum
1430 831 1579 866 suum
1612 817 1889 876 referebat,
1922 832 2021 867 uon
2048 818 2115 868 ad
2145 832 2231 867 vo-

1291 886 1533 953 luptatem
1549 923 1564 948 ,
1588 887 1664 940 Ib.
1688 889 1739 946 2,
1763 886 1845 951 17,
1868 887 1955 938 57.
1975 915 2039 926 -—
2058 885 2231 951 Scipio

1293 955 1566 1006 Africanus
1584 956 1763 1019 maior,
1783 955 2015 1020 Paullus,
2044 954 2101 1013 Q.
2126 955 2232 1004 Ma-

1293 1027 1492 1074 ximus:
1526 1039 1699 1074 eorum
1739 1039 1837 1074 non
1890 1026 1941 1074 in
1982 1026 2233 1075 sententia

1290 1093 1484 1155 solum,
1520 1095 1613 1144 sed
1633 1095 1785 1144 etiam
1814 1095 1868 1143 in
1894 1101 2016 1144 nutu
2037 1095 2233 1144 reside-

1290 1165 1377 1213 bat
1394 1165 1691 1225 auctoritas,
1718 1163 1780 1212 de
1806 1178 1913 1214 sen.
1942 1163 2023 1226 17,
2046 1164 2132 1217 61.
2160 1189 2228 1200 -

1294 1233 1543 1284 Comitatu
1572 1232 1821 1283 nobilium
1854 1235 2095 1282 iuvenum
2126 1233 2231 1282 for-

1290 1308 1521 1362 tunatus,
1545 1302 1617 1351 Ib.
1642 1299 1693 1361 9,
1714 1300 1798 1350 29.
1822 1327 1889 1338 --
1906 1301 2033 1350 Eum
2054 1302 2230 1351 scribit

1292 1369 1413 1420 Cato
1450 1369 1654 1419 solitum
1694 1383 1808 1420 esse
1846 1370 2042 1431 dicere,
2083 1385 2229 1419 num-

1292 1455 1445 1502 quam
1474 1453 1530 1488 se
1566 1438 1685 1502 plus
1714 1451 1894 1502 agere,
1924 1454 2075 1500 quam
2102 1437 2229 1486 nihil

1292 1523 1449 1572 quum
1463 1514 1654 1573 ageret,
1668 1521 1943 1568 numquam
1962 1508 2129 1559 minus
2146 1521 2230 1557 so-

1290 1579 1396 1627 lum
1415 1591 1547 1637 esse,
1570 1591 1722 1638 quam
1742 1591 1897 1639 quum
1916 1576 2056 1626 solus
2078 1585 2228 1642 esset,

1292 1647 1355 1698 de
1373 1663 1415 1696 r.
1438 1663 1490 1712 p.
1516 1645 1563 1702 1,
1586 1644 1669 1704 17,
1692 1645 1777 1696 27.
1816 1645 1881 1695 de
1906 1645 1993 1695 off.
2015 1644 2077 1708 3,
2104 1647 2151 1712 1,
2177 1645 2225 1696 1.

1290 1746 1361 1756 —
1393 1717 1616 1779 Legatus
1670 1713 1816 1763 fratri
1864 1715 2122 1781 profectus
2176 1717 2229 1766 in

1289 1785 1495 1845 Asiam,
1516 1798 1608 1849 pro
1627 1783 1754 1833 Mur.
1777 1784 1859 1845 14,
1881 1782 1966 1837 32.
2000 1783 2225 1852 Philipp.

1293 1853 1384 1915 11,
1420 1855 1468 1912 7,
1503 1852 1587 1905 17.
1611 1879 1677 1888 -
1696 1854 1819 1902 Eius
1839 1855 1890 1903 in
1920 1869 1975 1903 re
2000 1855 2229 1919 gerunda

1288 1923 1550 1983 celeritas,
1586 1923 1735 1975 Verr.
1773 1931 1995 1973 accusat.
2034 1923 2097 1983 5,
2144 1922 2226 1984 10,

1288 1994 1375 2045 25.
1406 2018 1475 2029 --
1505 1992 1827 2056 Responsum
1860 1994 1923 2041 ab
1956 2007 2014 2041 eo
2051 1992 2229 2044 Coriu-

1288 2062 1411 2112 thiis
1436 2062 1636 2120 datum,
1662 2061 1727 2110 de
1748 2071 1872 2110 orat.
1897 2063 1956 2119 2,
1986 2061 2082 2125 65,
2106 2062 2228 2114 262.

1289 2157 1355 2169 -—-
1373 2130 1496 2180 Eius
1521 2130 1711 2179 dictum
1740 2131 1791 2178 in
1810 2130 1878 2178 M.
1900 2130 2165 2191 Naevium,
2198 2147 2229 2179 a

1290 2215 1388 2263 quo
1410 2206 1516 2249 erat
1536 2207 1821 2257 accusatu3‚
1842 2200 1914 2248 Ib.
1934 2200 1985 2262 2,
2000 2198 2085 2261 61,
2105 2202 2225 2253 249.

1288 2298 1355 2307 -
1376 2268 1508 2327 Quid
1530 2268 1577 2317 ei
1598 2268 1783 2317 dixerit
1795 2268 1850 2321 P.
1875 2268 2103 2318 Licinius
2123 2272 2228 2320 Va-

1288 2352 1375 2387 rus
1392 2373 1405 2400 ,
1430 2338 1505 2385 lb.
1524 2337 1577 2398 2,
1598 2336 1661 2386 61
1676 2374 1693 2395 ,
1719 2335 1841 2405 250,
1864 2364 1930 2373 —-
1949 2336 2099 2387 Nulla
2118 2338 2228 2385 eius

1286 2405 1483 2471 ingenii
1518 2412 1842 2453 monumenta
1877 2404 2115 2453 mandata
2146 2405 2228 2453 lit-

1284 2476 1441 2538 teris,
1477 2471 1673 2521 nullum
1709 2486 1839 2536 opus
1876 2473 1989 2533 otii,
2030 2472 2229 2522 nullum

1288 2541 1579 2596 solitudinis
1608 2546 1790 2590 munus
1822 2546 2015 2601 exstat,
2050 2540 2111 2591 de
2138 2542 2224 2591 off.

1288 2614 1348 2674 3,
1379 2612 1405 2663 1
1424 2648 1438 2671 ,
1472 2615 1525 2661 4.
1556 2638 1622 2648 —-
1652 2610 1782 2660 Eum
1810 2611 2102 2675 accepimus
2126 2625 2228 2662 non

1290 2681 1533 2732 infantem
1563 2680 1748 2741 fuisse,
1769 2678 1909 2733 Brut.
1936 2680 2137 2741 19‚'77.
2160 2709 2229 2719 --

1286 2750 1639 2816 Agrigentinis
1657 2748 1721 2800 de
1740 2756 1921 2799 senatu
1942 2752 2225 2816 cooptando

1286 2821 1431 2885 leges
1450 2820 1588 2869 dedit
1610 2835 1654 2868 a.
1679 2835 1727 2868 u.
1750 2834 1793 2869 c.
1814 2820 1956 2880 549„
1976 2822 2123 2874 Verr.
2142 2837 2226 2871 ac-

1284 2896 1443 2938 cusat.
1465 2892 1515 2950 2,
1539 2887 1624 2951 50,
1648 2888 1847 2941 123.-
1866 2889 1991 2939 Eius
2011 2889 2225 2940 consilio

1284 2972 1345 3007 ac
1381 2957 1567 3008 virtute
1608 2957 1861 3008 Hannibal
1898 2958 1951 3006 in
1995 2957 2227 3007 Africam

1283 3026 1451 3077 redire
1488 3034 1639 3090 atque
1674 3042 1739 3076 ex
1786 3025 1934 3075 Italia
1980 3025 2227 3075 decedere

1282 3102 1489 3147 coactus
1526 3103 1633 3156 est,
1666 3096 1718 3143 in
1742 3094 1887 3146 Catil.
1916 3095 1977 3154 4,
2011 3094 2103 3151 10,
2134 3093 2221 3144 21.

1279 3192 1351 3203 -—-
1376 3164 1576 3215 Bellum
1604 3164 1853 3215 Punicum
1884 3163 2164 3212 secundum
2194 3176 2227 3211 a

1282 3234 1443 3299 portis
1470 3232 1623 3281 huius
1654 3232 1797 3281 urbis
1828 3230 2060 3279 avulsum
2089 3244 2225 3279 com-

1280 3302 1412 3367 pulit
1430 3302 1563 3349 intra
1588 3300 1815 3357 hostium
1836 3300 2062 3360 moenia,
2096 3300 2159 3347 de
2178 3314 2221 3347 r.

1282 3386 1336 3437 p.
1376 3370 1403 3421 1
1476 3369 1503 3420 1
1574 3369 1624 3422 1.
1655 3395 1727 3407 —-
1756 3367 2044 3423 Africanus.
2063 3368 2226 3417 maior

1285 3453 1439 3501 quum
1463 3436 1638 3487 consul
1660 3445 1793 3487 esset
1812 3451 1928 3486 cum
1944 3436 2021 3486 Ti.
2046 3436 2223 3501 Longo
