2500 3850
301 193 430 254 414

369 358 702 411 concitatione
751 356 1141 422 defungeretur,
1195 371 1315 407 cen-

369 442 506 487 sere,
549 433 602 474 ut
631 426 699 475 ad
731 433 935 477 senatus
965 428 1315 475 auctoritatem

367 495 546 562 populi
566 510 767 559 quoque
785 496 998 551 Romani
1015 495 1313 545 beneficium

371 580 490 631 erga
511 580 623 615 eum
645 564 1028 631 adiungeretur,
1063 579 1156 630 pro
1177 562 1310 615 Sest.

371 634 468 696 34,
509 636 594 684 74.
632 660 700 670 —
735 634 940 684 Interim
982 648 1137 695 quum
1177 633 1315 684 omni

367 718 537 765 mora,
567 703 936 765 ludificatione,
962 701 1214 752 calumnia
1233 716 1315 752 se-

369 780 519 823 natus
539 773 812 823 auctoritas
839 772 1196 837 impediretur,
1225 786 1315 821 ve-

370 844 444 891 nit
479 842 681 891 tandem
723 841 927 892 concilii
962 841 1026 890 de
1072 840 1315 891 Cicerone

372 911 557 977 agendi
576 911 684 961 dies
714 912 850 961 VIII.
885 909 995 959 Kal.
1027 910 1169 961 Febr.
1209 910 1317 959 Hoc

373 988 538 1030 autem
560 981 643 1030 die
666 978 873 1030 Clodius
897 994 1009 1029 cum
1029 980 1135 1028 suis
1167 979 1316 1028 adse-

371 1048 498 1099 culis
527 1049 680 1097 caede
711 1049 763 1097 in
795 1048 902 1097 foro
935 1049 1158 1096 maxima
1181 1046 1317 1096 faeta

370 1115 645 1177 multisque
674 1115 950 1170 vulneratis
977 1115 1182 1164 comitia
1209 1122 1315 1163 tur-

369 1186 508 1235 bavit
555 1184 872 1247 reditumque
919 1182 1174 1235 Ciceronis
1223 1184 1317 1233 ssu-

369 1256 506 1306 mine
565 1254 830 1319 sanguinis
881 1252 1316 1303 intercludendum

371 1323 597 1389 putavit,
636 1323 712 1371 lb.
743 1322 839 1384 35,
878 1322 962 1375 75.
994 1349 1063 1359 —
1091 1322 1318 1372 Tandem

373 1394 507 1445 facto
527 1399 732 1443 senatus
751 1391 980 1443 consulto
996 1427 1011 1456 ‚
1043 1398 1098 1440 ut
1119 1391 1317 1441 Cicero-

372 1464 452 1513 nis
473 1476 624 1512 causa
643 1463 808 1511 cuncti
827 1461 1036 1524 quirem
1057 1460 1198 1527 publ.
1215 1460 1316 1509 sal-

374 1546 488 1581 vam
517 1530 704 1581 vellent
727 1546 790 1580 ex
811 1528 954 1579 Italia
977 1530 1328 1580 convocaren-'

372 1612 457 1650 tur
487 1598 930 1663 compluribusque
969 1599 1170 1649 Lentuli
1207 1613 1311 1649 cos·

375 1678 424 1719 et
463 1667 696 1732 Pompeii
733 1667 1053 1719 contionibus
1095 1668 1158 1717 de
1204 1669 1316 1717 eius

373 1736 536 1787 salute
555 1736 742 1786 habitis
761 1736 1004 1787 Lentulus
1025 1736 1202 1787 consul
1232 1752 1315 1785 se-

373 1813 547 1856 natum
578 1804 966 1871 in-Capitolium
996 1806 1313 1865 convocavit,

371 1875 546 1939 ibique
590 1877 642 1925 in
687 1876 877 1941 templo
922 1874 1058 1926 Iovis
1107 1881 1316 1926 senatus

375 1945 656 1997 consultum
682 1947 746 1996 de
765 1945 1003 1996 Cicerone
1028 1944 1315 1996 revocando

374 2016 563 2066 factum
580 2022 674 2078 est,
689 2016 739 2063 in
753 2014 980 2080 Pompeii
996 2015 1315 2076 sententiam,

376 2086 463 2148 qui
494 2085 558 2134 de
581 2084 769 2148 scripto
795 2084 931 2134 dicta
958 2085 1206 2133 sententia
1235 2081 1318 2138 Ci-

375 2154 544 2203 ceroni
590 2154 936 2202 testimonium
990 2158 1317 2202 conservatae

373 2222 568 2287 patriae
589 2221 811 2280 dederat,
831 2234 924 2284 pro
946 2219 1074 2270 Sest.
1091 2219 1177 2282 60,
1196 2219 1314 2271 128.

371 2315 446 2329 --
489 2288 648 2352 quue
686 2290 892 2339 senatus
928 2288 1215 2338 consultum
1265 2291 1319 2338 in

373 2358 570 2410 theatro
587 2395 600 2420 ,
634 2373 788 2421 quum
813 2373 874 2408 eo
896 2357 1071 2408 consul
1091 2365 1141 2407 et
1167 2371 1319 2406 sena-

373 2439 510 2480 tores
533 2429 600 2478 ad
629 2427 776 2478 ludos
805 2428 1108 2492 spectandos
1133 2439 1317 2478 conve-

373 2500 597 2563 nissent,
649 2496 934 2548 incredibili
991 2497 1210 2547 clamore
1270 2503 1319 2544 et

375 2569 551 2632 plausu
573 2568 952 2632 comprobatum
977 2574 1069 2616 est.
1108 2566 1315 2615 Postero

376 2637 458 2687 die
475 2637 528 2686 in
546 2637 686 2686 curia
706 2637 961 2684 decretum
985 2643 1088 2696 est,
1116 2651 1180 2684 ne
1201 2635 1315 2696 quis

377 2705 442 2754 ad
480 2704 806 2768 impedienda
843 2705 1049 2754 comitia
1084 2703 1145 2752 de
1177 2702 1317 2750 caelo

375 2778 629 2832 servaret,
671 2786 734 2821 ne
771 2773 888 2833 quis
928 2787 1118 2821 moram
1155 2768 1317 2820 ullam

376 2837 626 2900 adferret,
679 2843 723 2888 si
759 2841 874 2900 quis
909 2840 1053 2888 aliter
1093 2839 1315 2901 fecisset,

377 2924 489 2958 eum
540 2907 690 2972 plane
734 2922 1019 2959 eversorem
1059 2910 1132 2957 rei
1173 2908 1312 2974 publ.

375 2978 487 3030 fore
542 2977 693 3042 idque
736 2987 966 3028 senatum
1017 2979 1318 3044 gravissime

374 3047 625 3108 laturum,
681 3055 729 3096 et
779 3056 835 3096 ut
883 3047 1050 3096 statim
1101 3049 1164 3097 de
1208 3050 1318 3097 eius

378 3117 509 3167 facto
537 3116 837 3181 referretur,
873 3116 970 3167 hoc
1004 3130 1203 3181 quoque
1225 3119 1317 3167 ad-

377 3185 562 3241 ditum.
606 3187 650 3237 si
690 3186 868 3238 diebus
907 3187 1154 3250 quinque,
1205 3187 1317 3249 qui-

375 3257 472 3304 bus
493 3256 578 3322 agi
599 3256 661 3305 de
675 3255 917 3306 Cicerone
935 3257 1197 3322 potuisset,
1218 3271 1317 3304 non

378 3332 512 3374 esset
548 3331 740 3385 actum,
779 3326 966 3376 rediret
1008 3327 1058 3374 in
1103 3325 1317 3390 patriam

350 3389 625 3456 dignitate
661 3395 798 3442 omni
848 3403 1174 3458 recuperata,
1226 3408 1315 3457 pro

381 3458 508 3510 Sest.
533 3459 630 3523 61,
653 3463 772 3515 129.
803 3487 870 3498 -—
903 3462 1068 3512 Simul
1093 3462 1317 3512 decrevit

804 202 876 248 M.
903 200 1200 248 TULLIUS
1231 202 1303 248 M.
1328 201 1391 249 F.
1418 202 1492 249 M.
1516 202 1585 249 N.
1612 201 1885 251 CICERO.

1454 364 1691 416 senatus,
1723 364 1778 403 ut
1806 357 1900 421 iis,
1932 358 2017 419 qui
2046 372 2111 407 ex
2131 364 2241 408 tota
2262 358 2399 407 Italia

1454 426 1635 475 salutis
1672 422 1929 475 Ciceronis
1962 440 2121 476 eausa
2151 440 2399 476 convene-

1447 496 1596 555 rant,
1630 502 1899 559 agerentur
1927 494 2121 561 gratiae
2159 503 2318 559 atque
2354 504 2398 543 ut

1450 564 1609 615 iidem
1630 564 1696 612 ad
1715 578 1797 614 res
1817 565 2085 615 redeuntes
2101 570 2159 613 ut
2171 566 2400 615 venirent

1452 639 1781 699 rogarentur,
1804 647 1897 697 pro
1918 631 2050 683 Sest.
2075 632 2163 691 62,
2194 632 2318 684 129.
2340 660 2399 669 —

1452 703 1625 753 Pridie
1651 700 1781 754 Non.
1822 702 1996 753 Sextii.
2038 700 2124 752 lex
2158 702 2224 751 de
2258 716 2399 751 revo-

1454 771 1613 822 cando
1636 769 1877 820 Cicerone
1910 771 2130 821 comitiis
2150 772 2399 821 centuria-

1454 841 1519 891 tis
1537 840 1603 891 ad
1620 837 1865 905 populum
1890 840 1994 891 lata
2020 848 2097 891 est
2127 846 2177 889 et
2201 854 2397 889 summo

1454 909 1679 963 omnium
1692 910 2030 960 centuriarum
2046 923 2309 960 consensu
2324 924 2397 959 ac-

1456 985 1620 1044 cepta.
1654 977 1845 1027 Eadem
1874 979 1959 1028 die
1984 978 2161 1029 Cicero
2182 978 2397 1043 Dyrrha·

1454 1048 1569 1097 chio
1600 1046 1857 1111 profectus
1876 1048 2037 1097 Nonis
2064 1046 2213 1097 Sext.
2240 1046 2397 1096 Brun-

1456 1118 1644 1167 disium
1696 1118 1859 1181 venit,
1910 1116 2084 1179 ibique
2136 1115 2311 1166 Tullia
2356 1117 2397 1164 ei

1454 1190 1657 1252 praesto
1676 1183 1803 1245 fuit,
1838 1186 1995 1234 natali
2020 1199 2114 1235 suo
2142 1184 2247 1235 die.
2280 1185 2400 1234 Inde
2485 1230 2486 1235 ,

1456 1269 1485 1303 a
1504 1252 1828 1303 Brundisinis
1858 1253 2223 1305 honestissime
2256 1268 2398 1303 orna-

1452 1330 1534 1373 tus
1570 1323 1666 1376 iter
1694 1323 1766 1371 ita
1796 1322 1947 1383 fecit,
1982 1330 2038 1371 ut
2076 1322 2307 1384 undique
2337 1322 2397 1371 ad
2485 1322 2486 1327 ’

1454 1406 1569 1441 eum
1618 1406 1733 1441 cum
1776 1390 2209 1458 congratulatione
2248 1392 2397 1456 legati
2485 1414 2486 1419 =

1454 1460 1700 1522 venerint,
1716 1460 1781 1511 ad
1802 1462 1908 1510 Att.
1927 1461 1977 1523 4,
1996 1459 2044 1521 1,
2065 1462 2118 1509 4.
2154 1462 2205 1509 in
2227 1462 2394 1512 Pison-

1456 1532 1554 1591 22,
1580 1530 1665 1581 51.
1702 1556 1766 1565 -
1786 1516 1866 1579 Act
1896 1530 2071 1579 urbem
2102 1530 2239 1595 prid.
2269 1529 2395 1578 Non.

1456 1597 1594 1663 Sept.
1617 1600 1687 1649 ita
1711 1599 1873 1663 venit,
1896 1606 1952 1657 ut
1970 1612 2119 1648 nemo
2140 1598 2300 1649 ullius
2322 1614 2397 1647 or-

1457 1668 1591 1717 dinis
1642 1667 1792 1717 bomo
1845 1667 2212 1718 nomenclatori
2252 1674 2397 1717 notus

1454 1736 1634 1798 fuerit,
1666 1738 1753 1799 qui
1780 1738 1827 1785 ei
1846 1738 2046 1787 obviam
2074 1751 2173 1787 non
2204 1736 2397 1786 venerit

1455 1812 1657 1871 praeter
1682 1806 1929 1856 inimicos,
1985 1806 2149 1867 Quum
2177 1806 2397 1855 venisset

1455 1876 1521 1926 ad
1539 1880 1735 1941 portam
1755 1872 2009 1940 Capenam
2024 1911 2037 1936 ‚
2058 1876 2254 1941 gradus
2271 1881 2397 1925 tem-

1454 1944 1655 2008 plorum
1684 1945 1746 1994 ab
1773 1945 1946 1995 infima
1978 1945 2126 2010 plebe
2160 1943 2397 2011 completi

1457 2020 1616 2076 erant,
1631 2029 1661 2062 a
1678 2028 1777 2077 qua
1797 2014 1983 2080 plausu
1999 2015 2227 2064 maximo
2244 2027 2395 2077 quum
2485 2029 2486 2082 ᾗ

1458 2089 1590 2131 esset
1620 2083 1668 2131 ei
1686 2083 1958 2148 gratulatio
1985 2083 2299 2148 significata,
2330 2083 2395 2130 si·

1458 2151 1593 2200 milis
1618 2158 1667 2200 et
1687 2152 1970 2214 frequentia
1988 2161 2037 2203 et
2052 2152 2266 2218 plausus
2286 2165 2395 2200 eum

1454 2235 1613 2284 usque
1638 2221 1704 2270 ad
1724 2219 2027 2286 Capitolium
2050 2220 2324 2272 celebravit
2347 2220 2395 2267 in

1458 2288 1668 2352 foroque
1705 2295 1753 2338 et
1785 2293 1838 2340 in
1872 2292 1985 2356 ipso
2019 2291 2271 2356 Capitolio
2306 2289 2394 2337 mi-

1456 2359 1616 2408 randa
1656 2359 1922 2411 multitudo
1954 2359 2076 2420 fuit,
2112 2361 2180 2409 ad
2211 2360 2316 2410 Att.
2348 2360 2397 2416 4,
2485 2387 2486 2390 =

1460 2427 1486 2478 1
1505 2464 1519 2488 ,
1540 2427 1589 2476 5.
1632 2429 1679 2476 iu
1700 2427 1872 2478 Pison.
1893 2429 1961 2479 22
1976 2463 1990 2488 ,
2010 2429 2099 2480 52.
2123 2454 2192 2462 -
2210 2427 2397 2477 Postri-
2485 2459 2486 2462 κ

1458 2496 1560 2559 die,
1584 2497 1619 2548 i.
1636 2513 1680 2546 e.
1702 2496 1859 2546 Nonis
1880 2495 2043 2562 Sept„
2060 2496 2263 2547 senatui
2282 2510 2397 2562 gra·

1455 2565 1555 2615 tias
1578 2565 1681 2630 egit
1700 2573 1747 2616 et
1764 2581 1919 2628 quum
1940 2580 1999 2616 eo
2020 2567 2177 2616 biduo
2200 2578 2396 2614 summa

1458 2641 1595 2685 esset
1620 2649 1848 2684 annonae
1870 2635 2050 2684 caritas
2069 2633 2397 2696 Clodianique
2485 2637 2486 2682 t

1460 2701 1715 2754 Ciceronis
1738 2719 1891 2770 opera
1910 2703 2150 2754 frumenti
2171 2703 2397 2767 inopiam
2485 2705 2486 2734 1

1458 2787 1573 2822 esse
1600 2773 1894 2835 clamarent,
1929 2773 2117 2822 factum
2145 2779 2222 2824 est
2252 2785 2398 2821 sena·
2485 2773 2486 2794 ³

1456 2849 1539 2891 tus
1576 2841 1861 2891 consultum
1895 2843 1947 2892 in
1986 2840 2247 2891 Ciceronis
2286 2855 2398 2890 sen-
2485 2843 2486 2888 Ξ

1456 2911 1693 2969 tentiam,
1722 2919 1777 2960 ut
1795 2911 2035 2976 Pompeio
2064 2916 2293 2975 potestas
2325 2909 2396 2957 rei
2485 2915 2486 2958 ἒ

1459 2977 1817 3030 frumentariae
1880 2982 1931 3030 in
1996 2978 2396 3042 quinquennium
2485 2973 2486 3034 ζ

1457 3048 1690 3109 daretur,
1712 3050 1779 3099 ad
1800 3051 1901 3101 Att.
1922 3051 1983 3110 4,
2011 3047 2038 3096 1
2055 3086 2070 3110 ,
2090 3047 2141 3098 6.
2165 3071 2231 3082 —
2258 3045 2392 3096 Prid.
2485 3101 2486 3108 χ

1456 3115 1570 3168 Kal.
1596 3115 1793 3168 Octobr.
1818 3117 1991 3168 Cicero
2015 3116 2137 3166 dicit
2163 3115 2228 3164 de
2246 3114 2392 3164 domo
2485 3169 2486 3176 χ

1456 3200 1548 3234 sua
1564 3222 1577 3245 ,
1628 3186 1780 3248 quam
1832 3187 2039 3238 Clodius
2088 3185 2391 3236 incenderat.
2485 3191 2486 3200 ¹

1457 3254 1533 3305 De
1570 3255 1677 3305 eius
1710 3257 2025 3306 restitutione
2052 3254 2393 3304 contentiones

1458 3325 1510 3373 in
1530 3331 1735 3389 senatu,
1760 3326 1831 3374 lb.
1855 3327 1907 3383 4,
1930 3325 1979 3386 2,
2000 3325 2050 3376 2.
2084 3349 2141 3360 -
2166 3323 2287 3372 Eius
2308 3320 2392 3369 do-

1461 3407 1600 3442 mum
1634 3401 1682 3442 et
1716 3394 1868 3445 villas
1906 3405 2035 3444 coss.
2076 3407 2142 3442 ex
2191 3395 2391 3441 senatus

1460 3460 1691 3512 consulto
1708 3463 2042 3514 restituendas
2062 3457 2394 3524 locant‚illam
