2500 3850
205 165 287 226 24

277 331 474 393 Cretici,
489 335 703 383 oratoris
721 349 895 398 nepos,
909 343 1056 384 natus
1073 336 1210 386 cirea

276 419 321 451 a.
350 419 397 452 u.
420 418 462 450 c.
486 401 604 452 671.
622 439 637 465 ,
663 411 872 452 mortem
895 405 991 452 sibi
1013 405 1206 454 consci-

275 471 348 518 vit
379 487 424 519 a.
458 487 510 521 u.
534 487 576 519 c.
601 471 718 521 724.
736 508 751 531 ,
773 486 930 520 annos
951 480 1097 522 natus
1119 471 1203 522 53.

277 543 346 588 De
368 540 662 589 libidinibus
697 540 1068 591 adolescentiae
1096 543 1206 590 eius

273 609 364 658 cfr.
389 608 612 673 Philipp.
637 609 695 668 2,
723 607 801 674 18,
825 611 909 660 44.
936 636 1002 645 -
1019 610 1092 662 Ib.
1119 609 1203 670 19,

271 677 356 728 48.
393 678 601 726 Intimus
626 685 732 726 erat
751 679 802 726 in
819 679 1076 727 tribunatu
1093 676 1205 728 Clo-

273 747 376 806 diu,
395 762 441 796 a.
458 761 507 794 u.
526 762 568 793 c.
588 744 706 796 696.
730 745 857 796 Dein
878 747 971 795 iter
984 747 1207 796 Alexan-

271 816 434 866 driam
457 814 601 870 fecit,
633 824 736 863 tum
761 816 812 863 in
833 814 1062 873 Galliam,
1088 816 1206 866 inde

273 901 386 938 a.u.
403 899 446 932 c.
463 883 582 935 701.
606 883 672 932 ad
694 891 1017 945 quaesturam
1031 893 1205 949 peten-

272 955 385 1003 dam
408 955 620 1002 Romam
638 953 804 1012 rediit,
829 953 904 1005 Ib.
927 952 1010 1009 20,
1030 952 1116 1002 49.
1137 979 1202 990 --

271 1023 515 1083 Quaestor
534 1030 610 1070 est
630 1021 820 1082 faetuS,
849 1037 894 1070 a.
922 1038 972 1072 u.
993 1037 1035 1070 c.
1062 1022 1202 1083 702„

272 1093 344 1141 ΙΙ).
365 1091 409 1155 §.
429 1089 512 1140 50.
531 1090 661 1138 -P.
680 1089 907 1140 Clodium
925 1089 1204 1141 interficere

268 1160 556 1224 temptavit,
583 1173 676 1223 pro
699 1158 886 1208 Milone
914 1159 976 1209 15
991 1196 1005 1219 ,
1025 1160 1112 1210 40.
1135 1185 1203 1196 -

269 1231 396 1278 Eum
437 1227 619 1276 Caesar
653 1229 762 1277 sine
801 1235 934 1278 sorte
969 1236 1204 1292 quaesto-

267 1314 373 1348 rem
393 1297 582 1362 delegit
603 1311 648 1345 a.
673 1311 724 1344 u.
755 1312 797 1344 c.
825 1297 974 1361 702„
1009 1298 1074 1345 ad
1094 1296 1198 1346 Att.

270 1369 330 1425 6,
365 1369 425 1430 6,
457 1365 505 1416 3.
531 1380 782 1429 ——augur
808 1367 970 1415 factus
1003 1381 1050 1414 a.
1078 1383 1125 1414 u.
1153 1381 1200 1414 c.

269 1436 385 1486 704.
407 1472 420 1494 ,
442 1437 508 1484 ad
537 1436 637 1484 Att.
663 1432 725 1493 9,
746 1433 808 1497 9,
828 1433 876 1484 3.
917 1435 992 1484 lb.
1020 1433 1112 1493 10,
1149 1435 1196 1484 1.

265 1508 316 1554 4.
339 1534 405 1542 —
431 1505 496 1553 M.
523 1503 730 1553 Antonii
749 1504 918 1552 contio
939 1501 1111 1554 habita
1131 1503 1196 1552 X.

267 1573 377 1622 Kal.
401 1575 506 1622 Ian.
530 1571 641 1638 (23.
661 1571 779 1620 Dec.
804 1571 951 1632 704.)
969 1609 982 1632 ,
1007 1573 1071 1622 ad
1096 1572 1197 1620 Att.

266 1644 297 1692 7
315 1679 328 1702 ‚
351 1641 408 1705 8,
441 1641 490 1690 5.
515 1670 584 1679 --
602 1639 669 1688 M.
700 1639 948 1690 Antonius
981 1642 1097 1690 trib.
1124 1639 1196 1705 pl.

267 1727 313 1761 a.
345 1726 396 1759 u.
421 1725 464 1758 c.
488 1708 604 1759 705.
631 1709 962 1772 proficiscitur
982 1711 1048 1758 ad
1079 1711 1200 1758 Cae-

267 1794 461 1842 sarem,
501 1778 567 1827 ad
613 1777 732 1826 fam.
781 1776 871 1837 16,
911 1778 973 1828 11
990 1815 1006 1841 ,
1053 1779 1102 1827 2.
1134 1805 1198 1812 --

266 1848 502 1897 Sulmone
524 1844 576 1895 C.
601 1847 785 1894 Accius
816 1844 1052 1911 Pelignus
1081 1861 1199 1910 ape-

267 1918 365 1967 ruit
386 1916 604 1965 Antonio
623 1921 824 1981 portaS,
845 1915 911 1964 ad
930 1919 1030 1964 Att.
1057 1913 1118 1979 8,
1147 1916 1198 1973 4,

266 1988 314 2038 3.
341 2012 406 2021 --
441 1986 560 2033 Eius
590 1984 783 2033 litterae
815 1985 880 2033 ad
909 1984 1196 2035 Ciceronem

265 2056 479 2113 missae,
516 2055 582 2104 ad
605 2054 707 2106 Att.
737 2053 829 2115 10,
858 2053 917 2113 8,
937 2053 1020 2104 10.
1045 2054 1108 2103 A.
1131 2078 1198 2088 —

264 2125 466 2174 Alteras
489 2122 684 2173 litterae
706 2118 1053 2186 παροινικῶς
1071 2122 1198 2171 scri-

265 2192 596 2258 ptae,1b.ep.
626 2191 719 2254 10,
753 2193 804 2242 2.
841 2191 962 2256 Agit
984 2206 1098 2239 cum
1118 2189 1198 2239 Ci-

263 2276 444 2312 cerone
461 2298 474 2319 ‚
499 2262 566 2310 ad
591 2263 694 2314 Att.
718 2260 810 2321 10,
843 2260 932 2317 12,
966 2260 1017 2309 1.
1040 2285 1109 2313 -.-
1132 2260 1198 2309 ad

265 2331 370 2384 Att.
401 2330 494 2395 10,
522 2330 614 2393 15,
644 2327 694 2382 3.
711 2356 782 2365 —
807 2328 1080 2393 Cytherida
1105 2329 1198 2376 mi-

264 2415 398 2448 mam
423 2414 594 2449 secum
617 2397 794 2448 lectica
815 2406 990 2463 aperta
1012 2404 1194 2463 portat,

250 2469 472 2519 ¹alteram
497 2481 737 2526 uxorem,
762 2469 826 2518 ad
854 2467 960 2520 Att.
987 2467 1078 2528 10,
1109 2464 1194 2523 10,

263 2539 311 2587 5.
338 2546 385 2586 et
406 2552 490 2601 ep.
521 2538 609 2593 16,
638 2538 793 2591 5.1b.
830 2536 892 2587 11
913 2573 926 2596 ,
960 2538 1012 2588 4.
1033 2535 1196 2584 —Ib.

265 2606 358 2665 10,
408 2605 502 2667 13,
553 2606 579 2655 1
625 2614 672 2654 et
714 2608 762 2655 2.
813 2607 934 2654 Post
971 2617 1196 2668 pugnam

263 2674 602 2723 Pharsalicam
617 2674 740 2735 quid
753 2674 912 2740 egerit
932 2688 1046 2721 cum
1060 2672 1199 2721 Cice-

264 2758 382 2791 rone
409 2758 452 2790 a.
478 2758 527 2793 u.
557 2758 602 2789 e.
625 2740 755 2801 706,
789 2742 856 2791 ad
886 2742 989 2791 Att.
1018 2740 1077 2790 ll
1099 2776 1112 2798 ,
1145 2741 1195 2799 7,

265 2814 313 2860 2.
342 2812 416 2862 Ib.
440 2810 531 2868 12,
558 2809 643 2871 19,
662 2811 810 2862 2.1b.
833 2825 914 2874 ep.
939 2809 1034 2868 20,
1060 2810 1107 2858 1.
1130 2833 1198 2844 —-

262 2881 326 2929 ad
357 2881 462 2929 Att.
488 2878 547 2928 11
565 2913 579 2937 ,
614 2878 704 2937 18,
736 2879 785 2931 1.
809 2904 875 2914 --
898 2878 1122 2942 Philipp.
1143 2878 1196 2936 2,

262 2948 355 3011 29,
379 2948 464 2999 71.
497 2947 562 2995 cl.
589 2947 660 2997 ib.
693 2948 750 3007 2,
786 2948 880 3011 25,
919 2946 1005 2999 62.
1026 2972 1093 2982 -
1116 2946 1194 2996 Ib.

263 3020 292 3067 2
313 3052 326 3075 ,
355 3016 451 3074 26,
479 3015 566 3067 64.
588 3040 655 3049 -
674 3015 832 3074 Quem
865 3015 1030 3065 locum
1061 3014 1198 3079 apud

265 3084 326 3133 Ca
336 3098 528 3134 esarem
545 3090 661 3148 post
677 3087 786 3133 eius
807 3100 870 3140 ex
883 3084 1060 3134 Africa
1078 3083 1192 3133 red-

266 3154 388 3201 itum
428 3153 727 3214 obtinuerit,
765 3155 840 3204 Ib.
870 3153 931 3214 2,
965 3152 1062 3211 29,
1101 3152 1186 3202 71.

265 3248 328 3259 -—
347 3224 408 3271 Α.
439 3238 491 3271 u.
512 3236 558 3271 c.
581 3220 681 3271 707
713 3230 763 3271 et
780 3220 898 3276 708.
924 3220 1194 3287 refrigera-

264 3300 344 3339 tus
382 3304 412 3338 a
451 3288 681 3339 Caesare.
716 3316 788 3327 —-
820 3294 884 3341 A.
923 3290 1041 3344 708.
1078 3289 1195 3339 Ful-

261 3360 422 3418 viam,
442 3360 500 3410 P.
524 3358 688 3409 Clodii
711 3366 760 3409 et
781 3358 835 3409 C.
866 3359 1097 3409 Curionis
1119 3359 1194 3407 vi-

264 3427 442 3484 duam,
475 3428 524 3475 in
547 3430 920 3478 matrimonium
947 3429 1108 3479 duxit.
1130 3453 1196 3462 —

810 181 882 226 M.
914 180 1265 228 ANTONIUS
1295 183 1463 229 Mala.
1497 183 1566 228 M.
1600 185 1669 228 N.

1348 336 1607 386 Profectus
1640 345 1715 386 est
1744 338 1792 386 in
1817 337 2115 402 Hispaniam
2136 377 2151 402 ,
2187 343 2303 392 sed:

1347 405 1631 456 Narbonem
1688 414 1877 455 tantum
1939 422 1994 455 se
2049 410 2299 472 contulit,

1346 473 1567 538 Philipp.
1588 475 1649 532 2,
1680 474 1749 524 29
1768 483 1816 524 et
1838 472 1921 525 30.
1942 477 2026 538 §§.
2050 478 2293 528 74—76.

1347 542 1411 590 ad
1443 546 1547 596 Att.
1576 543 1661 606 12,
1682 543 1763 592 18.
1794 559 1841 595 a.
1874 543 1921 592 1.
1942 568 2014 581 ·—-
2038 543 2306 609 Repenti-

1343 624 1440 659 nus
1459 613 1568 660 eius
1588 612 1781 661 reditus
1802 627 1865 661 ex
1890 611 2053 661 Gallia
2073 614 2137 663 ad
2161 629 2296 663 con-

1344 679 1563 728 sulatum
1595 681 1895 744 petendum,
1925 679 2054 730 Phil.
2090 683 2151 741 2,
2190 683 2291 747 30,

1345 747 1430 799 76.
1470 749 1542 801 Ib.
1564 751 1612 807 2,
1631 747 1695 798 31
1714 782 1728 807 ,
1761 749 1843 801 77.
1875 774 1947 786 -—
1976 749 2179 800 Caesari
2213 767 2297 800 ex

1343 817 1585 881 Hispania
1601 818 1829 866 redeunti
1851 816 2053 867 obviam
2072 832 2292 882 proees-

1341 887 1422 934 sit.
1446 914 1512 922 --
1542 887 1713 935 Iussus
1746 893 1823 934 est
1856 888 2134 935 renuntiari
2160 902 2297 936 con·

1343 953 1421 1003 sul
1464 963 1512 1004 et
1552 955 1756 1016 quidem
1802 969 1916 1002 cum
1952 957 2067 1019 ipso
2104 954 2187 1019 (in
2228 973 2285 1006 a.

1343 1021 1492 1085 710.)
1516 1023 1589 1076 Ib.
1607 1025 1658 1083 2,
1680 1022 1764 1086 32,
1786 1022 1853 1072 78
1872 1039 1983 1086 sqq.
2003 1049 2075 1062 -—-
2090 1025 2146 1077 P.
2174 1024 2287 1074 Do-

1343 1091 1555 1141 labellae
1576 1093 1781 1142 comitia
1811 1092 2093 1144 consularia
2126 1095 2293 1142 vitia·

1342 1162 1428 1209 vit.
1451 1161 1523 1212 lb.
1544 1163 1592 1222 §.
1614 1159 1683 1210 80
1701 1160 2285 1230 sqq.—-Lupercalibus

1344 1227 1546 1279 Caesari
1565 1229 1799 1278 diadema
1831 1230 2077 1289 ostendit,
2108 1230 2180 1278 Ib.
2222 1231 2287 1290 2,

1343 1298 1427 1358 34,
1442 1297 1526 1351 85.
1552 1297 1734 1364 fragm.
1750 1311 1803 1360 p.
1818 1297 1937 1348 256.
1949 1299 2283 1348 —Facinora

1342 1367 1404 1416 ab
1442 1383 1499 1416 eo
1548 1374 1665 1430 post
1698 1366 2005 1430 Lupercalia
2046 1383 2093 1415 a.
2137 1383 2187 1415 u.
2232 1385 2288 1418 ο.

1343 1435 1463 1487 710.
1501 1436 1801 1494 commissa,
1836 1434 2059 1498 Philipp.
2099 1434 2191 1494 13,
2222 1434 2284 1494 8,

1342 1503 1407 1554 17
1428 1519 1540 1565 sqq.
1555 1529 1628 1542 -—·
1650 1501 1811 1552 Malus
1832 1504 1939 1551 eius
1961 1505 2160 1551 animus
2175 1541 2189 1563 ,
2209 1505 2287 1552 ad

1340 1575 1445 1622 Att.
1481 1571 1694 1632 15,20,
1727 1573 1775 1620 2.
1811 1571 1882 1622 1b.
1912 1574 1963 1633 5.
1994 1574 2047 1623 4.
2084 1573 2159 1622 Ib.
2188 1573 2285 1632 15,

1340 1643 1423 1691 22.
1444 1641 1599 1690 —ad
1623 1643 1726 1688 Att.
1750 1638 1837 1696 16,
1876 1640 1966 1704 11,
2002 1639 2050 1694 1.
2080 1641 2158 1692 Ib.
2186 1656 2279 1706 ep.

1342 1710 1431 1764 14,
1459 1710 1507 1760 1.
1527 1735 1599 1748 -—-
1616 1710 1879 1759 Praeterea
1898 1709 1994 1758 huc
2020 1711 2285 1774 pertinent

1341 1781 1408 1829 ad
1428 1779 1548 1828 fam.
1578 1779 1672 1839 16,
1696 1777 1763 1828 23
1781 1811 1799 1842 ,
1826 1779 1877 1827 2.
1914 1779 1991 1829 lb.
2012 1779 2107 1837 24,
2130 1781 2184 1831 2.
2206 1806 2285 1816 --

1339 1847 1403 1898 ad
1423 1848 1548 1896 fam.
1572 1844 1663 1906 10,
1687 1847 1743 1904 1,
1766 1846 1813 1895 1.
1854 1846 1926 1895 Ib.
1949 1847 2009 1908 5,
2030 1846 2081 1899 3.
2100 1849 2275 1900 —-1b.

1342 1916 1431 1973 11,
1464 1917 1515 1966 2.
1548 1944 1614 1952 -
1646 1915 1711 1964 ad
1741 1913 1863 1965 fam.
1903 1914 1995 1978 11,
2031 1914 2174 1975 1,1.
2207 1945 2277 1954 —

1341 1986 1429 2046 (M.
1455 1985 1596 2033 Bruti
1615 1993 1663 2034 et
1679 1982 1842 2033 Cassii
1860 1982 2045 2034 Praett.
2070 1985 2136 2033 ad
2157 2000 2279 2034 eum

1340 2054 1586 2118 epistolae
1617 2054 1775 2111 duae,
1811 2054 1885 2101 lb.
1918 2067 2033 2116 epp.
2058 2054 2091 2101 2
2111 2061 2159 2101 et
2185 2052 2285 2118 3.)

1339 2126 1412 2173 lb.
1433 2123 1654 2185 3,4.—
1679 2122 1745 2171 ad
1772 2120 1893 2170 fam.
1920 2120 2169 2181 11,,9,1.
2211 2138 2280 2171 ex

1338 2206 1469 2241 anno
1500 2207 1549 2243 u.
1578 2206 1622 2241 o.
1648 2189 1798 2254 711.,
1830 2190 1895 2237 ad
1925 2188 2044 2239 fam.
2072 2189 2167 2253 12,
2204 2186 2279 2243 25

1338 2276 1384 2310 a.
1405 2260 1457 2311 6.
1477 2286 1543 2294 -
1565 2260 1632 2309 ad
1650 2258 1770 2307 fam.
1794 2255 1885 2316 10,
1917 2257 2011 2317 28,
2039 2258 2085 2307 1.
2105 2286 2173 2294 -
2192 2260 2273 2309 Ib.

1340 2327 1433 2390 10,
1466 2326 1561 2387 31,
1598 2328 1649 2376 2.
1678 2327 1751 2376 lb.
1785 2325 1878 2382 11,
1907 2326 2003 2385 28,
2032 2329 2081 2376 7.
2105 2328 2278 2380 —1b.

1340 2397 1434 2457 12,
1466 2397 1527 2457 2',
1560 2397 1607 2445 1.
1633 2395 1795 2444 —-1b.
1820 2410 1899 2459 ep.
1923 2393 1973 2444 3.
1997 2422 2063 2429 —
2084 2395 2157 2446 Ib.
2187 2394 2275 2454 10,

1340 2464 1433 2527 13,
1477 2466 1526 2513 2.
1566 2470 1615 2513 et
1655 2463 1778 2513 ibid.
1818 2462 1911 2524 19,
1953 2464 2006 2511 2.
2044 2490 2111 2498 -
2151 2464 2278 2514 Post

1337 2534 1566 2583 Caesaris
1584 2533 1790 2581 caedem
1809 2547 1956 2594 quem
1978 2531 2045 2580 ad
2063 2532 2278 2581 modum

1337 2618 1391 2653 se
1416 2601 1660 2666 gesserit,
1688 2599 1820 2649 Phil.
1857 2601 1914 2661 1,
1955 2600 1981 2649 1
1999 2637 2013 2659 ,
2039 2601 2089 2663 §-
2114 2600 2272 2650 1—4.

1339 2699 1406 2707 --
1435 2672 1506 2719 Ib.
1528 2671 1590 2730 2,
1622 2668 1673 2718 5.
1711 2669 1776 2717 ad
1810 2669 1917 2720 Att.
1953 2667 2043 2728 14,
2076 2667 2137 2730 8,
2174 2670 2278 2719 Ka·-

1338 2739 1501 2790 lendis
1535 2737 1693 2787 Iuniis
1714 2743 1904 2786 mutata
1926 2738 2123 2796 omnia,
2143 2736 2277 2786 nihil

1333 2824 1426 2874 per
1441 2814 1699 2867 senatum,
1724 2804 1882 2855 multa
1908 2812 1957 2855 et
1975 2820 2161 2869 magna
2178 2820 2283 2870 per

1335 2877 1585 2944 populum
1612 2885 1661 2925 et
1686 2876 1895 2924 absente
1912 2874 2103 2939 populo
2124 2882 2175 2923 et
2196 2875 2277 2922 in·

1338 2948 1470 3006 vito,
1499 2946 1572 2994 Ib.
1605 2947 1653 3007 5.
1681 2943 1731 2994 6.
1755 2971 1822 2979 -
1852 2942 2143 3004 Sequuntur
2174 2942 2277 2993 loci

1336 3014 1599 3081 praecipui
1619 3013 1681 3062 de
1701 3013 1919 3060 Antonio
1947 3026 2008 3059 ex
2036 3012 2275 3075 epistolis

1333 3084 1399 3133 ad
1440 3082 1689 3143 Atticum,
1730 3096 1793 3129 ex
1832 3078 2012 3143 quibus
2048 3082 2277 3133 maxime

1336 3151 1522 3211 elucet,
1544 3164 1761 3212 quonam
1782 3150 1834 3198 in
1853 3163 1965 3197 eum
1990 3150 2159 3197 animo
2176 3163 2277 3214 per

1332 3233 1492 3270 annos
1524 3218 1813 3269 710—711.
1849 3217 2003 3266 variis
2030 3219 2275 3281 tempori-

1335 3290 1429 3339 bus
1461 3288 1612 3336 fuerit
1641 3285 1841 3340 Cicero.
1874 3285 2061 3334 adAtt.
2090 3284 2183 3349 14,
2216 3286 2270 3346 3,

1335 3356 1573 3407 2.-1b.
1608 3370 1690 3419 ep.
1723 3355 1790 3419 5,
1829 3354 1980 3407 1.1b.
2017 3368 2095 3418 ep.
2125 3353 2188 3416 6,
2220 3356 2271 3404 1.

1336 3425 1503 3473 -1b.
1528 3438 1605 3488 ep.
1630 3422 1691 3486 8,
1718 3422 1765 3473 l.
1788 3448 1855 3457 —
1875 3422 1941 3471 ad
1959 3421 2081 3475 fam.
2108 3422 2190 3484 11,
2223 3422 2270 3487 1,
