2500 3850
763 238 1087 295 ULUBRAE
1109 258 1196 269 --
1215 238 1542 293 VALERIA.

192 394 275 445 74.
315 394 388 443 lb.
429 394 472 455 l,
512 394 596 456 44,
641 392 852 443 196.-
887 392 959 441 De
997 392 1135 443 Ulixi

143 486 152 493 ·
193 463 466 522 erroribUS,
503 462 567 512 de
595 462 680 511 off.
713 462 761 520 1,
801 460 888 526 31,
931 462 1047 513 113.
1066 487 1134 498 ·-

191 532 420 581 Hernicis
440 530 871 581 aetatibusUlixes
892 539 942 579 et
957 531 1136 579 Nestor

193 608 240 650 et
258 599 459 649 fuerunt
479 607 527 647 et
545 598 706 648 habiti
725 606 842 648 sunt
853 600 1128 665 sapienteS,

192 669 398 719 Tuscul.
435 670 487 729 5,
523 667 573 729 3,
606 670 654 716 7.
675 668 838 717 ——De
871 668 980 718 eius
1012 683 1132 732 pru-

192 739 377 797 dentia,
410 738 482 786 lb.
517 736 565 800 l,
603 737 690 798 41,
723 736 807 787 98.
828 762 897 772 -
917 735 1131 785 Multum

193 807 358 856 landis
382 808 435 855 in
454 805 669 855 dicendo
689 804 823 854 Ulixi
842 806 1014 855 tribuit
1031 804 1132 853 Ho-

192 889 359 925 merus
381 882 428 923 et
447 874 663 933 Nestori,
687 873 823 925 Brut.
853 872 934 933 10,
953 872 1040 925 40.
1065 898 1130 910 --

191 945 366 995 'Ulixes
385 940 800 1003 πτολίπορθος,
822 943 887 991 ad
902 941 1024 992 fam.
1043 940 1127 1001 10,

194 1012 274 1069 13,
304 1014 354 1061 2.
376 1041 445 1051 -
477 1011 674 1059 Erravit
705 1012 757 1059 iu
787 1012 913 1059 mari
940 1012 1126 1074 Tusce,

192 1083 256 1130 de
287 1089 412 1131 orat.
447 1079 499 1141 3,
535 1079 616 1140 19,
649 1079 737 1132 69.
760 1105 822 1115 -
858 1079 995 1129 Ulixi
1026 1080 1127 1127 Ho-

189 1150 366 1200 merici
395 1163 603 1214 procera
641 1157 689 1197 et
726 1155 896 1198 tenera
934 1148 1123 1212 palma,

191 1234 341 1281 quam
381 1219 494 1268 Deli
538 1233 594 1267 se
629 1218 822 1267 vidisse
857 1218 1012 1277 dixit,
1062 1218 1126 1266 de

188 1289 289 1353 leg.
316 1288 364 1350 1,
403 1288 450 1345 1,
478 1288 531 1339 2.
554 1286 811 1338 —Ulixes
831 1286 1050 1335 Ithacam
1071 1296 1127 1335 ut

187 1357 400 1411 videret,
431 1354 856 1404 immortalitatem
892 1355 1129 1404 scribitur

189 1424 510 1489 repudiasse,
552 1424 616 1473 de
653 1424 754 1488 leg.
791 1424 843 1481 2,
887 1424 933 1481 1,
972 1422 1024 1475 3.
1060 1450 1130 1457 -

189 1492 365 1544 Ulixes
403 1492 644 1542 invitatus
675 1490 988 1540 aSirenibus
1016 1505 1129 1541 ver-

189 1564 330 1612 sibus
359 1575 390 1609 a
411 1561 651 1611 Cicerone
675 1562 727 1608 in
749 1560 982 1609 Latinum
1009 1572 1122 1608 con-

188 1631 371 1688 versis,
405 1630 468 1678 de
491 1628 578 1677 fin.
602 1629 652 1691 5,
683 1627 765 1690 18,
783 1629 868 1681 49.
888 1654 959 1664 —
981 1628 1132 1678 Com·

191 1702 496 1749 memoratur
514 1698 578 1746 ad
594 1697 714 1747 fam.
731 1697 780 1757 1,
808 1697 890 1749 10.
915 1698 978 1746 de
998 1704 1127 1749 orat.

189 1768 240 1829 3,
271 1767 359 1825 40,
392 1766 510 1816 162.
532 1792 601 1801 --
625 1764 854 1815 Anticlea
873 1765 1008 1817 Ulixi
1037 1780 1130 1829 pe·-

189 1838 281 1887 des
313 1835 542 1894 abluens,
577 1834 782 1886 Tuscul.
819 1834 869 1893 5,
913 1834 996 1893 16,
1039 1833 1125 1883 46.

185 1932 258 1942 —-
291 1904 486 1962 Ulixes,
529 1904 938 1970 sapientissimus
975 1903 1128 1952 Grae-

157 1975 320 2054 ⁸ciac,
347 1976 399 2022 in
427 1973 622 2038 Niptris
655 1971 923 2053 Sophoclis
953 1982 1002 2022 et
1031 1973 1128 2021 Pa-

189 2043 326 2093 cuvii
363 2043 664 2092 lamentatur
697 2043 748 2090 in
784 2042 1014 2101 vulnere,
1053 2042 1125 2090 lb.

188 2114 238 2171 2,
271 2111 358 2169 21,
377 2110 464 2162 48.
492 2136 554 2146 -
575 2111 873 2161 insimulant
894 2125 1008 2160 eum
1029 2119 1129 2158 tra-

189 2180 405 2244 goediae
434 2179 753 2242 simulatione
782 2181 1013 2230 insaniae
1033 2179 1130 2228 mi-

188 2249 347 2296 litiam
361 2246 960 2312 supterfugerevoluisse.
977 2248 1129 2312 Apud

187 2316 459 2365 Homerum
493 2316 740 2378 optimum
771 2324 1022 2366 auctorem
1057 2326 1130 2365 ta-

193 2386 256 2434 lis
277 2385 340 2433 de
357 2383 504 2434 Ulixe
528 2383 671 2434 nulla
689 2385 918 2450 suspicio
939 2392 1033 2444 est,
1065 2385 1129 2433 de

191 2453 272 2503 off.
293 2452 343 2512 3,
364 2453 449 2510 26,
471 2451 558 2504 97.

117 2519 384 2583 Ulubrae,
415 2519 548 2570 Latii
579 2521 878 2586 oppidulum
897 2522 962 2571 ad
982 2521 1130 2587 paln-

191 2592 281 2640 des
301 2591 612 2654 Pomptinae,
643 2590 711 2638 ad
729 2590 850 2640 fam.
874 2592 924 2648 7,
959 2588 1042 2648 18,
1076 2589 1125 2640 3.

116 2657 438 2710 Ulubranus
488 2658 736 2723 populus,
793 2660 857 2708 ad
903 2659 1026 2711 fam.
1076 2660 1126 2717 7,

117 2795 184 2849 P.
200 2795 534 2858 UmbrenuS,
555 2795 1126 2860 Cat111nauus,mCatil.

118 2901 370 2990 Umbria,
402 2935 544 2998 regio
575 2934 747 2983 ltaliae
779 2936 846 2985 ad
878 2951 1015 2987 mare
1042 2951 1128 2986 su-

185 3018 364 3066 perum
388 3003 615 3052 Etruriae
645 3005 978 3056 exadversum
1011 3008 1126 3055 sita.

185 3100 256 3107 —
281 3071 521 3122 Umbriae
553 3087 736 3130 mores,
770 3088 862 3137 pro
887 3075 1004 3127 Sex.
1026 3077 1128 3125 Ro-

187 3141 293 3189 scio
317 3141 397 3203 16,
420 3141 504 3194 48.
524 3169 595 3180 -
610 3157 698 3206 pro
711 3141 918 3193 Murena
936 3144 1021 3209 20,
1040 3145 1125 3198 42.

188 3210 253 3257 ad
270 3211 370 3263 Ati.
390 3213 469 3261 12.
487 3212 560 3269 G„
578 3211 626 3263 l.
647 3238 718 3247 -—
737 3211 942 3262 Umbria
955 3215 1125 3262 avium

187 3278 634 3342 significationibus
649 3281 921 3345 plurimum
933 3283 1127 3332 obtem-

187 3356 348 3412 perat,
383 3351 444 3396 de
470 3349 627 3399 divin.
655 3351 702 3405 1,
723 3352 810 3412 41,
831 3349 916 3401 92.

119 3413 395 3473 Ummium,
418 3417 481 3465 ad
503 3416 624 3466 fam.
651 3417 729 3471 16,
763 3421 838 3478 14,
866 3421 915 3470 1.

116 3483 257 3551 Upis
289 3487 469 3555 tertiae
500 3485 691 3536 Dianae
717 3498 861 3552 pater
895 3488 1126 3548 traditur,

2086 228 2201 291 431

1277 391 1464 443 Glauce
1494 400 1672 453 mater,
1712 408 1822 443 eam
1853 394 2031 445 Graeci
2056 411 2211 461 saepo

1275 462 1428 527 Upim
1460 470 1674 528 paterno
1704 464 1905 512 nomine
1932 465 2213 531 appellant,

1275 533 1337 579 de
1359 547 1410 582 u.
1433 533 1487 580 d.
1513 531 1565 593 3,
1586 532 1671 595 23,
1699 531 1784 581 58.

1202 597 1414 650 Urania
1433 616 1596 651 musa.
1618 568 1742 649 E’ius
1764 592 1838 665 ᾇῆ
1844 611 1930 656 σις
1948 601 2001 649 in
2010 599 2209 651 Cicero-

1273 671 1352 719 nis
1380 670 1613 720 secundo
1632 670 1695 718 de
1724 668 2005 728 consulatu,
2042 670 2105 719 de
2134 671 2213 720 di-

1272 741 1377 787 vin.
1403 740 1449 803 l,
1480 740 1563 799 11,
1597 738 1680 790 17.
1700 764 1772 773 —
1793 737 1982 787 Urania
1999 738 2213 800 loquens

1273 808 1479 857 inducta
1507 809 1559 855 in
1582 806 1836 856 Ciceronis
1858 806 1987 856 libro
2008 807 2073 858 de
2092 823 2212 857 con-

1270 877 1438 926 sulatu
1462 891 1573 933 suo,
1608 876 1673 925 ad
1693 876 1749 935 Q.
1784 876 1850 925 fr.
1882 878 1933 936 2,
1966 877 1999 925 7
2020 873 2123 941 (9),
2160 878 2209 931 1.

1199 960 1473 1025 Urbinas,
1521 971 1661 1012 ortus
1706 977 1770 1012 ex
1805 962 2083 1027 municipio
2120 963 2211 1013 Ur-

1270 1032 1407 1093 bino‚
1440 1031 1665 1097 Philipp.
1693 1032 1774 1095 12,
1792 1030 1845 1095 8,
1868 1030 1948 1082 19.

1197 1117 1679 1199 Urios.1uppiter
1714 1120 2021 1184 Imperator,
2062 1134 2211 1181 quem

1268 1201 1469 1249 ουριον
1499 1188 1777 1248 nominant,
1809 1188 1956 1239 Verr.
1986 1198 2213 1239 accusat.

1266 1257 1427 1320 4,57,
1452 1255 1567 1305 128.

1196 1324 1383 1383 Utica,
1418 1326 1540 1374 urbs
1567 1332 1615 1372 et
1643 1334 1919 1375 conventus
1955 1327 2005 1373 in
2036 1326 2212 1375 Africa

1270 1393 1480 1458 propria
1523 1394 1629 1442 sive
1676 1394 1726 1442 in
1776 1394 2052 1457 Zeugitana
2099 1396 2211 1444 eius

1268 1472 1431 1527 parte,
1459 1476 1490 1511 a
1510 1476 1609 1525 qua
1628 1462 1696 1515 M.
1722 1462 1843 1513 Cato
1862 1461 2114 1512 Uticensis
2134 1464 2212 1512 di-

1270 1540 1380 1581 ctus
1400 1538 1495 1589 est,
1514 1528 1612 1595 pro=
1621 1529 1812 1581 Scauro
1830 1532 1882 1591 2,
1901 1533 1991 1584 45.
2024 1531 2213 1581 adAtt.

1270 1600 1356 1662 12,
1387 1601 1438 1660 2,
1473 1599 1521 1648 1.

1199 1784 1459 1860 Vaccaei,
1490 1801 1711 1865 populus
1735 1801 2008 1867 Hispaniae
2031 1802 2211 1852 Tarra-

1268 1870 1522 1930 conensis,
1552 1885 1643 1935 pro
1663 1870 1869 1920 Plancio
1890 1870 1975 1930 34,
2006 1869 2092 1921 84.

1197 1954 1277 2008 Μ.
1333 1954 1562 2005 V.accus
1653 1956 1715 2004 V.
1780 1953 1858 2007 Μ.
1922 1952 2214 2006 Vitruvius

1270 2023 1500 2073 Vaccus.

1198 2093 1457 2152 Vacerra,
1485 2092 1689 2141 adram.
1713 2093 1762 2156 7,
1784 2093 1837 2153 8,
1857 2093 1909 2145 2.
1945 2092 2047 2142 Cfr.
2070 2067 2213 2142 Bat-

1272 2167 1413 2211 tara.

1199 2230 1371 2280 Vada.
1401 2231 1475 2280 Ibi
1500 2231 1542 2279 V
1546 2231 1767 2280 emidius
1787 2246 1841 2280 se
1862 2242 1975 2281 cum
1992 2233 2212 2282 Antonio

1270 2301 1533 2348 coniunxit
1560 2315 1607 2353 a.
1631 2315 1680 2348 u.
1698 2315 1744 2349 c.
1767 2301 1907 2358 711„
1940 2301 1999 2350 D.
2022 2300 2209 2350 Brutus

1271 2370 1337 2418 ad
1358 2368 1479 2418 fam.
1504 2368 1586 2427 11,
1620 2369 1704 2428 10,
1730 2369 1781 2421 3.
1802 2394 1873 2404 -
1891 2369 2057 2420 Locus
2081 2371 2212 2418 inter

1270 2439 1594 2502 Apenninum
1613 2445 1662 2486 et
1680 2438 1856 2502 Alpes,
1881 2438 2210 2502 impeditissi-

1272 2521 1381 2556 mus
1419 2506 1485 2554 ad
1524 2509 1619 2554 iter
1652 2506 1966 2565 faciendum,
2005 2507 2077 2557 Ib.
2124 2507 2211 2567 11,

1270 2575 1354 2638 13,
1388 2577 1439 2626 2.

1198 2643 1353 2693 Vada
1379 2643 1763 2692 Volaterrana.
1802 2645 1867 2693 V.
1895 2641 2207 2692 Volaterrn.

1199 2711 1401 2762 Valens
1424 2704 1691 2778 (Κράτος)
1715 2720 1763 2762 et
1776 2711 2005 2772 Coronis,
2027 2726 2214 2777 paren-

1267 2789 1345 2832 tes
1382 2781 1615 2830 Mercurii
1648 2781 1878 2841 secundi,
1912 2782 1975 2830 de
2001 2795 2053 2834 n.
2083 2782 2132 2830 d.
2156 2781 2215 2843 3„

1269 2853 1355 2914 22,
1388 2853 1472 2902 56.

1201 2917 1509 2980 Valentini,
1550 2919 1745 2969 incolae
1774 2919 1990 2968 Vibonis
2020 2918 2209 2968 Valen-

1269 2991 1387 3046 tiae,
1417 2990 1561 3039 Verr.
1584 2996 1804 3038 accusat.
1826 2988 1877 3046 5,
1904 2987 1983 3047 16,
2008 2985 2091 3034 40.
2132 2987 2210 3036 lb.

1268 3059 1320 3117 5,
1349 3058 1434 3113 61.
1471 3056 1587 3110 158.
1637 3058 1704 3106 V.
1723 3052 1865 3105 Vibo
1886 3051 2167 3104 Valentia.

1197 3141 1263 3195 A.
1283 3139 1593 3202 Valentius,
1618 3141 1884 3204 interpres,
1906 3155 2003 3202 quo
2027 3141 2207 3189 Verres

1268 3214 1540 3276 interprete
1568 3223 1678 3258 non.
1698 3209 1764 3258 ad
1792 3208 2019 3273 linguam
2052 3207 2205 3258 Grae·
2242 3211 2249 3216 '

1269 3297 1398 3338 cam,
1437 3281 1525 3329 sed
1561 3279 1627 3329 ad
1662 3277 1791 3326 furta
1831 3287 1879 3327 ct
1908 3279 2103 3342 flagitia
2130 3279 2205 3326 uti

1267 3349 1478 3406 solebat,
1511 3349 1652 3400 Verr.
1672 3355 1891 3396 accusat.
1915 3347 1965 3407 3,
1997 3345 2080 3407 37,
2114 3345 2200 3397 84.

1268 3421 1342 3468 lb.
1370 3421 1421 3482 4,
1454 3417 1540 3480 26,
1572 3417 1655 3469 58.

1197 3485 1426 3538 Valeria
1456 3502 1597 3554 gens.
1650 3488 1807 3537 Vetas
1827 3487 2059 3540 Valeriae
2079 3501 2204 3553 geu·
