2500 3850
263 198 387 261 330

260 362 465 431 Psyria
486 363 667 426 insula,
684 353 869 424 Ψύρα,
886 361 1038 410 hodie
1062 360 1266 421 Ipsam,

334 435 401 483 ad
421 437 521 481 Att.
553 431 633 495 16,
661 428 724 480 13
739 445 785 478 a.
811 432 862 483 2.

261 502 648 553 Ptolemaeum
676 500 1001 564 gymnasium
1036 496 1266 555 AtheniS‚

330 573 419 620 ubi
440 570 649 619 docebat
679 566 991 627 Antiochus,
1029 566 1192 615 defin.
1215 564 1266 626 5,

262 675 619 759 Ptolemaeus
652 705 812 771 Lagi,
852 704 1118 752 familiaris
1153 702 1269 751 Ale·

329 778 528 839 xandri,
555 781 802 823 venenato
822 773 919 821 telo
942 774 1091 832 ictus,
1114 786 1269 833 quum

332 862 395 894 ex
420 845 679 894 doloribus
700 850 978 891 moreretur
995 876 1008 900 ,
1042 840 1270 889 radicula

332 914 618 963 Alexandro
638 927 813 961 somno
833 911 1002 959 oblata
1021 916 1266 967 servatur,

333 986 394 1031 de
414 983 571 1031 divin.
594 984 643 1039 2,
666 980 753 1039 66,
779 976 1270 1031 135.—-Phalereus

329 1051 611 1099 Demetrius
636 1063 788 1110 quum
808 1048 978 1110 patria
994 1045 1171 1109 pulsus
1192 1059 1270 1093 es-

331 1127 406 1167 set
428 1118 634 1176 iniuria,
660 1117 724 1164 ad
750 1114 1090 1164 Ptolemaeum
1114 1128 1169 1162 se
1190 1129 1271 1162 re-

328 1202 444 1251 gem
460 1185 828 1235 Alexandream
848 1183 1074 1245 eontulit,
1093 1183 1156 1231 de
1171 1182 1260 1232 fin.

329 1257 361 1305 5
378 1294 389 1315 ,
414 1255 507 1314 19,
530 1254 613 1303 54.
640 1282 703 1289 -
724 1253 1007 1301 Ptolemaeo
1028 1253 1268 1300 esurienti

330 1338 481 1386 quum
503 1323 720 1373 cibarius
743 1324 794 1370 in
815 1336 932 1370 casa
950 1322 1097 1385 panis
1120 1320 1267 1368 datus

333 1403 496 1450 esset,
535 1392 660 1439 nihil
702 1391 863 1441 visum
902 1400 979 1439 est
1008 1390 1094 1438 illo
1136 1404 1267 1452 pane

330 1462 601 1511 iucundius
618 1498 631 1521 ,
663 1460 870 1510 Tuscul.
892 1460 943 1519 5,
966 1458 1049 1522 34,
1076 1457 1157 1507 97.

255 1530 619 1582 Ptolemaeus
655 1526 1086 1593 Philadelphus.
1139 1528 1265 1575 Ara-

331 1608 433 1647 tum
487 1598 774 1661 Sicyonium
822 1598 1020 1662 grandi·
1050 1596 1266 1659 pecunia

331 1666 549 1728 adiuvit,
587 1666 648 1713 de
668 1665 753 1714 off.
778 1668 827 1725 2,
850 1664 933 1723 23,
953 1665 1037 1715 82.

260 1732 621 1784 Ptolemaeus
643 1732 768 1785 ΧΠ.
786 1768 799 1795 ,
835 1734 919 1795 qui
951 1732 1134 1797 vulgo,
1164 1747 1264 1780 non

329 1818 357 1849 a
421 1802 660 1852 Cicerone
722 1801 952 1853 Auletes
1036 1810 1262 1850 vocatur.

328 1870 482 1932 Eum,
523 1873 610 1934 qui
637 1872 928 1936 Aegyptum
965 1877 1133 1919 teneat
1166 1870 1264 1919 hoe

328 1953 581 2005 tempore,
606 1956 793 2007 genere
810 1955 975 2002 neque
997 1940 1165 1990 animo
1185 1955 1262 1988 re-

326 2011 411 2074 gio
433 2024 562 2073 esse,
586 2011 647 2058 de
668 2009 779 2074 lege
797 2023 905 2074 agr.
930 2011 979 2068 2,
1001 2007 1082 2064 16,
1097 2010 1266 2060 42.—

328 2081 391 2128 A.
414 2094 468 2130 u.
498 2094 543 2131 c.
564 2077 684 2130 698.
714 2080 765 2126 in
795 2092 1007 2141 regnum
1030 2092 1060 2124 a
1078 2077 1265 2125 Roma-

327 2147 405 2194 nis
441 2147 615 2195 reduci
642 2145 818 2195 voluit.
866 2148 931 2196 V.
966 2144 1152 2209 fragm.
1185 2159 1260 2193 or.

328 2215 389 2262 de
428 2228 548 2277 rege
580 2212 927 2262 Alexandrino
956 2226 1009 2276 p.
1044 2213 1163 2264 200.
1192 2240 1264 2252 -

324 2279 645 2332 Ptolemaeus
670 2281 852 2346 pulsus
888 2296 1045 2345 regno
1070 2282 1262 2332 dolosis

323 2351 567 2410 consiliis,
590 2357 645 2398 ut
670 2351 802 2399 dixit
822 2349 1032 2414 Sibylla,
1048 2349 1262 2401 Romam

324 2423 483 2472 venit.
528 2421 657 2469 Huic
693 2420 863 2485 egenti
890 2427 939 2469 et
971 2420 1171 2483 roganti
1204 2419 1259 2468 G.

324 2491 565 2540 Rabirius
582 2489 850 2538 Postumus
867 2489 1134 2554 pecuniam
1156 2503 1263 2537 cre-

324 2560 456 2608 didit
482 2566 605 2620 etc.,
640 2571 732 2620 pro
770 2559 898 2608 Rab.
938 2557 1173 2606 Postumo
1208 2557 1261 2618 2,

322 2629 373 2674 4.
396 2653 461 2662 --
485 2625 609 2674 Cum
632 2639 689 2672 eo
714 2625 895 2675 foedus
925 2626 1067 2674 feriri
1097 2627 1146 2673 in
1169 2625 1262 2674 Ca-

323 2693 502 2757 pitolio
535 2693 734 2742 viderat
768 2694 1067 2757 Postumu8‚
1109 2694 1179 2743 lb.
1212 2694 1262 2753 3,

322 2759 374 2809 6.
415 2787 485 2796 -—
521 2758 841 2810 Ptolemaeus
892 2761 1060 2810 occidi
1112 2763 1263 2811 iussit

325 2827 563 2891 Dionem,
614 2827 1077 2881 Alexandrinorum
1122 2830 1262 2895 lega-

324 2905 457 2959 tum,
490 2897 866 2960 adversarium,
892 2911 982 2961 pro
1007 2897 1144 2948 Cael.
1176 2898 1258 2959 10,

320 2966 407 3017 23.
439 2993 507 3002 —-
536 2965 610 3015 De
645 2981 767 3031 rege
802 2966 1147 3016 Alexandrino
1184 2967 1261 3018 fa-

320 3043 455 3086 ctum
488 3043 564 3086 est
587 3044 791 3084 senatus
822 3035 1106 3086 consultum
1137 3051 1184 3086 a.
1204 3053 1256 3086 u.

323 3121 370 3152 c.
392 3105 511 3157 698.
532 3141 545 3164 ,
566 3119 679 3154 cum
703 3104 1025 3156 multitudine
1042 3120 1157 3156 eum
1176 3121 1257 3154 re-

322 3173 440 3222 duci
458 3173 797 3237 periculosum
825 3175 901 3224 rei
920 3173 1152 3238 publicae
1180 3175 1258 3222 vi·

318 3242 431 3290 deri
458 3249 583 3304 etc.‚
624 3242 690 3291 ad
722 3241 779 3299 Q.
814 3245 875 3292 l'r.
907 3245 938 3292 2
958 3279 971 3300 ‚
998 3245 1059 3303 2,
1096 3241 1146 3294 3.
1190 3243 1260 3291 ad

319 3309 439 3358 fam.
472 3308 530 3368 1,
564 3311 625 3370 1,
660 3311 708 3361 1.
746 3313 815 3362 lb.
842 3313 897 3371 1,
926 3313 987 3368 2,
1023 3310 1072 3359 1.
1098 3313 1251 3362 -Α.

318 3374 559 3425 Gabinius
580 3378 840 3441 seipsum,
867 3379 1139 3429 exereitum
1164 3394 1256 3442 po-

317 3442 428 3504 puli
456 3445 696 3507 Romani,
730 3446 1077 3494 auctoritatem
1108 3460 1257 3494 sena-

641 207 887 253 PSYRIA
916 229 989 235 --
1018 204 1123 251 CN.
1153 204 1516 252 PUBLIGIUS
1547 204 1955 253 MENANDER.

1405 368 1488 409 tus
1517 368 1613 412 etc.
1635 360 1744 424 regi
1764 359 2014 424 Aegyptio
2043 360 2275 409 vendidit
2305 377 2370 411 a.

1407 444 1457 477 u.
1491 443 1535 477 c.
1562 426 1715 490 698.‚
1747 428 1796 475 in
1827 430 1997 477 Pison.
2029 429 2126 487 21,
2160 429 2249 478 48.
2283 457 2374 469 -—

1408 496 1636 546 Mortuus
1673 512 1719 545 a.
1753 511 1802 545 u.
1834 512 1879 549 e.
1913 496 2064 555 703„
2109 496 2251 547 Cael.
2288 501 2372 547 ad

1410 566 1531 617 fam.
1549 565 1612 629 8,
1644 568 1704 629 4,
1729 566 1779 617 5.
1815 565 1882 614 cl'.
1903 567 2058 614 etiam
2077 566 2143 613 ad
2164 566 2274 616 Att.
2300 570 2366 622 2,

1411 634 1491 689 16,
1513 636 1563 684 2.
1590 636 1661 686 Ib.
1685 637 1735 695 4,
1761 633 1842 696 10,
1867 632 1914 685 l.
1940 662 2007 671 —
2027 633 2368 684 Ptolemaeus

1409 703 1520 752 XII.
1545 705 1713 767 potius
1735 718 1882 764 quam
1908 704 2228 767 Ptolemaeus
2256 704 2360 757 XI.

1408 772 1698 821 Alexander
1781 772 2055 834 significari
2125 772 2362 835 videtur,

1409 843 1552 889 Verr.
1576 848 1796 889 accusat.
1821 841 1871 898 2,
1893 840 1977 903 31,
2002 839 2086 889 76.

1339 906 1700 959 Ptolemaeus
1734 908 1886 972 Cypri
1915 925 2034 971 rex,
2071 907 2230 958 frater
2257 912 2362 957 mi-

1408 992 1501 1027 nor
1518 978 1793 1027 Ptolemaei
1821 977 1935 1029 XIl.
1952 1014 1966 1041 ,
1999 977 2111 1041 lege
2127 979 2360 1027 tribuni-

1411 1048 1488 1095 cia
1509 1046 1562 1098 P.
1594 1046 1785 1107 Clodii,
1821 1046 1958 1094 nulla
1988 1046 2177 1095 iniuria
2207 1060 2359 1095 com-

1409 1124 1712 1171 memorata,
1743 1114 1896 1164 nullis
1926 1115 2078 1165 rebus
2098 1116 2357 1179 repetitiS,

1409 1198 1524 1232 cum
1578 1185 1726 1233 bonis
1776 1187 2007 1233 omnibus
2055 1184 2357 1248 publicatus

1410 1259 1512 1315 est,
1542 1266 1634 1315 pro
1655 1252 1784 1302 Sest.
1820 1254 1917 1317 26,
1951 1253 2019 1303 57
2039 1267 2151 1314 sqq.
2192 1254 2261 1301 cl.
2289 1255 2358 1303 de

1409 1322 1560 1371 domo
1589 1336 1682 1371 sua
1701 1322 1762 1384 8,
1797 1322 1882 1372 20.
1923 1322 1998 1379 Ib.
2031 1322 2132 1383 20,
2168 1322 2259 1374 52.
2283 1349 2356 1357 --

1410 1390 1626 1454 Cyprum
1675 1406 1768 1454 per
1809 1384 2158 1441 'Ptolemaeum
2214 1389 2356 1439 nihil

1407 1459 1596 1507 audere
1643 1460 1732 1512 Cn.
1779 1458 2006 1523 Pompeii
2045 1458 2210 1522 gloria
2249 1468 2354 1521 est,

1405 1542 1500 1590 pro
1519 1527 1694 1575 Flacco
1717 1528 1799 1587 15,
1825 1526 1909 1578 30.

1335 1593 1706 1659 Prolemaeis,
1721 1598 1964 1660 oppidum
1977 1596 2354 1660 Aegypti,Ale-

1397 1664 1646 1714 arandi-iae
1666 1666 2006 1728 propinquum
2022 1702 2035 1724 ,
2057 1666 2122 1713 ad
2143 1664 2273 1713 fam.
2301 1666 2350 1716 1.

1338 1801 1406 1865 Q.
1429 1798 1769 1851 Publicenus
1791 1837 1806 1863 ‚
1833 1801 1898 1849 ad
1919 1802 1979 1859 Q.
2009 1801 2072 1850 fr.
2104 1801 2130 1850 1
2147 1837 2160 1859 ,
2199 1803 2261 1861 2,
2294 1804 2347 1851 4.

1335 1936 1625 1990 Publicius
1657 1948 1824 1998 vates,
1866 1940 1929 1989 de
1962 1939 2118 1994 divin.
2155 1940 2214 1999 1,
2253 1939 2346 1999 50,

1409 2009 1524 2060 115.
1555 2009 1625 2057 Ib.
1647 2009 1697 2070 2,
1721 2007 1945 2067 55,,113.

1333 2073 1655 2137 Publicius,
1683 2077 1836 2127 homo
1855 2076 2113 2140 perditae,
2147 2075 2346 2126 sodalis

1406 2144 1674 2203 Catilinae,
1703 2147 1754 2194 in
1775 2144 1918 2194 Catil.
1943 2146 1996 2205 2,
2020 2145 2072 2201 2,
2093 2145 2143 2195 4.

1337 2212 1397 2263 C.
1431 2210 1722 2264 Publicius
1752 2216 1806 2263 P.
1835 2213 2132 2262 Mummium
2168 2214 2346 2262 cuius-

1405 2284 1480 2330 vis
1521 2284 1768 2346 temporis
1814 2282 2072 2332 hominem
2107 2281 2344 2346 appella-

1403 2351 1517 2410 bat,
1543 2352 1605 2400 de
1625 2361 1752 2400 orat.
1775 2352 1823 2412 2,
1845 2350 1929 2410 67,
1961 2351 2080 2404 271.

1335 2415 1673 2484 (Publicius)
1731 2417 2033 2469 Malleolus
2055 2454 2072 2482 ,
2123 2426 2338 2468 matrem

1403 2487 1652 2538 interfecit
1689 2497 1736 2537 et
1776 2494 2041 2552 propterea
2083 2487 2228 2536 culeo
2263 2489 2342 2535 in-

1403 2557 1593 2620 suitur,
1620 2557 1685 2605 ad
1703 2557 1820 2607 Her.
1846 2557 1894 2619 l,
1919 2555 2000 2620 13,
2025 2555 2110 2606 23.

1337 2624 1398 2678 G.
1434 2622 1774 2690 (Publicius)
1805 2623 2110 2675 Malleolus
2125 2661 2142 2687 ‚
2185 2640 2340 2687 quae-

1403 2701 1507 2741 stor
1569 2694 1656 2743 Cu.
1721 2694 2042 2754 Dolabellae,
2116 2696 2335 2753 oecisuS,

1401 2763 1551 2811 Verr.
1577 2771 1798 2813 accusat.
1825 2762 1850 2812 l
1868 2798 1881 2820 ‚
1905 2763 1996 2826 15,
2013 2763 2101 2814 41.
2126 2789 2192 2800 -
2213 2763 2339 2811 Eius

1401 2830 1596 2880 seelera
1619 2839 1668 2879 et
1689 2831 1907 2896 flagitia,
1941 2831 2014 2884 lb.
2038 2831 2097 2891 1,
2119 2829 2216 2894 36,
2247 2830 2334 2880 91.

1398 2923 1465 2933 —
1485 2900 1608 2950 Eius
1625 2900 1760 2950 filius
1783 2900 2008 2965 pupillus
2033 2899 2282 2963 spoliatus
2309 2915 2336 2947 a

1399 2967 1584 3029 Verre,
1606 2968 1679 3018 Ib.
1707 2970 1753 3029 1,
1781 2969 1864 3033 36,
1885 2967 1952 3018 92
1975 2983 2089 3033 sqq.

1333 3031 1432 3084 Cn.
1448 3034 1738 3087 Publicius
1752 3036 2073 3088 Menander.
2093 3035 2203 3086 Non
2225 3038 2335 3086 sine

1399 3119 1554 3156 causa
1577 3105 1640 3155 de
1663 3105 1755 3159 Gn.
1785 3106 2011 3156 Publicio
2035 3105 2332 3166 Menandre,

1399 3173 1632 3226 libertino
1650 3175 1872 3236 homine,
1894 3190 2042 3236 quem
2066 3173 2223 3240 legati
2235 3175 2334 3223 Ro-

1399 3244 1538 3292 mani
1576 3244 1629 3292 in
1667 3243 1930 3293 Graeciam
1959 3243 2334 3308 proficiscentes

1397 3312 1721 3374 interpretem
1745 3327 1918 3362 seeum
1947 3312 2136 3362 habere
2159 3311 2332 3360 volue-

1395 3387 1537 3441 runt,
1585 3381 1651 3429 ad
1687 3380 1932 3446 populum
1969 3381 2155 3443 latum,
2197 3385 2252 3430 ut
2287 3382 2332 3428 is

1395 3446 1677 3511 Publicius,
1698 3449 1743 3496 si
1763 3448 1966 3498 domum
1983 3450 2265 3498 revenisset
2284 3457 2331 3497 et
