2500 3850
230 195 349 255 160

298 362 643 418 Antonianas,
669 359 890 424 Philipp.
918 357 1003 422 13,
1036 359 1118 420 12,
1146 358 1230 410 26.

295 431 363 480 ad
382 432 487 483 Ait
516 429 615 490 11,
636 428 721 479 20.
754 431 823 478 cf.
855 427 995 480 Cael.
1020 429 1086 478 ad
1114 429 1231 478 fam.

227 535 561 634 Q.Ga'llii1s.
599 568 661 615 V.
688 561 984 629 Quinctius
1012 565 1229 616 Gallus.

228 639 297 704 Q.
332 634 552 687 Gallius
584 635 803 683 ambitus
847 651 963 684 reus
1002 635 1059 684 fit
1095 651 1125 684 a
1166 637 1229 684 Μ.

296 706 490 755 Calidio
516 705 731 755 Caesare
756 712 805 753 et
823 704 1002 768 Figulo
1024 719 1155 754 coss.
1179 718 1226 758 a.

294 793 345 824 u.
381 791 423 826 e.
457 773 576 824 690.
598 810 613 834 ,
646 772 885 822 defensus
914 788 942 821 a
973 772 1229 834 Cicerone,

292 859 385 908 pro
409 843 570 893 Gallio
594 840 776 907 fragm.
810 842 856 890 1.
878 857 929 905 p.
951 842 1069 893 217.
1090 841 1229 893 Brut.

294 913 387 974 80,
421 913 523 962 277
544 925 658 973 sqq.
677 938 742 946 —-
766 911 824 968 Q.
854 908 1075 969 Gauius,
1104 911 1231 959 civis

292 983 357 1032 ad
378 982 707 1030 ambitionem
726 979 1227 1044 gratiosissimus,‚Q.

295 1051 399 1100 Cic.
424 1051 489 1100 de
506 1056 611 1113 pet.
638 1061 777 1098 cons,
800 1047 851 1111 5,
876 1048 959 1098 19.

223 1118 289 1170 Ρ.
314 1115 634 1179 Gallonius,
662 1131 845 1180 praeco
862 1153 877 1177 ‚
912 1130 1001 1180 pro
1026 1117 1228 1176 Quinet.

293 1187 379 1252 30,
403 1186 491 1239 94.
515 1214 580 1222 -
600 1185 657 1234 Ρ.
682 1183 970 1247 Gallonius,
994 1185 1133 1236 lurco
1156 1186 1232 1235 fa·

292 1271 497 1317 mosns,
531 1255 729 1304 derisus
758 1269 787 1303 a
806 1255 1027 1316 Luciliu,
1061 1255 1123 1304 de
1143 1255 1230 1304 fin.

290 1328 343 1385 2,
366 1324 417 1384 8,
438 1327 506 1376 24
526 1324 682 1377 εῑ25.
724 1325 799 1372 lb.
818 1323 869 1385 2,
894 1323 979 1383 28,
1004 1324 1091 1376 90.

228 1394 428 1446 Gallus
465 1394 690 1457 quidam.
750 1393 872 1442 Eius
913 1395 1129 1457 dictum,
1168 1394 1231 1442 de

294 1472 415 1515 onat.
438 1465 489 1524 2,
512 1461 601 1527 66,
622 1463 742 1514 265.

228 1533 425 1584 Gallus
454 1549 481 1580 e
513 1531 754 1596 Phrygia,
791 1533 1027 1581 sacerdos
1059 1506 1229 1580 Matris

292 1603 503 1657 Idaeae,
529 1602 594 1649 ad
614 1601 724 1654 Her
749 1602 799 1664 4,
822 1601 907 1664 49,
934 1600 1019 1651 62.

224 1671 289 1720 C.
304 1669 523 1720 Gallus
548 1671 612 1718 V.
636 1667 697 1718 C.
712 1637 993 1734 Sulpicius
1010 1667 1228 1720 Gallus.

226 1739 290 1788 C.
321 1737 542 1798 Gallus,
568 1747 789 1786 senator.
830 1741 977 1788 Verr.
1006 1749 1229 1790 accusat.

292 1809 353 1867 3,
374 1805 470 1867 65,
497 1804 612 1853 152.

222 1875 302 1927 M.
333 1873 531 1925 Gallus
560 1871 788 1922 Fadius.
822 1874 885 1922 V.
916 1872 995 1923 M.
1020 1871 1229 1925 Fadius

152 1998 168 2006 ,
298 1943 516 1995 Gallus.

228 2013 428 2065 Gallus
446 2008 713 2061 Caninius
732 2011 861 2061 falsa
872 2012 1124 2075 scriptura
1135 2026 1228 2076 pro

297 2084 349 2133 C.
384 2082 550 2129 Annio
567 2117 580 2139 ,
604 2081 669 2129 ad
692 2083 793 2129 Au.
818 2080 903 2138 15,
929 2081 1013 2141 13,
1036 2080 1088 2132 3.

223 2152 297 2217 Q.
323 2148 540 2200 Gallus.
576 2150 641 2197 V.
679 2146 975 2214 Quinctius
1012 2147 1227 2199 Gallus.

226 2218 427 2280 Gallus
466 2215 789 2278 Cornelius,
822 2217 1081 2267 familiaris
1116 2220 1231 2267 Asi-

294 2290 366 2338 nii
386 2287 630 2337 Pollionis
648 2324 661 2345 ‚
684 2288 749 2337 ad
769 2286 891 2337 fam.
918 2287 1009 2347 10,
1030 2288 1124 2349 22,
1146 2288 1195 2338 5.

219 2356 493 2420 Gamala,
514 2357 718 2422 Liguris
744 2360 916 2406 nescio
940 2358 1085 2406 cuius
1106 2356 1227 2417 filia,

296 2430 361 2478 ad
384 2430 483 2476 Att.
513 2428 592 2487 12,
615 2426 701 2487 23,
722 2426 773 2481 3.

226 2494 522 2548 Gamelion
582 2498 768 2544 mensis
824 2496 1227 2556 Atheniensium,

294 2566 358 2614 de
380 2565 466 2613 fin.
494 2567 546 2625 2,
568 2562 653 2623 31,
678 2562 797 2615 101.

226 2632 483 2700 Ganges,
505 2634 677 2681 Indiae
703 2633 917 2697 fluvius,
944 2634 1007 2683 de
1032 2648 1073 2682 r.
1098 2650 1151 2698 p.
1173 2632 1224 2697 6,

294 2702 379 2764 20,
398 2704 486 2753 22.

220 2768 613 2835 Ganymedes,
668 2768 1029 2820 Laomedontis
1072 2770 1226 2831 filius,

268 2840 355 2887 ab
377 2838 455 2886 dis
476 2846 671 2901 raptus,
693 2846 746 2885 ut
764 2838 869 2887 Iovi
890 2840 1059 2888 bibere
1081 2841 1229 2889 mini-

224 2925 229 2929 ·
292 2913 498 2969 straret,
520 2906 723 2954 Tuscul.
750 2905 807 2968 l,
828 2906 923 2970 26,
950 2906 1034 2957 65.
1074 2908 1137 2957 ol.
1159 2910 1226 2958 ib.

293 2977 326 3025 4
341 3014 353 3035 ,
391 2974 457 3026 33
472 3010 486 3036 ,
519 2975 602 3024 71.
620 3000 691 3011 —
711 2974 1027 3038 Ganymedes
1046 2976 1229 3040 poeula

292 3045 611 3106 ministram,
638 3044 703 3093 de
722 3059 771 3093 ιι.
802 3046 851 3093 d.
877 3045 921 3107 1,
944 3045 1029 3107 40,
1057 3046 1171 3095 112.

227 3111 557 3180 Gargettius
606 3112 855 3179 Epicurus
906 3130 937 3163 a
985 3113 1224 3177 Gargetto

293 3196 427 3246 pago
441 3182 755 3241 Atheniensi,
772 3182 837 3231 ad
849 3182 969 3235 fam.
986 3182 1068 3244 15,
1084 3182 1221 3244 16,’1.

228 3249 288 3299 C.
317 3248 637 3318 Gargonius
654 3288 667 3314 ,
689 3268 841 3314 eques
865 3254 1027 3315 Rom„
1051 3252 1227 3301 rabula

294 3318 552 3381 indoctuS,
576 3321 667 3370 sed
696 3320 1037 3371 solutissimns
1070 3323 1117 3369 in
1144 3323 1224 3371 di-

293 3389 451 3505 (Ιτεὸιὸᾱο
486 3398 535 3437 et
571 3391 925 3453 acutissimus,
964 3391 1103 3441 Brut.
1137 3390 1224 3451 48,

576 205 640 264 Q.
676 205 971 271 GALLIUS
1004 225 1081 234 --
1119 205 1182 252 L.
1219 205 1514 252 GELLIUS
1545 203 1964 252 POBLICOLA.

1307 359 1528 410 Gaurus
1562 373 1734 418 monS,
1767 360 1820 408 in
1856 358 2162 427 Campania,
2191 364 2316 414 vlno

1373 429 1573 478 nobilis.
1597 429 1726 476 Eum
1747 436 1968 477 montem
1988 432 2203 481 vendere
2225 449 2315 483 vo-

1373 498 1506 546 lebat
1539 496 1593 545 P.
1630 497 1836 557 Rullus,
1875 498 1940 548 de
1965 499 2080 564 lege
2109 515 2222 566 agr.
2257 504 2314 566 2,

1307 604 1520 686 Gavius
1545 632 1764 698 Ofella,
1787 649 1876 699 pro
1896 633 2032 685 Sestr
2049 635 2133 698 33,
2155 639 2242 688 72.

1303 703 1366 754 L.
1393 700 1625 753 Gavius.
1661 703 1726 752 M.
1751 704 1890 753 Bruti
1912 721 2017 754 rem
2037 709 2088 754 in
2110 706 2316 772 Cappa-

1375 773 1526 822 docia
1546 775 1872 836 procurabat,
1895 775 1962 824 ad
1979 775 2086 824 Att.
2105 775 2158 837 6,
2183 778 2230 838 1,
2256 781 2308 830 4.

1375 844 1606 905 Ingratus
1625 840 1877 891 fuitinM.
1899 841 2209 906 Ciceronem,
2236 847 2314 900 lb.

1373 909 1424 968 6,
1447 909 1497 972 3,
1518 909 1569 960 6.
1601 910 1712 960 Fuit
1731 911 2008 972 Firmanus
2031 915 2100 962 Ib.
2118 917 2169 974 4,
2185 915 2312 976 8b.,

1373 979 1424 1030 3.
1459 977 1523 1026 V.
1543 975 1811 1030 Pii-mani.

1303 1045 1368 1096 P.
1411 1045 1652 1110 Gavius,
1687 1033 1949 1099 Consanus
1983 1053 2246 1117 municeps
2281 1069 2315 1103 a

1374 1117 1566 1165 Verre
1555 1132 1606 1165 ιιι
1629 1133 1828 1168 erueem
1854 1129 1994 1168 actus
2009 1157 2024 1181 ,
2044 1121 2187 1173 Verr.
2219 1137 2314 1171 ac-

1373 1193 1536 1234 cusat.
1560 1187 1610 1249 5,
1633 1185 1718 1250 61,
1744 1187 1840 1236 158
1861 1203 1971 1250 sqq.

1305 1252 1374 1302 T.
1429 1251 1642 1304 Gavius
1693 1253 1928 1320 Caepio,
1981 1256 2208 1321 locuples
2264 1267 2316 1309 et

1373 1323 1674 1386 splendidus
1691 1324 1864 1382 homo,
1888 1327 1952 1374 ad
1966 1327 2069 1376 Au.
2085 1327 2135 1389 5,
2159 1325 2242 1386 20,
2259 1329 2312 1377 4.

1307 1391 1638 1442 Gedusanus
1676 1409 1822 1458 ager,
1859 1394 1922 1443 de
1957 1393 2072 1460 lege
2107 1411 2216 1460 agr.
2257 1397 2312 1461 2,

1305 1528 1574 1580 Geleuses
1594 1531 1786 1580 incolae
1809 1532 1986 1595 oppidi
2007 1531 2159 1582 Gelae
2179 1530 2313 1581 Sici-

1371 1599 1468 1648 iiae
1482 1636 1495 1659 ,
1519 1601 1661 1649 iuxta
1681 1600 1920 1664 fluvium,
1949 1602 2034 1663 qui
2057 1599 2208 1650 Gelas
2228 1602 2314 1651 di-

1371 1669 1595 1728 cebatur,
1609 1669 1764 1718 hodie
1783 1669 1947 1718 Terra
1967 1685 2142 1732 nuova,
2161 1672 2309 1724 Verr.

1372 1743 1592 1788 accusat.
1617 1737 1667 1799 3,
1689 1736 1776 1800 43,
1802 1737 1918 1788 103.
1947 1740 2020 1791 ib.
2041 1741 2092 1803 4,
2113 1736 2196 1796 33,
2217 1739 2308 1792 73.

1304 1804 1490 1866 Gellia
1521 1815 1568 1853 et
1602 1804 1864 1856 Cornelia
1891 1806 2000 1867 leX,
2036 1822 2128 1871 pro
2149 1807 2311 1857 Balbo

1304 1939 1740 2005 Gelliihistoriek
1765 1945 1829 1993 de
1851 1946 2009 1994 divin.
2035 1946 2082 2003 1,
2106 1944 2191 2005 26,
2217 1945 2307 1998 55.

1372 2010 1556 2075 deleg.
1579 2013 1626 2069 1,
1649 2015 1698 2072 2,
1721 2012 1772 2062 6.

1301 2080 1366 2131 1..
1383 2077 1600 2129 Gellius
1623 2080 1848 2143 aequalis
1864 2068 2052 2143 Crassi,
2079 2084 2310 2144 Antonii,

1370 2150 1428 2203 L.
1450 2148 1698 2213 Philippi,
1719 2157 1904 2211 orator,
1925 2120 2063 2204 Bmt’.
2081 2154 2166 2217 47,
2187 2151 2308 2205 174

1403 2219 1435 2265 l.
1467 2220 1534 2267 ib.
1558 2220 1643 2282 27,
1672 2218 1786 2269 105.
1857 2234 1866 2239 ·

1302 2236 1398 2337 Iac
1409 2284 1628 2337 Gellius
1664 2284 1990 2350 Poblicola,
2039 2288 2312 2339 familiaris

1374 2356 1661 2415 CiceroniS,
1697 2371 1849 2419 quum
1884 2371 1976 2421 pro
2009 2357 2215 2407 consule
2245 2374 2313 2408 ex

1367 2435 1603 2491 praetura
1647 2426 1696 2473 in
1751 2424 2011 2475 Graeciam
2068 2428 2312 2493 venisset,

1370 2496 1586 2545 Athenis
1631 2494 1966 2559 philosophos
2015 2498 2312 2545 convocavit

1367 2565 1596 2629 ipsisque
1617 2579 1802 2629 magno
1824 2579 1972 2629 opere
1993 2572 2164 2613 auctor
2189 2564 2309 2628 fuit,

1371 2642 1425 2682 ut
1449 2634 1718 2695 aliquando
1740 2635 2194 2683 controversiarum
2217 2634 2310 2681 ali-

1371 2718 1522 2765 quem
1560 2702 1782 2751 facerent
1816 2704 2018 2754 modum
2065 2713 2196 2763 etc„
2245 2703 2309 2751 de

1371 2772 1474 2837 leg.
1519 2771 1577 2835 1,
1615 2770 1710 2833 20,
1751 2771 1836 2823 53.
1878 2798 1948 2808 -
1985 2770 2198 2821 Causam
2235 2770 2304 2819 Μ.

1371 2840 1563 2890 Octavii
1583 2841 1788 2905 Liguris
1811 2841 2057 2891 senatoris
2079 2840 2310 2889 defendit

1369 2924 1417 2961 a.
1451 2924 1502 2958 u.
1540 2924 1585 2958 c.
1625 2909 1773 2965 680..
1814 2912 1956 2959 Verr.
1999 2917 2223 2959 accusat.
2256 2910 2307 2969 1,

1369 2978 1465 3039 48,
1501 2977 1616 3028 125.
1640 3006 1712 3014 -
1733 2978 1916 3028 Consul
1949 2978 2046 3027 i'uit
2074 2993 2186 3027 cum
2213 2978 2305 3027 Cn.

1369 3046 1600 3096 Cornelio
1621 3047 1833 3097 Lentulo
1854 3048 2096 3099 Clodiano
2117 3062 2162 3097 a.
2184 3062 2236 3095 u.
2259 3062 2305 3096 c.

1365 3114 1516 3174 682„
1536 3117 1608 3165 Ib.
1633 3118 1693 3177 2,
1720 3116 1816 3179 39,
1840 3117 1928 3170 95.
1947 3116 2090 3167 -L.
2110 3114 2306 3165 Gellius

1365 3200 1480 3235 cum
1501 3184 1699 3251 collega
1717 3186 1806 3236 Cn.
1833 3184 2068 3236 Cornelio
2088 3185 2305 3233 Lentulo

1367 3253 1612 3305 Clodiano
1652 3253 1819 3321 legem
1860 3254 2004 3314 tulit,
2054 3254 2126 3302 uti
2165 3254 2304 3303 cives

1367 3324 1580 3371 Romani
1600 3332 1770 3373 essent
1793 3324 1860 3387 ii,
1897 3337 2024 3385 quos
2047 3320 2135 3371 Cn.
2155 3322 2305 3371 Pom-

1368 3394 1516 3456 peius
1542 3392 1602 3441 de
1623 3392 1827 3441 consilii
1847 3391 2095 3441 sententia
2126 3393 2306 3457 singil-

1367 3460 1504 3509 latim
1529 3461 1732 3511 civitate
1752 3460 2008 3525 donasset,
2032 3474 2123 3524 pro
2146 3460 2303 3511 Balbo
