2500 3850
56 115 61 120 '
136 109 252 170 100
298 118 407 167 cu.
436 103 708 188 (coitu.)
732 118 1095 167 beurunes
1124 139 1210 150 --
1239 120 1303 166 L.
1331 119 1535 166 conN.
1566 119 2038 166 LENT.N1GER.

197 274 384 324 factum
404 280 504 336 est,
526 275 593 323 ad
614 273 716 325 Au.
743 275 795 333 4,
818 274 867 335 2,
890 274 941 324 4.
982 274 1056 326 lb.
1078 275 1133 334 4,

196 344 246 404 3,
273 343 322 392 3.
365 343 438 395 Ib.
462 343 521 401 5,
547 343 609 392 21
627 377 642 402 ,
682 341 766 391 11.
790 369 857 378 -
886 341 1136 391 Marcelli-

196 426 291 462 nus
312 411 487 460 consul
510 425 559 460 a.
582 427 635 460 ιι.
667 426 711 460 c.
734 408 853 461 698.
869 445 883 470 ,
905 411 980 464 lb.
1002 411 1061 469 9,
1080 411 1132 472 9,

193 481 244 529 4.
270 506 329 516 -
356 480 479 528 Eius
510 481 666 544 stirps
686 487 941 538 materna,
965 480 1029 529 de
1046 478 1135 528 ha-

194 563 335 613 rusp.
373 563 509 615 resp.
545 549 637 613 11,
678 551 764 599 22.
802 574 869 584 --
898 549 1005 598 Hoc
1034 562 1135 596 uno

196 617 427 668 Ciceroni
467 631 570 667 non
621 618 746 666 satis
792 616 943 678 fecit,
1001 615 1137 680 quod

192 688 493 750 Pompeium
510 687 663 737 nimis
696 700 877 750 aspere
898 685 1135 734 tractavit

194 771 239 804 a.
250 772 300 808 ιι.
319 771 365 808 c.
384 754 503 809 698.
511 755 678 816 ,.adQ
692 755 757 805 fr.
770 757 824 816 2,
838 751 1054 818 4(6),5.
1065 779 1135 788 --

196 824 303 883 Quo
317 825 467 875 modo
480 840 539 875 se
553 824 795 890 gesserit
782 837 835 872 m
854 837 1008 872 causa
1020 823 1134 872 Pto·

194 895 375 944 lernaei
396 895 535 958 regis
557 893 810 958 Aegypti,
838 891 907 940 ad
938 891 1058 940 farn.
1084 892 1131 954 1,

198 963 245 1026 1,
269 965 317 1012 2.
356 963 429 1011 lb.
454 962 511 1024 1,
546 963 605 1020 2,
647 961 696 1010 1.
715 929 1134 1008 -Deeiuselo-

196 1033 428 1092 quentia,
468 997 609 1079 Brut.
647 1029 741 1087 70,
792 1029 911 1078 247.
954 1054 1021 1064 -
1057 1027 1131 1076 De

192 1098 403 1162 harusp.
428 1113 564 1163 resp.
589 1099 637 1157 1,
658 1099 710 1149 2.

130 1165 228 1216 Gn.
266 1164 613 1232 (Cornelius)
645 1164 947 1229 Lentulus,
974 1165 1135 1214 tribu-

192 1251 289 1285 nus
310 1236 381 1300 pl.
413 1242 460 1286 et
490 1251 623 1286 anno
648 1236 883 1300 proximo
916 1235 1133 1300 legatus,

197 1304 259 1354 de
277 1305 399 1370 imp.
426 1304 513 1355 Cn.
538 1305 713 1370 Pomp.
740 1304 825 1365 19,
854 1303 939 1355 58.

129 1372 227 1423 Gn.
257 1372 527 1425 Lentulus
548 1371 727 1425 Vatia.
768 1373 895 1424 Eum
920 1372 1007 1423 Cn.
1037 1371 1135 1422 Ne-

194 1443 301 1492 rius
332 1443 488 1494 index
514 1459 561 1494 a.
582 1459 634 1492 u.
658 1459 701 1493 c.
730 1441 853 1494 698.
878 1443 1041 1494 edidit
1070 1441 1136 1491 ad

194 1512 430 1576 alligatos
460 1515 589 1562 inter
620 1513 848 1562 conscios
876 1517 1136 1576 corrupta-

193 1595 303 1630 rum
328 1595 420 1644 per
438 1581 494 1633 P.
526 1580 751 1631 Sestium
780 1581 1037 1642 tribuum,
1070 1578 1137 1629 ad

194 1647 253 1704 Q.
280 1647 341 1700 fr.
374 1649 422 1709 2,
444 1646 496 1708 3,
518 1648 568 1699 5.

122 1711 185 1763 L.
212 1713 505 1766 Cornelius
536 1714 808 1766 Lentulus
835 1715 997 1766 Orus.
1035 1718 1135 1766 Ae-

193 1791 394 1833 cusator
440 1783 605 1833 Clodii
650 1783 989 1848 significatur,
1032 1797 1134 1832 non

191 1853 479 1902 nominatur
497 1853 563 1902 ad
584 1852 687 1900 Att.
714 1851 740 1900 1
758 1888 773 1915 ,
806 1850 889 1912 16,
910 1851 959 1901 3.
982 1877 1048 1886 --
1068 1851 1128 1903 L.

189 1919 433 1971 Lentulus
479 1919 605 1971 Crus
652 1926 853 1985 praetor
890 1937 936 1971 a.
986 1935 1041 1969 ιι.
1082 1935 1129 1968 c.

190 1988 309 2040 696.
354 2004 447 2055 pro
501 1987 741 2040 Cicerone
782 1988 844 2037 L.
894 1989 1133 2037 Pisonem

192 2058 452 2108 consulem
498 2058 796 2122 deprecatus
826 2064 927 2121 est,
966 2057 1019 2106 in
1050 2056 1133 2105 Pi-

190 2140 299 2175 son.
324 2128 388 2178 31
406 2164 419 2186 ,
452 2126 537 2189 77.
558 2154 623 2164 —-
652 2127 905 2192 Repulsus
939 2140 988 2175 a.
1007 2142 1059 2176 ιι.
1084 2140 1128 2175 c.

192 2194 311 2246 703.
345 2196 399 2243 in
427 2195 672 2263 petitione
702 2195 1133 2257 quindecimvira-

189 2271 289 2323 tus,
312 2262 447 2315 Cael.
470 2264 537 2313 ad
557 2262 677 2314 fam.
696 2264 749 2329 8,
766 2266 818 2325 4,
842 2264 891 2317 1.
914 2290 983 2299 --
1004 2262 1131 2313 Con-

191 2331 271 2381 sul
292 2334 587 2399 designatus
621 2348 668 2387 a.
709 2350 760 2383 u.
789 2350 833 2384 c.
868 2330 1021 2395 704..
1066 2333 1133 2383 ad

187 2402 293 2455 Att.
316 2405 375 2467 6,
400 2402 464 2467 8,
497 2405 546 2454 2.
582 2404 649 2453 ad
668 2402 791 2453 fam.
813 2403 873 2468 7,
904 2404 967 2467 3,
994 2402 1040 2451 1.
1064 2428 1131 2439 —-

188 2470 244 2521 L.
276 2470 508 2523 Cornelio
540 2473 753 2523 Lentulo
792 2472 949 2524 Crux-e
987 2477 1036 2521 et
1074 2470 1128 2521 C.

191 2539 402 2591 Claudio
446 2542 681 2592 Marcello
724 2554 856 2591 coss.
896 2557 944 2595 a.
986 2556 1040 2594 u.
1084 2557 1127 2590 c.

190 2608 307 2659 705.
356 2610 598 2659 Kalendis
647 2610 927 2669 Ianuariis,
974 2624 1131 2671 quum

190 2675 445 2727 labantem
471 2686 521 2727 et
549 2692 710 2742 prope
737 2679 1001 2728 cadentem
1021 2694 1130 2728 rem

188 2744 445 2809 publicam
472 2746 654 2795 fulcire
685 2753 891 2811 cuperet
924 2753 1129 2797 senatus

189 2814 393 2877 ipsique
416 2812 472 2863 C.
498 2812 729 2876 Caesari,
753 2816 797 2863 si
820 2829 945 2865 sana
964 2822 1129 2867 mente

189 2893 351 2944 esset,
390 2882 653 2933 consulere
697 2882 877 2943 vellet,
915 2889 1021 2931 tum
1056 2884 1129 2933 Μ.

192 2953 444 3004 Antonius
461 2953 721 3003 venditum
738 2958 889 3015 atque
909 2954 1127 3001 emanci-

190 3029 366 3084 patum
386 3024 690 3072 tribunatum
724 3021 953 3071 consiliis
982 3035 1129 3070 sena-

98 3132 107 3139 .
190 3096 273 3138 tus
302 3092 569 3155 opposuit,
600 3089 828 3157 Philipp.
849 3091 911 3150 2,
932 3088 1017 3151 21,
1036 3089 1124 3143 51.

190 3185 259 3193 -—
294 3159 535 3211 Lentulus
568 3175 669 3210 cos.
700 3160 834 3211 dixit
860 3174 914 3209 se
944 3158 1129 3208 relatu-

190 3243 303 3276 rum
341 3228 403 3277 de
442 3228 697 3281 Ciceronis
739 3228 1023 3293 triumpho,
1062 3228 1131 3277 ad

190 3295 311 3345 fam.
336 3298 399 3349 16
416 3334 429 3355 ,
452 3298 513 3348 11
533 3335 546 3357 ,
568 3298 619 3350 3.
642 3326 707 3334 -
724 3299 782 3351 L.
804 3297 1047 3348 Lentulus
1068 3297 1125 3347 C.

191 3363 495 3427 Marcellus»,
527 3367 627 3416 duo
662 3368 894 3420 consules
926 3368 1127 3418 amicis-

1274 275 1390 323 simi
1410 275 1605 338 patriae
1625 273 1774 322 simul
1799 289 1864 323 ex
1885 275 2027 322 Italia
2047 276 2212 338 eiecti,

1242 391 1251 398 ,
1275 342 1494 406 Philipp.
1520 340 1612 403 13,
1646 342 1726 400 14,
1747 342 1832 392 29.
1856 368 1922 378 -
1942 341 2216 397 Caesarem

1277 411 1480 476 fugiens
1507 411 1746 460 Larinum
1787 411 1882 460 iter
1912 411 2117 472 habuit,
2149 412 2219 461 ad

1275 483 1382 528 Att.
1405 481 1455 540 7,
1480 480 1562 544 12,
1587 481 1636 528 2.
1660 505 1729 514 -
1759 479 1818 531 L,
1857 479 2100 530 Lentulus
2135 479 2220 530 Ci-

1277 561 1508 597 ceronem
1529 549 1761 596 timidum
1781 563 1894 598 esse
1913 549 2126 612 dixerat,
2151 549 2220 598 ad

1277 617 1400 670 fam.
1417 615 1470 677 6,
1480 617 1566 680 21,
1583 617 1628 666 1.
1643 615 1878 668 -‘Cave
1898 625 2046 682 putes
2067 617 2220 680 quid-

1275 701 1424 748 quam
1443 686 1652 734 minoris
1671 700 1786 735 esse
1802 686 1884 735 his
1901 686 2215 737 consulibus,

1277 755 1506 836 Capuam
1551 762 1690 804 erant
1740 755 1965 814 venturi,
2020 755 2217 818 inance,

1275 825 1560 888 imparati,
1583 825 1650 872 ad
1668 823 1775 875 Att.
1799 827 1848 883 7,
1867 823 1952 882 20,
1975 824 2022 872 1.
2059 824 2120 872 cl.
2145 824 2218 872 ib.

1275 892 1324 956 7,
1347 891 1431 953 21,
1456 892 1503 943 1.
1533 917 1602 928 —
1631 893 1754 943 Eius
1783 892 1981 942 Lentuli
2006 903 2218 957 respon-

1275 975 1390 1010 sum
1410 961 1476 1010 ad
1509 961 1773 1010 Caesarem
1796 963 2036 1021 missum,
2069 962 2143 1011 lb.
2168 963 2220 1025 7,

1274 1029 1497 1088 21,2.-
1513 1029 1744 1079 Caesaris
1763 1031 2002 1080 mandata
2017 1031 2082 1079 ad
2102 1045 2222 1080 eum

1273 1113 1382 1218 geli)
1395 1097 2105 1218 B4aufflm3m1h1¹⁰ssemsmi8⁵⁵ffi
2141 1099 2220 1215 IX.

1275 1204 1326 1286 25
1362 1204 1438 1288 ι’..
1459 1201 1519 1298 t,
1543 1203 1595 1296 ι,
1624 1205 1672 1290 1’.
1697 1203 1766 1273 -.’
1791 1170 1972 1286 onius.
2001 1169 2221 1286 siin:

1277 1304 1420 1370 gotia
1461 1306 1784 1370 permittente
1839 1305 2052 1356 Caesare
2109 1303 2218 1354 Ro-

1276 1389 1388 1423 mae
1405 1374 1686 1423 sustinebat
1699 1373 1890 1424 Balbus
1911 1376 2088 1434 maior,
2103 1373 2220 1422 Bal-

1274 1443 1442 1492 busin
1467 1457 1550 1508 ep.
1584 1443 1650 1492 ad
1685 1442 1789 1492 Cic.
1809 1479 1821 1501 ,
1852 1445 1919 1494 ad
1947 1445 2048 1492 Att.
2075 1441 2140 1503 9,
2163 1443 2214 1494 7.

1274 1512 1332 1564 Β.
1355 1512 1406 1561 2.
1429 1539 1496 1548 -
1521 1511 1772 1562 Hortensii
1803 1512 2008 1564 domum
2043 1511 2144 1560 sibi
2172 1517 2221 1560 et

1275 1580 1509 1632 Caesaris
1529 1580 1704 1630 hortos
1737 1577 1785 1631 et
1814 1581 1968 1632 Baias
1999 1581 2219 1646 despon-

1275 1651 1442 1711 derat,
1479 1651 1524 1698 si
1552 1651 1824 1713 Pompeius
1864 1651 2095 1718 vicisset,
2142 1649 2218 1698 Ib.

1276 1719 1360 1778 11,
1379 1717 1432 1780 6,
1454 1717 1504 1768 6.
1528 1745 1598 1756 --
1616 1717 1696 1766 Ab
1717 1706 1932 1767 Rhodiis
1960 1733 2061 1768 non
2079 1732 2222 1766 reee-

1274 1793 1422 1850 ptus,
1454 1786 1520 1834 ad
1541 1785 1660 1833 fam.
1687 1784 1779 1844 12,
1805 1787 1898 1848 14,
1925 1785 1975 1835 3.
1995 1809 2064 1820 —
2083 1786 2219 1834 Len-

1271 1853 1378 1902 tulo
1401 1859 1450 1900 et
1470 1851 1710 1902 Marcello
1730 1867 1862 1902 coss.
1887 1860 1999 1902 acta
2017 1855 2068 1901 in
2088 1855 2218 1903 aede

1269 1919 1524 1987 Apollinis
1539 1958 1553 1985 ,
1575 1922 1641 1970 ad
1661 1919 1761 1971 Au.
1794 1921 1876 1985 15,
1899 1922 1948 1981 3,
1975 1921 2024 1975 1.
2050 1950 2122 1959 -
2141 1922 2220 1973 De

1274 1993 1383 2041 eius
1403 1988 1690 2051 eloquentia
1707 2024 1722 2050 ,
1742 1989 1882 2044 Brut.
1905 1993 1990 2052 77,
2013 1990 2133 2043 268.

1201 2054 1265 2107 L·
1282 2054 1578 2109 Cornelius
1595 2057 1869 2110 Lentulus
1884 2058 2076 2127 Lupus
2099 2070 2220 2109 c'on-

1272 2126 1352 2179 sul
1372 2142 1485 2176 cum
1518 2126 1572 2176 C.
1595 2127 1786 2179 Marcio
1806 2128 1988 2193 Figulo
2011 2145 2058 2179 a.
2087 2145 2140 2179 ιι.
2169 2146 2216 2179 c.

1271 2196 1391 2249 598.
1415 2209 1516 2245 non
1536 2196 1811 2246 indisertus
1827 2235 1842 2258 ‚
1863 2198 2000 2251 Brut.
2024 2197 2106 2257 20,
2129 2197 2213 2255 79,

1271 2266 1424 2315 —De
1444 2264 1576 2315 bello
1598 2266 1788 2315 Punico
1811 2282 1968 2329 quum
1987 2266 2126 2316 aliud
2145 2266 2212 2313 M.

1271 2334 1480 2394 Catoni,
1517 2334 1658 2384 aliud
1687 2334 1746 2387 L.
1771 2335 1988 2387 Lentulo
2017 2336 2218 2385 videre-

1267 2412 1377 2465 tur,
1428 2403 1569 2453 nulla
1608 2406 1738 2453 inter
1775 2419 1864 2454 eos
1907 2405 2212 2454 concertatio

1270 2486 1512 2535 umquam
1531 2472 1653 2533 fuit,
1675 2472 1878 2524 Tuscul.
1903 2474 1952 2537 3,
1975 2473 2060 2529 21,
2082 2474 2165 2521 51.

1200 2539 1264 2590 L.
1319 2538 1616 2592 Cornelius
1638 2510 1954 2619 '’-Lent-ulus
1992 2547 2212 2605 praetor,

1270 2626 1363 2676 pro
1389 2610 1578 2659 Archia
1595 2612 1648 2669 5,
1679 2609 1732 2663 9.

1199 2676 1263 2729 L·
1291 2677 1588 2730 Cornelius
1609 2677 1882 2729 Lentulus
1903 2676 2099 2745 Niger,
2124 2678 2214 2725 fla-

1268 2764 1383 2799 men
1405 2747 1669 2801 Martialis.
1693 2774 1758 2783 ——-
1780 2752 2000 2797 Accusat
2017 2746 2073 2798 P.
2098 2744 2214 2794 Cl‘o-

1268 2818 1407 2868 dium
1439 2832 1485 2865 a.
1509 2833 1560 2867 ιι.
1596 2832 1640 2865 c.
1662 2815 1816 2877 693„
1850 2817 1902 2864 in
1930 2815 2100 2864 Vatin.
2127 2814 2213 2875 10,

1267 2886 1353 2936 25.
1390 2885 1452 2935 cl.
1475 2884 1762 2949 deharusp.
1785 2900 1921 2949 resp.
1945 2883 2004 2943 6,
2036 2883 2122 2934 12.
2145 2908 2208 2917 —-

1269 2954 1358 3005 Sic
1387 2955 1588 3003 amabat
1615 2955 1859 3019 patriam,
1895 2960 1952 3001 ut
1983 2950 2215 3001 Ciceroni

1269 3024 1438 3085 aliquo
1467 3024 1674 3074 deorum
1703 3022 1948 3077 beneficio
1978 3020 2215 3071 videatur

1269 3107 1332 3141 ex
1351 3092 1462 3141 eius
1483 3092 1714 3141 incendio
1735 3106 1849 3142 esse
1868 3098 2072 3155 ereptus
2087 3104 2134 3142 a.
2155 3104 2208 3142 u.

1271 3175 1314 3209 c.
1335 3158 1486 3221 698„
1519 3162 1586 3211 ad
1611 3162 1712 3211 Att.
1737 3164 1800 3223 4,
1831 3162 1892 3222 6,
1933 3161 1980 3213 1.
2021 3160 2094 3211 Ib.
2124 3158 2210 3222 12,

1270 3232 1300 3279 7
1317 3264 1331 3287 ,
1369 3230 1414 3277 l.
1438 3230 1662 3279 —Idem
1681 3228 1897 3279 fortasse
1927 3235 2004 3278 est
2024 3228 2210 3277 Lentu·

1271 3296 1350 3348 lus
1364 3334 1380 3361 ,
1402 3296 1656 3347 Ciceronis
1679 3306 1727 3347 et
1746 3298 1900 3347 Attici
1925 3296 2211 3359 familiaris,

1269 3366 1336 3415 ad
1357 3367 1461 3420 Ait.
1492 3367 1540 3430 1,
1566 3367 1619 3432 8,
1645 3370 1696 3419 2.
1736 3368 1809 3418 lb.
1834 3366 1884 3427 l,
1902 3364 1954 3427 9,
1982 3367 2033 3416 2.
