2500 3850
217 136 342 201 440

285 308 358 357 Ib.
398 307 448 356 1.
487 320 531 357 c.
561 303 630 355 36
662 319 773 366 sqq.
813 331 884 341 --
923 302 1104 353 Contra
1131 303 1222 356 Cn.

285 374 600 425 Dolabellam
633 388 663 421 a
692 373 760 423 M.
795 371 982 422 Scauro
1020 388 1225 422 accusa·

284 452 394 493 turn
441 444 788 493 testimonium
837 442 959 493 dicit
1011 457 1227 504 eumque

285 512 487 578 prodit,
525 513 600 565 lb.
625 512 673 563 1.
712 528 756 565 c.
789 509 876 561 38.
917 537 982 547 --
1021 513 1228 559 Praetor

284 583 509 632 urbanus
545 597 594 633 a.
619 597 670 630 u.
703 596 748 631 c.
787 578 939 638 680„
977 580 1054 633 lb.
1092 596 1135 628 c.
1158 578 1228 629 40

287 666 399 715 sqq.
445 677 512 687 —
549 650 670 698 Eius
712 658 977 713 praeturae
1011 650 1222 714 flagitia.

285 722 342 771 ln
386 729 624 785 praetura
661 734 726 767 ex
757 726 964 767 senatus
991 717 1222 769 consulto

286 790 350 838 de
367 790 520 839 sartis
539 787 684 837 tectis
717 788 937 850 iudicat,
970 787 1041 836 lb.
1063 802 1224 851 usque

284 858 350 907 ad
374 857 462 907 fln.
509 883 574 893 -—
626 856 746 906 Post
781 864 1072 920 praeturam
1095 854 1234 905 Sici:

277 927 406 990 ‘liam
472 926 785 990 provinciam
847 940 939 989 pro
995 932 1224 989 praetore

287 996 502 1045 obtinuit
541 1010 632 1058 per
669 994 941 1044 triennium
989 1010 1040 1043 a.
1078 1010 1130 1047 u.
1173 1010 1219 1045 c.

283 1062 596 1121 ost—683„
639 1063 726 1110 ubi
753 1064 973 1126 primum
1013 1063 1064 1111 in
1097 1063 1223 1111 iuris

283 1133 504 1182 dictione
561 1132 860 1180 avarissime
913 1139 962 1179 et
1007 1131 1222 1191 iniquis-

284 1203 411 1250 sime
431 1209 660 1250 versatus
680 1206 785 1261 est,
818 1199 963 1252 Verr.
997 1208 1218 1249 accusat.

283 1272 335 1331 2,
367 1270 430 1319 12
451 1286 584 1332 sqq.,
611 1269 834 1318 secundo
855 1270 907 1317 in
925 1284 978 1317 re
1003 1268 1222 1319 frumen·

282 1340 413 1388 taria
461 1338 850 1389 innumerabilia
911 1337 1042 1387 furta
1087 1352 1222 1388 com-

283 1409 423 1457 misit
437 1444 451 1471 ,
488 1410 705 1472 primum
728 1408 780 1456 in
801 1407 1049 1457 frumento
1070 1408 1224 1458 decu-

285 1490 465 1537 mano,
505 1479 653 1527 Verr.
683 1484 904 1525 accusat.
926 1474 985 1535 3,
1005 1476 1218 1537 6—69.‚

285 1546 469 1596 deinde
507 1548 558 1593 in
605 1554 805 1608 empto,
845 1547 918 1597 lb.
959 1544 1220 1603 70-80,

286 1614 502 1676 denique
523 1615 574 1663 in
594 1614 878 1674 aestimato,
902 1615 974 1667 lb.
997 1614 1062 1665 81
1085 1628 1220 1676 sqq.‚

285 1684 432 1733 tertio
449 1682 645 1732 Siculos
667 1681 772 1732 fere
795 1684 1028 1733 omnibus
1043 1683 1220 1748 signiS,

286 1753 527 1815 picturis,
570 1752 789 1816 gemmis
837 1753 1073 1815 vasisque
1109 1766 1225 1815 pre-

283 1822 440 1871 ciosis
479 1821 752 1885 spoliavit,
797 1822 872 1871 Ib.
907 1823 976 1881 4,
1016 1821 1050 1870 2
1089 1836 1220 1883 sqq„

285 1899 543 1955 postremo
582 1890 829 1956 plurimos
866 1890 1100 1940 homines
1147 1890 1225 1938 in-

285 1971 554 2019 nocenteS,
591 1961 666 2009 lb.
707 1961 755 2018 5,
788 1961 1011 2019 2-52.,
1047 1961 1098 2008 in
1142 1958 1225 2008 his

288 2031 437 2078 etiam
464 2031 602 2078 cives
640 2027 926 2089 Romanoa,
967 2028 1042 2080 Ib.
1081 2045 1126 2077 c.
1157 2025 1226 2078 53

285 2112 420 2158 sqq„
451 2097 820 2148 crudelissimis
843 2096 1116 2163 suppliciis
1133 2097 1225 2145 ad·

291 2165 428 2219 fecit.
452 2191 520 2200 —
551 2167 676 2214 Eum
700 2165 1032 2229 Lampsaceni
1055 2166 1227 2213 vivum

286 2234 582 2284 comburere
609 2232 906 2295 voluerunt,
946 2234 1022 2285 Ib.
1053 2233 1108 2292 1,
1139 2232 1225 2292 31,

286 2301 372 2353 78.
415 2329 482 2338 -
532 2302 592 2351 Ei
632 2303 842 2364 eiusque
881 2301 986 2350 filio
1027 2308 1224 2351 statuae

285 2380 543 2437 ponuntur
609 2373 871 2421 inauratae
934 2370 1222 2436 SyracusiS,

287 2443 362 2494 lb.
405 2443 466 2501 2,
505 2441 599 2504 21,
645 2442 730 2492 50.
771 2467 842 2478 —-
875 2441 1000 2490 Eius
1037 2441 1225 2490 adven-

285 2517 366 2558 tus
402 2511 454 2558 in
499 2511 672 2558 urbem
707 2508 1074 2574 Syracusarum
1114 2523 1228 2558 cum

287 2577 356 2631 M.
381 2579 605 2628 Marcelli
639 2579 848 2627 victoria
887 2586 1226 2642 comparatus,

285 2647 361 2694 Ib.
401 2643 464 2708 4,
497 2647 595 2707 52,
632 2647 748 2699 115.
807 2649 870 2696 V.
912 2643 1123 2709 Verria.
1161 2672 1231 2681 —

287 2712 534 2770 Quaestor
604 2712 690 2760 Cn.
754 2714 955 2777 Papirio
1022 2715 1230 2764 consule

288 2782 469 2829 iterum
507 2797 552 2830 a.
583 2796 632 2832 u.
669 2796 715 2833 c.
753 2781 876 2831 670.
917 2781 1030 2830 fuit.
1105 2782 1227 2831 Inde

287 2851 350 2898 ab
416 2863 473 2898 eo
543 2857 769 2912 tempore
836 2849 1225 2899 sceleratissime

293 2919 461 2970 omnia
499 2919 644 2977 fecit,
684 2917 757 2966 lb.
803 2918 861 2975 1,
896 2917 990 2976 12,
1031 2917 1117 2968 34.
1156 2946 1225 2956 —-

285 2988 471 3038 Verres
492 2986 761 3038 familiaris
780 2987 1054 3047 Hortensii,
1091 2995 1218 3038 orat.

287 3055 384 3120 37,
427 3057 540 3110 129.
581 3085 648 3093 —
685 3054 860 3106 Omnis
898 3058 1224 3122 imperatoria

286 3125 398 3174 laus
419 3127 466 3174 ei
484 3125 664 3187 defuit,
704 3126 848 3175 Verr.
873 3132 1094 3176 accusat.
1118 3127 1170 3188 5,
1192 3125 1219 3176 1

287 3209 401 3256 sqq.
423 3223 492 3234 —-
518 3193 572 3244 C.
599 3197 786 3245 Verres
813 3196 994 3246 ehorno
1013 3204 1221 3246 sanctus

286 3273 334 3311 et
371 3263 617 3326 diligens’
650 3276 742 3326 per
762 3263 1047 3314 irrisionem
1073 3279 1220 3315 voca·

283 3339 397 3393 tur,
449 3346 542 3395 pro
587 3330 816 3382 Cluentio
864 3331 959 3389 33,
1013 3332 1101 3383 91.
1151 3361 1221 3372 -—

281 3398 417 3448 Reus
471 3401 525 3448 in
568 3399 813 3449 iudicium
855 3402 1105 3450 adductus
1145 3409 1220 3452 est

1298 2301 1495 2353 Verria
1524 2303 1623 2352 lex.

809 148 876 207 Q.
912 148 1173 195 VERRES
1198 168 1283 179 -·-
1314 147 1686 194 VERRINAE.

1368 318 1415 352 a.
1450 318 1503 353 u.
1533 320 1576 352 c.
1598 300 1717 354 684.
1738 332 1807 341 -
1835 303 2011 353 Cicero
2030 303 2299 355 adduxisse

1368 388 1424 421 se
1466 374 1590 423 dicit
1640 372 2050 436 depeculatorem
2105 375 2299 432 aerarii,

1366 449 1654 491 vexatorem
1690 442 1847 491 Asiae
1882 450 2034 504 atque
2058 442 2301 507 Pamphy-

1366 511 1498 571 liae,
1559 510 1869 575 praedonem
1924 512 2050 560 iuris
2106 512 2300 572 urbani,

1365 579 1529 629 labem
1550 588 1699 642 atque
1719 580 1993 643 perniciem
2014 582 2303 643 provinciae

1366 646 1605 711 Siciliae,
1647 650 1795 698 Verr.
1836 656 1934 697 act.
1979 648 2023 709 1,
2066 648 2114 704 1,
2158 648 2212 698 2.
2246 676 2302 684 -

1368 718 1455 767 Est
1481 718 1617 767 i'dem
1640 718 1824 767 Verres
1854 718 1940 780 qui
1968 715 2066 765 fuit
2086 732 2301 782 semper,

1364 788 1439 837 Ib.
1465 787 1513 847 l,
1536 786 1585 850 1,
1609 788 1659 835 2.
1689 812 1757 821 -—
1780 787 1902 837 Eius
1934 800 2117 850 gener,
2152 786 2305 837 lectus

1366 854 1663 905 adolescens
1683 892 1697 918 ‚
1729 870 1886 904 unum
1905 862 2102 904 tantum
2122 871 2304 905 annum

1365 939 1479 974 cum
1503 924 1589 974 illo
1610 924 1737 983 fuit,
1774 925 1847 976 Ib.
1878 926 1940 983 2,
1976 923 2077 985 20,
2114 924 2203 978 49.
2246 952 2305 959 -

1366 994 1606 1045 Homines
1626 1001 1764 1043 erant
1778 1030 1791 1050 ,
1829 993 1914 1056 qui
1934 993 2086 1041 etiam
2108 994 2307 1044 ridiculi

1366 1064 1749 1113 inveniebantur
1769 1078 1835 1111 ex
1854 1060 2045 1111 dolore.
2087 1062 2304 1121 Quorum

1364 1131 1454 1181 alii
1526 1132 1779 1196 negabant
1844 1131 2135 1181 mirandum
2202 1146 2307 1181 esse

1366 1202 1447 1252 ius
1490 1210 1594 1249 tam
1630 1215 1847 1262 nequam
1886 1213 1999 1249 esse
2032 1202 2302 1258 verrinum,

1364 1270 1451 1319 alii
1488 1271 1639 1318 etiam
1664 1267 1957 1333 frigidiores
1988 1276 2164 1329 erant,
2203 1270 2303 1327 sed,

1365 1339 1483 1401 quia
1508 1338 1981 1398 stomachabantur,
2004 1339 2213 1388 ridiculi
2238 1338 2307 1385 vi·

1366 1408 1614 1456 debantur
1640 1422 1771 1467 esse,
1807 1422 1961 1470 quum
1981 1405 2308 1457 Sacerdotem

1366 1476 1795 1535 exsecrabantur,
1844 1477 1929 1539 qui
1966 1492 2165 1527 verrem
2210 1484 2309 1525 tam

1364 1560 1579 1608 nequam
1600 1544 1908 1607 reliquisset,
1926 1546 2002 1598 lb.
2020 1546 2069 1602 l,
2084 1545 2170 1599 46,
2191 1544 2304 1595 121.

1364 1640 1433 1651 -
1453 1614 1576 1664 Eius
1597 1613 1733 1663 filius
1756 1616 1803 1662 ini
1828 1614 1992 1679 patris
2014 1614 2217 1664 luxurie
2238 1615 2308 1662 sic

1364 1684 1524 1739 vixit,
1562 1690 1618 1731 ut
1656 1683 1853 1732 nullum
1890 1698 2133 1745 umquam
2162 1683 2309 1749 pudi—

1366 1768 1480 1801 cum
1526 1766 1692 1814 neque
1748 1752 1973 1802 sobrium
2022 1754 2309 1803 convivium

1364 1821 1578 1881 videret,
1617 1821 1691 1870 lb.
1724 1820 1773 1880 3,
1814 1820 1899 1882 68,
1924 1819 2043 1870 160.
2081 1847 2153 1859 ·—
2190 1820 2311 1871 Sce-

1366 1891 1473 1940 lera
1513 1890 1623 1940 eius
1656 1890 1707 1938 in
1736 1890 1791 1941 G.
1827 1888 2105 1940 Carbonem
2138 1900 2187 1940 et
2218 1890 2307 1942 Cn.

1364 1959 1698 2020 Dolabellam,
1738 1961 1813 2012 Ib.
1839 1958 1987 2021 3,76,
2019 1961 2134 2009 177.

1300 2027 1369 2093 Q.
1396 2027 1625 2091 Verres,
1660 2028 1878 2078 Romilia
1898 2029 2059 2086 tribu,
2095 2045 2161 2080 ex
2178 2031 2311 2093 opti-

1366 2112 1450 2146 ma
1479 2097 1759 2148 divisorum
1799 2097 2103 2162 disciplina,
2138 2099 2311 2147 Verris

1365 2166 1527 2230 patris
1580 2165 1865 2230 discipulus
1898 2175 2049 2228 atque
2094 2169 2307 2228 amicus,

1366 2235 1514 2286 Verr.
1538 2243 1759 2285 accusat.
1782 2234 1828 2296 1,
1850 2235 1901 2291 8,
1916 2234 2001 2286 23.

1700 2303 1865 2367 Saepe
1885 2304 2127 2353 decumae
2163 2305 2211 2352 in
2234 2302 2311 2350 Si-

1368 2372 1485 2422 cilia
1523 2375 1649 2420 tanti
1684 2373 1973 2431 venierunt,
2012 2387 2171 2434 quum
2199 2373 2314 2437 lege

1368 2441 1641 2491 Hieronica
1659 2440 1951 2503 venierunt,
1988 2443 2166 2503 quanti
2196 2441 2312 2505 lege

1369 2511 1553 2560 Verria
1570 2509 1863 2570 venierunt,
1900 2511 2050 2559 Verr.
2086 2519 2309 2562 accusat.

1370 2578 1420 2644 3,
1444 2579 1529 2642 40,
1555 2578 1671 2628 117.

1304 2645 1522 2710 Verria,
1567 2648 1676 2696 dies
1706 2644 1868 2696 festus
1902 2644 2171 2712 Syracusis
2202 2661 2232 2696 a
2254 2647 2310 2698 G.

1372 2718 1529 2766 Verre
1565 2730 1714 2765 suum
1742 2715 1795 2764 in
1830 2715 2073 2766 honorem
2110 2717 2312 2766 institu-

1368 2794 1466 2846 ωε,
1503 2786 1651 2837 Verr.
1674 2791 1897 2834 accusat.
1918 2785 1969 2842 2,
1999 2785 2086 2846 21,
2108 2787 2197 2837 52.
2230 2784 2307 2833 Ib.

1368 2856 1417 2912 2,
1439 2853 1524 2915 46,
1550 2853 1666 2903 114.
1702 2853 1776 2905 lb.
1808 2853 1862 2911 2,
1882 2852 1968 2914 63,
2000 2853 2121 2904 154.
2158 2854 2232 2903 lb.
2258 2855 2310 2910 4,

1368 2922 1451 2980 10,
1484 2923 1566 2972 24.
1610 2922 1876 2971 —Verria
1916 2921 2004 2971 illa
2047 2921 2306 2987 flagitiosa

1366 2992 1503 3055 apud
1541 2990 1889 3053 Syracusanos
1928 2990 2126 3039 sublata
2167 2999 2305 3054 sunt,

1364 3061 1435 3108 Ib.
1458 3060 1510 3123 4,
1532 3058 1619 3118 67,
1645 3059 1759 3110 151.

1295 3123 1579 3190 Ver-rinae,
1612 3128 1665 3177 id
1698 3135 1791 3189 est,
1832 3128 2085 3178 orationes
2106 3129 2157 3176 in
2176 3128 2308 3176 Ver-

1361 3211 1468 3245 rem
1502 3195 1731 3256 habitae,
1770 3197 2047 3261 praecipue
2078 3197 2302 3246 Accusa-

1366 3265 1523 3314 tionis
1544 3265 1661 3314 libri
1682 3267 1922 3328 quinqne.
1946 3293 2013 3302 —-
2030 3265 2303 3315 Accusatio

1362 3335 1621 3385 duriorum
1666 3335 2007 3400 suppeditabit
2044 3333 2297 3401 exempla,

1362 3412 1489 3453 orat.
1540 3402 1643 3464 38,
1682 3401 1800 3456 131.
1839 3430 1905 3440 -·
1946 3403 2296 3453 Accusationis
