2500 3850
232 157 359 221 296
830 168 1114 215 Plsmffl
1134 188 1224 201 --
1244 169 1354 215 cx.
1379 168 1736 215 rmcmS.

232 322 465 378 Pisidae
478 362 495 389 ,
516 324 713 373 incolae
732 325 959 373 Pisidiae
976 361 992 385 ,
1022 326 1249 389 regionis

302 397 458 445 Asiae
512 395 755 453 minoris,
818 393 1149 457 Pamphyliae
1200 400 1251 442 et

300 465 529 515 Isauriae
550 462 783 513 confinis.
822 488 883 497 —
910 463 1119 511 Praeter
1136 477 1249 511 cse-

302 542 437 583 teros
462 534 684 599 populos
708 532 979 597 angurium
1012 533 1245 593 retinent,

302 604 365 653 de
388 604 490 667 leg.
516 604 565 661 2,
590 602 671 661 13,
692 600 865 653 33.-
879 601 1089 650 Pisidae
1108 601 1247 649 vola·

298 673 440 721 tibus
476 676 651 721 avium
692 670 1023 731 cantibusque
1076 670 1247 719 decla-

300 743 403 791 rari
422 756 505 790 res
530 741 730 791 futuras
748 746 957 804 putant,
989 740 1057 788 de
1084 740 1243 788 divin.

301 811 327 860 1
348 848 363 873 ,
398 811 425 861 1
442 846 457 869 ,
486 810 538 859 2.
568 834 641 846 ——
664 811 711 858 A
728 809 917 858 Pisidia
936 844 952 866 ,
986 807 1245 867 Cilicibus,

1389 325 1546 375 hodie
1591 326 1877 385 Piaoenza,
1939 325 1992 371 in
2043 324 2331 373 confluente

1387 394 1518 443 Padi
1533 403 1584 442 et
1601 394 1814 442 Trebiae
1827 428 1844 454 ,
1869 394 2005 441 unde
2025 392 2328 443 Placentini.

1385 490 1458 498 —
1473 463 1760 521 Placentia,
1785 463 2115 526 municipium
2135 463 2330 525 optime

1387 533 1454 581 de
1481 531 1722 581 Cicerone
1755 533 1988 579 meritum
2007 568 2024 594 ,
2063 531 2120 578 in
2154 530 2328 579 Pison.

1385 600 1574 665 fragm.
1603 602 1652 660 1,
1673 600 1722 649 1.
1739 626 1807 636 —
1820 599 2002 649 Caesar
2017 598 2332 647 Placentiam

1385 670 1617 735 legiones
1653 676 1888 731 quattuor
1921 669 2060 717 misit
2095 683 2146 716 a.
2183 684 2239 716 u.
2279 683 2325 715 c.

1387 739 1506 791 704.
1523 778 1540 797 ,
1563 739 1630 787 ad
1647 740 1753 791 Aa.
1775 738 1827 800 6,
1849 737 1900 801 9,
1925 739 1977 787 5.
2015 737 2080 785 ad
2103 737 2163 795 Q.
2187 736 2254 788 fr.
2272 737 2328 795 2,

1389 808 1455 859 13
1469 808 1610 873 (15),
1637 808 1685 859 1.

298 878 645 944 Pamphyliis‚
686 878 859 943 Lyciis
904 878 1136 941 auspicia
1172 886 1247 926 te·
1316 873 1632 927 Placentini
1650 874 2042 935 calices,viles,
2077 876 2132 923 in
2149 875 2323 923 Pison.

298 958 510 1006 nentur,
546 950 619 997 lb.
646 947 674 996 1
694 984 709 1009 ,
744 946 837 1009 15,
858 946 945 998 25.
988 948 1063 998 lb.
1090 946 1138 1006 1,
1157 946 1243 1009 41,

1383 947 1474 1009 27,
1495 946 1583 998 67.

297 1018 363 1068 92
398 1025 447 1065 et
481 1015 565 1067 94.
592 1042 661 1051 -
692 1014 906 1063 Auxilia
934 1029 1059 1062 sane
1090 1016 1241 1075 bona,
1315 1012 1607 1063 Plaetoria
1635 1013 1720 1063 lex
1737 1050 1752 1074 ,
1773 1014 1838 1062 de
1857 1015 2328 1079 circumscriptione

298 1085 390 1135 sed
438 1099 497 1133 ea
554 1082 845 1131 Galatarum
864 1120 878 1141 ‚
933 1082 1240 1141 Pisidarum,

298 1154 565 1217 Lyciorum
580 1188 595 1211 ,
624 1152 691 1200 ad
709 1155 814 1199 Att.
834 1150 887 1212 6,
908 1150 959 1211 5,
982 1150 1031 1200 3.

224 1218 564 1275 Pisistratus
593 1220 779 1271 multos
806 1234 967 1269 annos
998 1228 1241 1284 tyrannus

296 1291 393 1341 fuit
422 1292 474 1339 in
506 1290 618 1354 ipso
650 1288 893 1339 Graeciae
916 1288 1067 1349 flore,
1104 1290 1167 1339 de
1188 1305 1239 1339 n.

298 1361 349 1411 d.
374 1358 406 1409 3
422 1396 435 1419 ,
458 1358 554 1419 33,
586 1360 673 1413 82.
696 1356 973 1422 —.0pinio
992 1364 1070 1406 est
1090 1366 1139 1407 et
1158 1360 1241 1408 Pi-

296 1431 558 1480 sistratum
631 1436 681 1477 et
743 1428 919 1493 paullo
986 1429 1240 1478 seniorem

296 1500 447 1549 etiam
466 1496 705 1547 Solonem
724 1505 1005 1563 posteaque
1024 1496 1238 1547 Clisthe-

295 1582 411 1617 nem
434 1566 648 1615 multum
663 1602 678 1625 ,
706 1574 762 1613 ut
779 1568 1091 1630 temporibus
1114 1566 1236 1629 illis,

297 1635 520 1685 valuisse
541 1634 758 1683 dicendo
775 1670 790 1695 ,
820 1634 957 1685 Brut.
980 1636 1039 1698 7,
1062 1636 1147 1684 27.
1168 1661 1237 1672 —

300 1702 477 1751 Servio
498 1701 667 1753 Tullio
690 1710 934 1766 regnante
954 1704 1136 1767 viguit,
1160 1705 1235 1758 lb.

296 1768 395 1830 10,
414 1768 497 1819 39.
526 1796 591 1806 —-
610 1770 903 1820 Pisistratus
919 1773 1117 1837 primus
1137 1773 1236 1821 Ho-

297 1840 423 1888 meri
471 1837 629 1889 libros
680 1838 923 1889 confusos
973 1848 1120 1889 antea
1164 1842 1240 1890 sic

298 1908 617 1974 disposuisse
650 1908 863 1970 dieitur,
900 1916 955 1957 ut
984 1923 1117 1958 nunc
1148 1910 1239 1960 ha-

295 1979 475 2029 bemus
505 1985 599 2029 etc.
618 2014 631 2039 ‚
668 1979 732 2028 de
763 1987 890 2031 orat.
911 1976 971 2039 3,
995 1977 1090 2039 34,
1118 1979 1235 2033 137.

294 2072 365 2084 --
392 2047 687 2096 Pisistratus
721 2045 935 2096 Athenis
965 2048 1238 2112 praesidiis

293 2116 645 2180 saepiebatur,
682 2115 745 2164 de
764 2130 802 2163 r.
833 2130 887 2179 p.
924 2115 950 2163 1
970 2151 983 2173 ,
1018 2117 1115 2173 44,
1148 2116 1231 2166 68.

294 2209 359 2219 —
380 2183 698 2246 Responsum
720 2182 766 2230 ei
787 2181 959 2230 datum
981 2198 1011 2231 a
1030 2181 1234 2250 Solone,

296 2251 359 2302 de
388 2265 497 2303 sen.
534 2248 631 2309 20,
662 2251 747 2302 72.
781 2251 1116 2301 -Incertum
1139 2261 1232 2317 est,

292 2318 610 2369 Phalarimne
628 2332 690 2367 an
703 2317 1020 2368 Pisistratum
1041 2320 1107 2369 sit
1124 2322 1235 2370 imi-

292 2397 486 2438 taturus
525 2387 710 2438 Caesar
742 2402 791 2438 a.
823 2404 876 2439 u.
910 2404 953 2438 c.
988 2389 1139 2448 705„
1168 2390 1234 2440 ad

294 2460 399 2509 Att.
434 2457 483 2521 7,
506 2455 592 2520 20,
617 2459 670 2509 2.
713 2457 776 2510 cl.
800 2457 870 2506 ib.
892 2457 942 2516 8,
968 2456 1048 2516 16,
1076 2460 1127 2509 2.

221 2523 477 2578 Pisones.
515 2527 577 2576 V.
606 2523 898 2592 Calpurnii
919 2523 1173 2576 Pisones.

221 2591 452 2646 Pisonis
485 2594 629 2644 lucus
659 2596 879 2656 Romae,
911 2596 1155 2645 incertum
1180 2595 1233 2645 in

294 2677 392 2724 qua
419 2664 627 2727 regione
642 2698 655 2720 ,
682 2665 747 2712 ad
768 2661 826 2720 Q.
848 2663 910 2712 fr.
932 2665 983 2721 2,
1003 2662 1055 2725 3,
1075 2665 1127 2713 7.

220 2726 463 2791 Pistrix,
485 2730 660 2791 sidus,
683 2732 821 2783 Atat.
849 2745 899 2784 ν.
922 2731 1041 2783 384.
1075 2731 1195 2783 400.

220 2791 548 2861 Pituanius,
591 2797 741 2848 homo
783 2798 1135 2863 pereruditus,
1181 2807 1235 2848 ut

1383 1084 1796 1134 adolescentium.
1851 1082 1927 1132 Ex
1972 1096 2033 1130 ea
2077 1084 2329 1133 iudicium

1381 1152 1644 1217 publicum
1664 1152 1739 1201 rei
1761 1153 2013 1216 privatae,
2043 1151 2107 1201 de
2124 1167 2175 1203 n.
2200 1153 2251 1201 d.
2269 1149 2324 1210 3,

1384 1220 1470 1280 30,
1492 1224 1574 1271 74.
1617 1222 1680 1270 de
1697 1222 1782 1271 off.
1805 1221 1856 1277 3,
1880 1221 1960 1280 15,
1987 1219 2073 1269 61.

1313 1288 1375 1339 L.
1403 1286 1745 1352 Plaetorius,
1765 1300 1984 1351 senator,
2009 1303 2104 1353 pro
2125 1290 2322 1341 cluent.

1381 1357 1467 1419 60,
1493 1359 1611 1408 165.

1310 1426 1390 1477 Μ.
1423 1424 1746 1478 Plaetorius
1781 1424 1860 1475 M.
1897 1423 1961 1473 F.
2004 1422 2325 1488 cestianae,

1381 1505 1644 1547 accusator
1661 1495 1730 1548 Μ.
1753 1494 1948 1543 Fonteii
1967 1510 2016 1543 a.
2037 1510 2089 1544 u.
2113 1510 2159 1543 c.
2180 1492 2324 1553 685„

1377 1580 1472 1629 pro
1510 1565 1715 1613 Fonteio
1747 1564 1847 1612 loci
1882 1562 2025 1611 Nieb.
2061 1563 2122 1625 l,
2160 1564 2210 1612 2.
2245 1563 2322 1615 lb.

1381 1633 1473 1691 12,
1505 1633 1590 1684 26.
1611 1661 1684 1673 -
1706 1632 1772 1681 Μ.
1811 1630 2090 1681 Plaetorius
2129 1630 2186 1683 G.
2207 1631 2326 1680 Fla-

1375 1702 1566 1750 minius
1629 1700 1824 1751 aediles
1887 1699 2113 1763 curuleS,
2178 1699 2320 1763 apud

1376 1785 1502 1831 quos
1540 1769 1712 1819 Cicero
1758 1768 1986 1819 defendit
2035 1768 2097 1817 D.
2145 1769 2320 1817 Matri-

1381 1839 1548 1901 nium,
1579 1854 1674 1903 pro
1713 1838 1907 1888 Cluent.
1957 1837 2055 1897 45,
2097 1836 2212 1887 126.
2256 1862 2324 1872 —

1380 1907 1540 1958 Iidem
1558 1914 1815 1971 praetores
1835 1921 1885 1959 a.
1906 1923 1957 1960 u.
1979 1921 2024 1961 c,
2047 1905 2168 1958 688.
2193 1907 2326 1956 inter

1379 1977 1590 2027 sicarios
1629 1978 1974 2041 quaestionem
1999 1977 2324 2038 exercebant,

1379 2045 1452 2096 Ib.
1495 2045 1590 2110 53,
1631 2047 1751 2098 147.
1793 2073 1864 2082 —-
1899 2044 1968 2093 Μ.
2015 2043 2321 2107 PlaetoriuS,

1379 2115 1572 2163 amicus
1591 2115 1646 2164 P.
1682 2113 1883 2163 Lentuli
1905 2111 2220 2178 SpintheriS,
2257 2113 2326 2162 ad

1377 2181 1500 2232 fam.
1528 2183 1552 2231 1
1573 2219 1588 2244 ,
1619 2183 1678 2243 8,
1709 2184 1758 2234 1.
1776 2207 1846 2218 ·-
1867 2181 2106 2231 lucendio
2124 2182 2324 2231 Plaeto-

1376 2252 1537 2315 rian0,
1557 2254 1592 2300 i.
1617 2268 1662 2304 e.
1685 2252 2121 2312 condemnatione,
2145 2251 2324 2300 ambu-

1377 2327 1486 2370 stus
1521 2327 1597 2369 est
1625 2319 1772 2370 Seius
1803 2335 1854 2370 a.
1885 2335 1938 2371 u.
1979 2335 2026 2372 c.
2061 2319 2183 2371 703.
2203 2355 2216 2379 ‚
2255 2320 2324 2368 ad

1377 2389 1480 2437 Att.
1503 2388 1554 2450 5,
1577 2387 1673 2453 20,
1702 2388 1753 2438 8.
1771 2416 1838 2424 -
1859 2388 2170 2448 PlaetoriuS,
2195 2389 2323 2438 vici·
2365 2392 2374 2399 ‘

1374 2471 1470 2506 nus
1491 2458 1670 2516 Attici,
1692 2459 1767 2509 Ib.
1793 2458 1875 2515 15,
1899 2456 1983 2515 17,
2010 2455 2058 2506 1.

1303 2522 1712 2591 Plagioxypus.
1741 2552 1808 2562 -—-
1829 2523 2022 2574 Nomen
2061 2531 2322 2574 contume-

1374 2594 1502 2642 liose
1521 2593 1806 2655 confictum,
1828 2594 1895 2644 ad
1913 2593 2029 2642 Her.
2049 2596 2102 2654 4,
2123 2593 2209 2654 30,
2229 2595 2316 2644 42.

1302 2660 1664 2729 Plaguleius,
1708 2663 1860 2714 homo
1911 2661 2113 2712 infimae
2149 2664 2320 2721 sortiS,

1376 2732 1439 2781 de
1458 2732 1625 2796 operis
1653 2731 1935 2788 Clodianis,
1963 2731 2025 2779 de
2051 2731 2203 2782 domo
2225 2745 2321 2780 sua

1373 2797 1458 2857 33,
1481 2799 1566 2852 89.
1608 2799 1671 2848 cl.
1695 2801 1762 2850 ad
1779 2801 1882 2850 Att.
1909 2799 1992 2863 10,
2015 2799 2066 2861 8,
2089 2800 2141 2850 3.

293 2865 459 2924 aiunt,
512 2872 561 2914 et
598 2879 730 2916 nunc
777 2868 983 2928 quidem
1032 2869 1232 2918 deditus
1303 2864 1568 2916 Plancius
1613 2874 1787 2932 pater,
1833 2883 1988 2930 eques
2035 2868 2318 2927 Romanus,

292 2931 496 2984 Graecis
518 2931 726 2996 litteris,
752 2935 819 2984 ad
836 2935 940 2985 Aa.
963 2936 1013 2997 4,
1037 2935 1119 2996 15,
1140 2939 1193 2988 2.

220 2997 478 3056 Pittacus
507 3017 637 3052 unus
666 3004 728 3053 de
760 3009 951 3068 septem
984 3007 1231 3070 sapienti-

224 3067 260 3076 ”“
286 3071 385 3122 bus
401 3105 415 3132 ,
438 3070 593 3122 Lesbi
622 3079 893 3136 tyrannus,
926 3073 1127 3123 omniuo
1146 3087 1228 3122 ac-

291 3140 469 3190 cedere
490 3151 793 3202 quemquam
828 3148 965 3190 vetat
995 3141 1045 3190 iu
1076 3141 1228 3192 funus

290 3207 534 3272 aliorum,
572 3207 636 3256 de
667 3207 770 3273 leg.
810 3209 869 3273 2,
916 3208 1010 3272 26,
1042 3208 1127 3263 65.
1158 3235 1230 3246 ·-

292 3277 513 3394 Ιζὸῑιειοιιε
544 3276 779 3340 sepiem,
817 3277 881 3328 de
899 3285 1025 3330 orat.
1052 3277 1111 3339 3,
1144 3277 1227 3339 15,

222 3405 511 3460 Placentia
526 3442 542 3472 ,
562 3409 682 3458 urbs
702 3409 893 3462 Galliae
919 3413 1225 3478 Cisalpinae,

1371 2934 1610 3000 princeps
1629 2937 2032 3000 publicanorum,
2051 2951 2146 3001 pro
2166 2936 2316 2984 Plan-

1373 3003 1450 3052 cio
1470 3002 1521 3063 9,
1551 3005 1636 3054 24.
1661 3032 1728 3042 -—-
1744 3005 2079 3055 Maximarum
2100 3007 2316 3054 socleta-

1367 3079 1472 3121 tum
1491 3079 1684 3134 auctor,
1697 3072 2032 3138 plurimarum
2051 3075 2315 3138 magister,

1367 3140 1442 3190 ΙΙ).
1477 3140 1569 3205 13,
1610 3139 1696 3194 32.
1732 3167 1801 3176 -
1829 3140 2054 3190 Νἰῑιιίιιιιι
2089 3143 2314 3192 retinens

1369 3211 1616 3270 equestris
1658 3211 1780 3259 iuris
1828 3215 1877 3257 et
1912 3209 2163 3260 libertatis
2182 3246 2196 3269 ,
2238 3211 2312 3260 Ib.

1368 3275 1452 3334 23,
1471 3276 1558 3327 55.

1301 3342 1401 3393 Cn.
1441 3342 1724 3395 Plancius.
1795 3344 2163 3408 Amplissimae
2205 3348 2314 3398 eius

1371 3412 1577 3473 laudes,
1608 3425 1702 3476 pro
1730 3412 1902 3464 Plane.
1939 3415 1965 3464 1
1986 3452 2001 3475 ,
2037 3416 2064 3465 l
2099 3431 2214 3480 sqq.
2243 3443 2314 3454 —
