2500 3850
937 211 1010 257 Μ.
1050 209 1284 258 miuus
1317 209 1607 257 Bnu’rus.
2202 197 2322 261 199

295 368 437 416 -Iu
471 363 690 415 Galliam
722 366 1037 432 provinciam
1067 365 1239 430 profe·

296 444 469 484 cturus
490 443 603 483 erat
622 451 668 484 a.
691 451 745 483 u.
774 449 818 482 c.
854 433 974 488 709.
991 470 1006 495 ,
1043 436 1109 484 ad
1134 436 1236 484 Att.

298 504 396 565 12,
426 505 523 562 27,
558 503 608 556 3.
650 503 715 555 cl.
744 504 815 552 ib.
842 503 933 563 12,
964 503 1061 559 29,
1096 504 1144 555 1.
1170 528 1239 538 —

296 572 516 622 Galliam
545 572 808 637 praeclare
846 571 1237 631 administravit,

296 649 422 690 orat.
453 641 540 702 10,
562 641 647 692 34.
662 641 946 690 —Brutum
966 642 1238 706 obiurgan-

294 712 421 760 dum·
450 725 591 776 esse,
631 711 767 772 quod
797 712 849 758 in
880 710 1103 760 Cumano
1126 725 1239 760 esse

296 779 523 829 noluerit
542 795 590 831 a.
614 795 667 832 u.
694 794 735 830 c.
758 778 875 829 709.
894 815 907 839 ,
944 780 1011 828 ad
1028 781 1132 828 Att.
1154 780 1237 838 12,

294 848 383 908 36,
398 851 447 899 2.
483 850 552 898 [b.
568 864 648 913 ep.
665 848 751 911 37,
769 849 815 898 1.
834 877 898 884 -
916 848 985 896 De
998 849 1138 897 Bruti
1157 848 1239 897 lit-

290 920 417 968 teris
435 918 638 983 seriptis
670 917 736 966 ad
754 917 821 966 M.
852 916 1142 966 Ciceronem
1173 916 1238 966 de

293 987 491 1037 Tulliae
510 993 689 1049 morte,
710 987 780 1035 lb.
805 986 887 1046 12,
908 986 991 1047 13,
1017 987 1064 1034 1.
1081 1013 1146 1022 -
1164 985 1237 1034 De

294 1057 515 1121 epistola
535 1056 823 1118 Ciceronis,
847 1070 947 1117 qua
965 1053 1070 1105 illis
1094 1055 1237 1104 Bruti

292 1126 479 1175 litteris
506 1125 793 1189 respondit,
823 1126 897 1178 Ib.
924 1126 1018 1185 12,
1054 1124 1145 1188 18,
1181 1125 1233 1174 2.

292 1195 367 1244 Ib.
395 1194 478 1258 13,
500 1195 551 1256 6,
576 1193 625 1246 3.
646 1221 709 1230 ——
723 1194 846 1244 Eius
865 1194 1056 1244 reditus
1077 1210 1103 1243 e
1118 1208 1237 1257 pro-

290 1265 464 1313 vincia
484 1271 831 1327 exspectatur,
852 1264 928 1312 Ib.
956 1261 1019 1312 13
1038 1299 1049 1319 ‚
1078 1263 1161 1324 16,
1180 1264 1233 1313 2.

287 1360 366 1370 —
384 1333 537 1382 Bruto
557 1333 653 1382 iter
675 1335 830 1381 instat
860 1340 907 1381 et
938 1333 1162 1382 subitum
1188 1338 1236 1381 et

290 1403 503 1467 longum
519 1438 533 1463 ,
559 1403 635 1451 Ib.
659 1400 741 1461 13,
764 1399 857 1464 23,
882 1402 930 1453 1.
952 1429 1019 1436 —-
1039 1400 1237 1465 Exspe-

290 1479 455 1521 ctatur
488 1486 519 1520 a
557 1470 798 1521 Cicerone
836 1472 887 1518 in
925 1469 1233 1530 Tusculano,

290 1540 369 1591 lb.
396 1540 491 1600 13,
512 1541 571 1603 4,
601 1543 651 1589 2.
674 1565 737 1576 -
757 1539 830 1589 Eo
852 1540 1015 1599 venit,
1048 1539 1120 1591 lb.
1151 1538 1231 1603 13,

290 1609 354 1668 7,
386 1609 437 1659 2.
464 1636 529 1644 -
559 1609 746 1660 Brutus
776 1621 868 1671 per
892 1607 1087 1659 litteras
1112 1622 1233 1672 pur-

287 1685 380 1744 gat
408 1678 678 1728 Caesarem
702 1678 767 1727 de
797 1683 960 1725 morte
983 1677 1227 1740 Marcelli,

288 1749 364 1800 lb.
392 1747 474 1806 13,
501 1747 583 1810 10,
606 1747 655 1797 3.
676 1773 741 1782 —-
762 1747 837 1795 De
855 1745 995 1794 Bruti
1018 1747 1232 1796 cotidia-

291 1818 371 1865 nis
392 1817 725 1879 adsiduisque
745 1814 982 1864 laudibus
1006 1817 1068 1865 de
1089 1816 1232 1865 Cice-

288 1900 412 1936 rone
437 1884 652 1948 habitis,
672 1885 744 1935 lb.
768 1899 851 1951 ep.
881 1883 960 1946 13,
982 1884 1067 1948 38,
1097 1883 1143 1935 1.
1167 1913 1224 1926 —

288 1956 435 2006 Bruti
453 1958 699 2006 monitum
717 1955 780 2003 de
802 1954 1058 2004 Ciceronis
1081 1954 1231 2019 lapsu

286 2026 567 2075 memoriae
604 2026 659 2073 in
689 2024 917 2073 oratione
934 2024 1225 2089 Ligariana,

286 2094 362 2147 Ib.
386 2093 471 2156 13,
485 2094 571 2152 44,
589 2096 639 2145 2.
656 2093 812 2141 —De
830 2092 1010 2143 litteris
1028 2094 1094 2141 ad
1113 2108 1228 2142 eum

290 2164 452 2225 datie,
483 2162 555 2211 lb.
591 2162 685 2227 13,
719 2162 815 2223 25,
846 2164 898 2215 2.
922 2188 989 2199 --
1010 2161 1227 2226 Scripsit

286 2233 465 2283 Cicero
497 2232 563 2281 ad
592 2246 707 2281 eum
734 2230 907 2281 Idibus
942 2233 1052 2282 eius
1075 2246 1229 2295 opera

289 2303 390 2350 sibi
406 2300 533 2350 nihil
555 2316 683 2365 opus
702 2314 842 2359 esse,
864 2302 936 2349 11).
968 2300 1045 2359 15,
1069 2299 1153 2360 33,
1174 2298 1225 2349 5.

289 2372 361 2419 11).
382 2368 463 2433 13,
479 2368 563 2431 35,
580 2369 629 2420 3.
646 2397 713 2405 —
730 2369 946 2419 Caesare
964 2369 1226 2418 interfecto

290 2455 336 2489 a.
358 2456 409 2487 u.
436 2455 481 2487 c„
504 2437 625 2491 710.
658 2439 827 2487 statim
850 2446 1109 2488 cruentum
1128 2438 1227 2487 alte

288 2507 537 2558 extollens
584 2508 647 2557 M.
693 2508 877 2557 Brutus
924 2508 1223 2573 pugionem,

288 2576 582 2627 Ciceronem
603 2577 902 2627 nominatim
921 2577 1226 2627 exclamavit

286 2653 436 2708 atque
474 2647 523 2695 ei
560 2652 909 2711 recuperatam
942 2644 1227 2695 libertatem

288 2724 363 2765 est
382 2714 683 2781 gratulatuS,
708 2714 928 2779 Philipp.
952 2716 1004 2780 2,
1034 2714 1116 2775 12,
1137 2714 1221 2764 28.

284 2784 351 2833 ad
375 2788 478 2835 Att.
505 2785 587 2840 14,
612 2785 638 2833 1
656 2821 669 2844 ,
690 2787 741 2836 2.
765 2810 837 2820 -
854 2784 1036 2833 Matius
1056 2785 1226 2833 inimi-

288 2854 526 2903 cissimus
544 2853 713 2911 Bruti,
745 2852 812 2901 ad
829 2856 931 2901 Att.
957 2854 1048 2916 14,
1076 2853 1138 2914 2,
1170 2851 1221 2905 3.

285 2948 352 2957 -
395 2922 577 2970 Matius
617 2929 887 2986 suspectus
922 2922 1101 2983 Bruto,
1144 2923 1219 2972 Ib.

287 2990 370 3052 14,
390 2990 441 3049 5,
467 2992 515 3044 1.
538 3018 605 3026 —-
624 2992 744 3041 Post
764 2992 996 3041 Caesaris
1015 2991 1222 3041 caedem

286 3061 339 3107 in
356 3058 674 3109 Lanuvinum
696 3061 844 3124 abiit,
870 3060 943 3112 Ib.
968 3060 1061 3117 14,
1086 3063 1145 3119 7,
1171 3059 1219 3108 1.

285 3128 343 3175 Ei
380 3129 627 3193 probatur
661 3129 728 3177 M.
771 3129 976 3178 Antonii
1012 3129 1218 3192 factum,

283 3212 437 3258 quum
470 3197 759 3248 sustulisset
788 3198 1220 3257 Pseudomarium,

284 3266 355 3315 lb.
390 3267 486 3327 14,
518 3266 579 3328 8,
614 3266 663 3316 1.
690 3294 760 3304 -
791 3268 965 3317 Cicero
997 3268 1221 3317 maximo

282 3349 436 3399 opere
466 3338 608 3400 cupit
624 3372 637 3397 ,
671 3336 849 3385 llorere
875 3335 1080 3387 Brutum
1104 3349 1223 3385 eon-

267 3404 457 3452 'stituta
477 3420 530 3453 re
557 3404 695 3470 publ.
714 3443 727 3465 ‚
751 3407 821 3454 lb.
850 3405 939 3466 14,
966 3405 1055 3467 19,
1080 3403 1129 3455 1.
1153 3430 1224 3440 —·

282 3471 431 3520 Putat
452 3474 627 3523 Cicero
645 3489 753 3523 rem
779 3472 919 3537 publ,
952 3474 1174 3537 pendere
1196 3488 1225 3520 e

1379 364 1554 425 Brute,
1575 366 1642 414 ad
1661 366 1764 415 Att.
1785 366 1867 425 14,
1890 365 1975 428 20,
1995 365 2047 416 3.
2063 395 2129 402 --
2145 367 2221 416 De
2243 365 2323 416 Ci-

1380 435 1576 483 ceronis
1623 443 1672 484 et
1715 434 1855 483 Bruti
1902 436 2220 485 dissensione
2256 437 2322 486 de

1380 502 1545 553 edicto
1567 503 1630 552 ab
1649 503 1737 554 illo
1756 505 2017 568 proposito
2036 512 2084 553 et
2105 505 2170 554 de
2189 506 2322 569 opti-

1380 584 1462 620 mo
1482 587 1668 636 genere
1700 572 1929 636 dicendi,
1964 573 2038 625 lb.
2074 600 2143 610 —
2178 575 2321 624 Bruti

1379 639 1682 690 vulticulum
1715 643 1936 690 Atticum
1959 642 2198 692 debuisse
2231 644 2320 692 de-

1378 716 1568 759 terrere
1596 712 1660 760 ab
1687 710 1896 774 Epicuri
1925 712 2205 775 mentione,
2244 712 2317 761 lb.

1381 779 1462 838 14,
1477 779 1563 839 20,
1585 779 1634 830 5.
1650 806 1717 816 --
1729 779 1806 830 De
1824 768 1965 828 Bruti
1985 781 2208 830 oratione
2226 780 2319 829 ha-

1377 848 1485 896 bita
1503 849 1554 896 in
1584 850 1818 898 contione
1839 847 2146 913 Capitolina,
2169 865 2318 911 quam

1378 917 1732 981 corrigendam
1761 919 1830 968 ad
1857 916 2147 968 Ciceronem
2168 920 2316 967 mise-

1375 993 1481 1046 rat,
1514 987 1585 1035 Ib.
1612 987 1701 1047 15,
1727 987 1774 1037 1.
1798 987 1889 1046 Β.,
1923 988 2003 1038 12.
2046 987 2114 1036 cf.
2135 989 2204 1037 ib.
2235 987 2317 1046 15,

1377 1054 1436 1114 3,
1469 1058 1517 1107 2.
1559 1055 1630 1105 11).
1669 1055 1762 1119 15,
1795 1059 1861 1114 4,
1895 1054 1944 1106 3.
1971 1083 2038 1094 -—
2059 1057 2241 1106 Brutus
2267 1064 2317 1106 et

1379 1121 1585 1174 Cassius
1623 1125 1888 1175 consilium
1919 1124 2180 1176 Ciceronis
2211 1140 2316 1174 ma-

1374 1207 1476 1256 gno
1510 1209 1662 1258 opere
1694 1195 1994 1257 exquirunt,
2027 1195 2100 1245 Ib.
2135 1195 2228 1260 15,
2260 1195 2313 1255 5,

1377 1261 1428 1315 1.
1453 1290 1516 1298 —-
1552 1263 1600 1312 A
1631 1263 1788 1312 Balbo
1822 1262 2051 1313 Ciceroni
2083 1264 2314 1314 redditae

1374 1330 1570 1380 litterae
1607 1331 1716 1380 fore
1752 1332 1908 1380 Nonis
1955 1341 2214 1394 senatum,
2257 1339 2315 1381 ut

1374 1398 1558 1448 Brutus
1576 1401 1631 1448 in
1651 1401 1776 1450 Asia
1793 1436 1807 1459 ‚
1839 1399 2044 1448 Cassius
2063 1401 2114 1448 in
2141 1399 2316 1450 Sicilia

1375 1468 1680 1517 frumentum
1701 1468 1970 1516 emendum
1984 1474 2033 1517 et
2051 1469 2116 1517 ad
2137 1468 2314 1517 urbem

1373 1536 1670 1586 mittendum
1704 1543 1936 1586 curarent
1965 1543 2058 1589 etc.
2079 1573 2094 1596 ,
2126 1538 2201 1587 lb.
2228 1537 2310 1601 15,

1371 1605 1425 1666 9,
1453 1606 1498 1655 1.
1541 1607 1616 1655 11).
1645 1605 1739 1670 15,
1773 1607 1854 1657 10.
1892 1631 1960 1643 -
1989 1606 2130 1654 Bruti
2153 1605 2312 1656 collo-

1373 1677 1550 1738 quium
1602 1679 1714 1724 cum
1769 1673 2012 1735 Servilia,
2067 1674 2310 1735 Tertulla,

1371 1744 1577 1806 Porcia,
1632 1743 1832 1806 Cassio,
1874 1745 2128 1806 Favonio,
2170 1745 2312 1796 Cice-

1370 1827 1524 1875 rone,
1547 1815 1620 1862 lb.
1651 1813 1742 1874 15,
1769 1813 1862 1875 11,
1891 1813 1940 1862 1.
1963 1814 2236 1864 -Brutus
2259 1815 2312 1864 iu

1373 1883 1549 1933 Asiam
1571 1883 1647 1933 ire
1668 1885 1956 1947 constituit,
1997 1885 2074 1937 Ib.
2100 1884 2188 1948 15,
2224 1885 2306 1947 12,

1373 1954 1397 2003 1
1409 1988 1422 2002 .
1435 1978 1505 1989 --
1516 1952 1776 2002 Ludorum
1789 1953 1930 2003 Bruti
1949 1968 2120 2002 curam
2130 1990 2142 2011 ‚
2159 1956 2310 2003 etiam

1372 2022 1860 2071 administrationem
1906 2023 2195 2087 suspicatur
2226 2022 2309 2073 Ci-

1371 2104 1485 2139 cero
1519 2105 1581 2139 ex
1608 2104 1795 2157 magna
1823 2100 1966 2155 parte
1998 2092 2064 2139 ad
2082 2092 2309 2144 Atticum

1370 2161 1622 2224 pertinere
1639 2195 1654 2219 ‚
1687 2160 1763 2213 Ib.
1789 2160 1873 2221 15,
1896 2158 1980 2223 18,
2003 2162 2052 2210 2.
2077 2187 2143 2198 -
2163 2160 2312 2212 Post-

1367 2245 1520 2292 quam
1566 2244 1678 2278 cum
1723 2231 1892 2279 Attico
1931 2230 2148 2281 Lanuvii
2182 2231 2311 2280 vidit

1368 2312 1490 2347 suos
1517 2298 1600 2364 (in
1623 2298 1706 2347 his
1723 2297 1960 2362 Brutum)
1981 2306 2174 2347 tantum
2195 2301 2310 2362 spei

1369 2367 1556 2417 habere
1571 2368 1637 2417 ad
1650 2368 1944 2426 vivendum,
1962 2375 2204 2427 quantum
2225 2383 2307 2417 ac-

1366 2436 1620 2500 cepissent
1651 2436 1715 2484 ab
1748 2436 1998 2493 Antonio,
2023 2434 2197 2483 Cicero
2217 2436 2306 2484 de·

1363 2506 1605 2570 speravit,
1629 2505 1703 2555 Ib.
1729 2503 1811 2565 15,
1831 2503 1916 2562 20,
1943 2503 1976 2550 2
1995 2510 2043 2551 et
2061 2501 2110 2552 3.
2133 2528 2204 2539 -—
2224 2504 2308 2553 Ad

1363 2574 1569 2623 Brutum
1595 2573 1656 2632 Q.
1677 2572 1850 2623 Cicero
1869 2572 2002 2620 filius
2025 2572 2095 2621 ait
2113 2587 2166 2621 se
2187 2588 2308 2638 pro-

1364 2642 1539 2707 fugere
1560 2642 1708 2702 velle,
1729 2644 1801 2692 lb.
1827 2641 1916 2706 15,
1941 2641 2036 2701 21,
2071 2641 2116 2691 1.
2137 2668 2208 2681 -
2235 2643 2306 2693 De

1363 2711 1505 2761 Bruti
1525 2712 1771 2776 epistola,
1808 2712 1880 2761 Ib.
1907 2710 1968 2761 15
1989 2746 2002 2770 ,
2037 2710 2132 2774 29,
2167 2712 2213 2761 1.
2239 2738 2304 2749 --

1364 2780 1499 2831 Nihil
1543 2783 1745 2847 turpius
1788 2796 1940 2843 quam
1981 2780 2138 2833 Bruto
2177 2780 2304 2843 (No-

1363 2851 1466 2913 nis)
1497 2848 1660 2901 Iuliis
1695 2853 1843 2904 ludos
1876 2850 2066 2906 facere,
2106 2852 2180 2900 lb.
2216 2850 2301 2913 16,

1366 2920 1413 2979 1,
1445 2921 1489 2969 1.
1525 2920 1588 2973 cl.
1611 2922 1679 2971 ib.
1709 2936 1794 2986 ep.
1815 2922 1866 2979 4,
1897 2919 1943 2969 1.
1967 2919 2302 2968 -Delectari

1363 2989 1537 3040 Cicero
1566 2990 1752 3039 Brutus
1771 2991 1930 3039 Tereo
1953 2988 2224 3037 videbatur
2253 2994 2303 3037 et

1362 3059 1550 3108 habere
1581 3059 1822 3108 maiorem
1842 3057 1996 3106 Accio
2025 3070 2174 3118 quam
2195 3057 2301 3104 An-

1361 3129 1502 3177 tonio
1540 3129 1782 3192 gratiam,
1814 3126 1888 3177 lb.
1924 3124 2021 3184 16,
2051 3127 2116 3183 2,
2147 3126 2199 3177 3.
2233 3152 2299 3164 -

1365 3198 1592 3247 Ciceroni
1623 3203 1698 3245 est
1720 3196 2011 3255 molestum,
2044 3195 2180 3256 quod
2209 3209 2300 3257 pa-

1361 3280 1475 3314 rum
1519 3264 1710 3313 Brutus
1757 3276 2032 3327 properare
2084 3264 2299 3322 videtur,

1365 3334 1439 3384 Ib.
1466 3331 1548 3392 16,
1568 3333 1619 3391 4,
1639 3336 1692 3386 4.
1728 3333 1801 3381 lb.
1825 3330 1891 3381 16
1906 3367 1921 3390 ,
1941 3331 1992 3390 5,
2019 3332 2067 3384 1.
2087 3361 2157 3371 -
2176 3330 2302 3379 Bru-

1363 3410 1446 3451 tus
1484 3403 1664 3465 probat
1703 3402 1760 3460 Q.
1797 3400 2092 3450 Ciceronem
2119 3400 2298 3462 filiurn,

1366 3472 1436 3521 lb.
1461 3470 1545 3534 16,
1562 3471 1592 3521 5
1609 3506 1624 3533 ,
1646 3470 1695 3524 2.
1716 3496 1782 3507 -—
1803 3469 1874 3519 Eo
1896 3470 2110 3519 multum
2128 3470 2300 3518 uteba·
