2500 3850
763 135 1092 184 HIRPINUS
1129 157 1202 168 -
1240 136 1308 188 A.
1333 136 1639 185 HIRTIUS.
2128 129 2241 186 175

221 294 331 342 ruit
349 289 547 356 Olymp.
573 288 682 341 LX.
697 304 743 338 a.
761 289 877 340 Chr.
895 289 1015 340 540.
1047 290 1166 356 Cyri

224 371 274 410 et
299 360 475 409 Croesi
501 359 832 423 temporibus,
867 359 988 408 Eius
1010 360 1165 408 iambi

222 428 494 491 maledici,
526 429 589 478 de
612 443 664 476 n.
697 428 748 476 d.
781 425 844 488 3,
863 426 964 486 38,
985 427 1073 482 91.
1097 455 1166 464 -

222 500 632 563 Hipponacteum
669 497 1026 562 praeconium,
1058 499 1092 544 i.
1115 513 1160 546 e.

225 567 466 618 acerbum
505 573 554 616 et
599 565 896 630 probrosum
939 581 1163 626 carmen,

223 637 290 686 ad
312 636 434 687 fam.
461 635 512 698 7,
537 636 622 697 24,
651 634 699 686 1.
719 631 1164 700 -1n(pedes'tri)

225 707 454 754 oratione
473 705 700 754 senarios
725 711 774 752 et
791 703 1163 766 Hipponacteos

223 765 588 839 (σκάζοντας)
615 771 837 837 effugere
869 771 953 821 vix
983 787 1164 837 possu-

226 857 370 904 mus,
393 850 520 893 orat.
539 840 624 898 56,
647 839 765 893 189.

151 909 430 976 Hirpinus
461 909 682 969 fundus,
721 910 785 959 de
816 908 930 974 lege
963 923 1074 974 agr.
1109 910 1161 972 3,

226 983 278 1033 2.
301 980 354 1030 9.

152 1045 402 1114 Hirpini,
426 1047 644 1112 populus
663 1045 884 1098 Samnis,
900 1073 970 1084 —-
983 1049 1036 1096 ln
1051 1047 1164 1096 Hir-

226 1118 364 1182 pinis
405 1118 746 1181 Ampsanctus
761 1152 774 1174 ,
816 1117 876 1165 de
909 1116 1064 1165 divin.
1111 1115 1159 1180 1,

155 1255 218 1306 C.
268 1252 498 1304 Hirtius
545 1251 954 1318 (Postumius),
1010 1253 1162 1303 homo

227 1323 546 1388 voluptarius
563 1359 578 1381 ‚
607 1322 670 1370 de
689 1322 772 1375 fin.
795 1323 844 1371 2.
866 1323 950 1383 22,
972 1321 1056 1374 70.

150 1389 404 1444 Hirtius.
433 1393 496 1439 V.
523 1389 584 1440 C.
605 1386 846 1442 Luceius
861 1387 1090 1446 Hirrus,

151 1459 350 1512 Hirtia
371 1461 478 1521 lex,
496 1461 714 1525 Philipp.
744 1459 826 1519 13,
850 1457 932 1516 16,
953 1457 1038 1508 32.

151 1527 450 1580 Hirtinum
469 1528 717 1592 proelium
736 1529 802 1576 ad
819 1528 1078 1587 Mutinam,
1098 1527 1164 1577 ad

226 1599 350 1648 fam.
380 1596 458 1660 10,
479 1595 562 1661 33,
583 1599 636 1646 4.

149 1668 219 1718 Α.
242 1663 488 1727 Hirtius,
508 1681 612 1718 cos».
633 1679 743 1714 cum
763 1665 818 1716 C.
835 1665 988 1713 Vibio
999 1663 1164 1714 Pansa

229 1752 278 1786 a.
301 1750 352 1797 u.
378 1750 422 1784 c.
447 1735 564 1784 711.
587 1761 652 1769 -
675 1734 945 1797 Pompeius
963 1733 1163 1782 dicebat

227 1805 432 1854 venisse
473 1803 685 1852 Hirtium
723 1817 754 1852 a
793 1801 1034 1862 Caesare,
1077 1802 1163 1862 qui

228 1881 368 1922 esset
392 1871 466 1921 illi
509 1871 939 1920 familiarissimus
951 1907 967 1932 ,
1009 1870 1075 1920 ad
1105 1884 1162 1919 se

225 1958 330 1991 non
347 1943 648 1999 accessisse,
672 1942 738 1991 ad
758 1942 860 1991 Att.
883 1941 934 1997 7,
953 1941 1004 1997 4,
1025 1940 1074 1989 2.
1093 1966 1162 1977 --

225 2013 420 2062 Levata
438 2018 516 2060 est
535 2012 760 2076 suspicio
779 2011 1026 2059 sermonis
1045 2008 1162 2057 Hir-

225 2081 380 2141 tiani,
404 2082 469 2129 ad
500 2080 605 2129 Att.
629 2080 694 2131 10
711 2116 722 2138 ,
754 2082 788 2128 4
805 2116 818 2143 ,
853 2078 936 2129 11.
957 2104 1026 2113 -
1045 2076 1161 2127 Hir-

226 2152 330 2199 tius
351 2148 582 2199 Caesaris
607 2150 828 2207 amicae,
861 2148 927 2197 ad
955 2146 1076 2197 fam.
1109 2146 1159 2199 6.

227 2220 325 2278 12,
369 2218 422 2269 2.
471 2238 533 2255 ⁴—
573 2218 702 2267 Ludi
743 2219 1029 2267 Praeneste.
1085 2216 1163 2264 Ibi

226 2287 422 2337 Hirtius
441 2293 490 2335 et
508 2286 595 2337 isti
610 2300 802 2337 omneS.
827 2286 964 2343 Quae
983 2298 1158 2343 cenae,

228 2370 363 2419 quae
401 2354 640 2406 deliciae!
693 2356 797 2405 Res
833 2354 1026 2402 interea
1061 2352 1163 2400 for·
1232 2375 1236 2380 ·

225 2435 366 2475 tasse
384 2431 633 2473 transacta
652 2434 746 2473 est.
771 2422 809 2471 Ο
831 2423 982 2471 miros
1001 2420 1166 2469 homi-

227 2493 348 2543 nes!
382 2493 449 2541 ad
467 2495 568 2541 Att.
594 2492 675 2554 12,
695 2494 744 2549 2,
764 2492 815 2543 2.
856 2490 920 2542 cl.
945 2490 1011 2539 ad
1040 2489 1161 2537 fam.

225 2564 288 2622 9,
315 2560 348 2611 6
364 2597 378 2619 ,
407 2562 454 2612 1.
486 2588 546 2597 -·
567 2562 776 2612 Hirtium
797 2558 970 2629 Cicero
991 2564 1040 2607 et
1059 2558 1164 2606 Do·

232 2630 469 2681 labellam
485 2630 686 2681 dicendi
699 2628 978 2694 discipulos
995 2626 1058 2675 ha
1066 2627 1163 2685 bet,

228 2699 444 2750 cenandi
473 2701 743 2765 magistros
774 2714 824 2748 a.
859 2714 911 2750 u.
938 2712 984 2747 c.
1021 2694 1162 2753 708„

225 2769 294 2816 ad
315 2768 436 2817 fam.
459 2768 520 2827 9,
553 2768 646 2831 16,
678 2770 728 2818 7.
749 2798 820 2807 -
837 2762 1162 2817 Hirtianum

225 2840 308 2887 ius
344 2850 436 2900 per
471 2837 640 2887 iocum
687 2844 1006 2901 comparatur
1050 2848 1167 2881 cum

225 2902 647 2969 Hateriano,1b.
670 2904 884 2969 9,18,3.
917 2903 992 2955 lb.
1012 2900 1063 2962 9,
1078 2900 1164 2958 20,

227 2977 282 3029 2.
305 3000 375 3010 -·
395 2975 586 3025 Hirtius
615 2976 681 3025 ad
703 2975 996 3025 Ciceronem
1027 2970 1165 3019 misit

225 3044 414 3092 librum
430 3081 445 3104 ,
470 3046 521 3093 in
544 3059 644 3107 quo
663 3043 858 3108 colligit
879 3041 999 3092 vitia
1019 3039 1168 3090 Cato-

226 3113 344 3171 nis,
381 3113 473 3161 sed
509 3128 624 3161 cum
660 3112 900 3163 maximis
929 3108 1166 3159 laudibus

229 3182 524 3245 CiceroniS,
555 3183 617 3230 ad
640 3182 740 3231 Att.
766 3182 830 3231 12
847 3216 864 3241 ,
896 3178 994 3237 40,
1020 3177 1066 3226 1.
1100 3177 1163 3224 cl.

227 3251 300 3299 ib.
326 3250 409 3310 12,
431 3250 580 3315 41,4.
605 3251 679 3302 Ib.
697 3251 780 3313 12,
793 3251 880 3311 44,
895 3250 942 3299 1.
964 3245 1166 3293 —Eum

228 3318 379 3367 Hirtii
403 3320 583 3367 librum
598 3319 774 3371 Cicero
791 3320 852 3367 ab
870 3317 1030 3366 Attico
1051 3328 1168 3377 per-

229 3388 431 3451 vulgari
459 3388 580 3451 vult,
612 3388 880 3449 lb.12,44‚
910 3386 955 3435 1.
990 3381 1164 3445 1b.l2,

1304 291 1391 352 45,
1426 290 1475 342 3.
1506 293 1581 342 lb.
1614 293 1705 357 12,
1734 293 1831 356 47,
1864 291 1915 342 3.
1945 319 2001 329 -
2036 293 2241 344 Cassius

1305 368 1353 408 et
1378 359 1561 408 Brutus
1582 361 1799 412 Hirtium
1828 375 1919 426 per
1948 359 2239 411 Ciceronem

1304 428 1565 480 meliorem
1586 429 1695 479 fieri
1715 431 1917 489 volunt,
1942 431 2013 480 ΙΙ).
2038 431 2130 494 14,
2154 430 2238 493 20,

1296 500 1356 551 ,4.
1372 523 1439 533 --
1460 497 1723 548 Hominem
1742 499 2007 550 traducere
2026 499 2092 550 ad
2113 501 2241 564 opti-

1304 573 1465 616 mates
1484 574 1627 631 parat
1646 569 1823 619 Cicero
1838 606 1852 628 ‚
1876 568 1949 618 lb.
1976 569 2059 627 14,
2077 569 2163 629 21,
2184 571 2238 621 4.

1305 661 1372 671 --
1397 635 1559 684 Valde
1577 638 1866 687 etiamnunc
1900 645 2036 688 amat
2057 635 2239 687 Caesa-

1302 719 1435 762 rem,
1457 705 1528 753 lb.
1568 706 1661 762 14,
1682 707 1777 770 22,
1806 706 1854 756 1.
1887 706 1949 755 cl.
1972 707 2040 757 ib.
2065 706 2128 756 15
2148 741 2162 764 ,
2188 709 2239 762 5.

1306 773 1353 824 l.
1374 797 1445 810 —-
1466 769 1683 839 Scripsit
1712 775 1765 832 iu
1802 789 1912 824 eam
1943 777 2241 824 sententiam

1304 841 1370 890 ad
1390 841 1607 892 Hirtium
1636 843 1937 902 Cicer0,1b.
1971 843 2061 903 15,
2092 843 2153 902 6,
2188 845 2236 892 1.

1303 937 1372 946 -
1389 911 1541 960 Hirtii
1559 927 1857 976 responsum
1876 949 1889 972 ,
1913 913 1987 966 lb.
2012 912 2093 970 15,
2115 912 2165 974 6,
2187 915 2239 964 2.

1304 1004 1371 1015 -
1414 979 1605 1030 Hirtius
1650 980 1971 1032 vehementer
2014 979 2239 1030 offensus

1304 1050 1585 1112 veteranis,
1606 1050 1679 1100 Ib.
1705 1049 1796 1112 15,
1818 1049 1871 1110 8,
1892 1049 1940 1100 1.
1962 1076 2029 1086 -
2047 1049 2239 1100 Hirtius

1304 1122 1352 1166 et
1369 1115 1535 1167 Pansa
1555 1131 1686 1168 coss.
1724 1119 1799 1168 De
1820 1120 1893 1168 eis
1915 1119 2237 1170 vehemente·-

1304 1185 1521 1234 detrahit
1550 1187 1607 1245 Q.
1642 1187 1842 1248 Cicer0,
1888 1187 1956 1237 ad
1989 1188 2111 1236 fam.
2154 1187 2234 1242 10,

1303 1253 1397 1313 27,
1426 1255 1474 1307 1.
1496 1281 1563 1290 -
1584 1260 1625 1301 A
1648 1255 1861 1306 Caesare
1882 1255 2071 1305 Hirtius
2094 1271 2239 1303 orua-

1301 1331 1413 1384 tae,
1434 1323 1525 1371 sed
1551 1323 1638 1372 illa
1658 1331 1950 1373 ornamenta
1971 1325 2023 1372 in
2056 1325 2239 1370 virtute

1303 1398 1353 1440 et
1370 1393 1615 1439 industria
1634 1393 1802 1455 posita
1820 1391 2143 1454 lucent,Phili
2148 1406 2235 1454 pp.

1307 1457 1389 1522 13,
1417 1459 1498 1522 11,
1520 1459 1603 1528 24.
1628 1459 1907 1508 -Hirtius
1932 1459 2145 1520 loquens
2166 1461 2240 1507 in-

1306 1528 1507 1578 ducitur
1532 1528 1581 1576 in
1613 1527 1739 1577 libro
1765 1528 1830 1578 de
1862 1527 1965 1576 fato
1994 1527 2050 1584 l,
2085 1529 2135 1574 2.
2170 1554 2241 1562 --

1303 1597 1376 1644 De
1396 1598 1505 1644 eius
1526 1596 1779 1659 colloquio
1798 1611 1911 1644 cum
1926 1595 1985 1645 D.
2004 1597 2157 1644 Bruto
2178 1597 2239 1645 de

1306 1664 1372 1712 M.
1412 1665 1633 1714 Antonio
1666 1681 1713 1716 a.
1748 1682 1798 1715 u.
1832 1681 1876 1714 c.
1910 1665 2028 1714 710.
2068 1663 2240 1714 habito

1302 1734 1459 1783 refert
1492 1733 1547 1784 D.
1577 1733 1760 1784 Brutus
1798 1734 1864 1784 ad
1894 1733 2015 1786 fam.
2051 1733 2143 1792 11,
2189 1733 2237 1794 1,

1304 1803 1353 1854 1.
1394 1803 1459 1851 ci'.
1484 1804 1549 1853 ib.
1574 1803 1655 1862 11,
1678 1803 1729 1867 8,
1752 1805 1801 1856 2.
1818 1803 2093 1854 ——Hirtius
2116 1817 2163 1856 a.
2188 1818 2241 1855 u.

1303 1887 1344 1920 e.
1367 1872 1485 1925 710.
1499 1871 1626 1922 nihil
1646 1873 1747 1922 nisi
1766 1873 2081 1925 considerate
2099 1879 2240 1920 actu-

1301 1957 1389 1991 rus
1422 1942 1718 2002 videbatur,
1748 1944 1823 1993 lb.
1862 1942 1954 2005 13,
1986 1942 2049 1997 5,
2082 1943 2131 1989 2.
2170 1967 2233 1977 --

1301 2011 1499 2061 Hirtius
1517 2012 1710 2061 tardius
1741 2010 2077 2066 convalescit,
2108 2024 2157 2060 a.
2188 2025 2237 2060 u.
2307 2037 2311 2043 ·

1280 2095 1347 2132 .c.
1364 2079 1503 2139 710„
1525 2080 1595 2131 lb.
1618 2079 1699 2141 12,
1718 2080 1803 2139 22,
1824 2081 1876 2132 2.
1897 2106 1962 2115 --
1976 2076 2239 2127 Profectus

1303 2156 1377 2196 est
1395 2148 1642 2197 adversus
1670 2148 1947 2197 Antonium
1966 2182 1979 2206 ,
2009 2144 2237 2209 Philipp.

1303 2218 1361 2279 7,
1394 2218 1458 2279 4,
1496 2217 1578 2267 12.
1600 2244 1667 2252 -
1688 2216 1811 2266 Eius
1840 2213 2240 2265 imbecillitatem

1301 2284 1608 2333 valetudinis
1646 2285 1799 2333 animi
1836 2286 1994 2332 virtus
2036 2292 2085 2333 et
2122 2298 2241 2345 spes

1306 2353 1548 2403 victoriae
1584 2352 1898 2403 confirmavit
1928 2352 1993 2399 ad
2024 2351 2241 2399 liberan-

1306 2422 1426 2472 dum
1446 2420 1509 2472 D.
1530 2420 1738 2469 Brutum
1752 2455 1765 2479 ,
1787 2419 1975 2477 Ib.„l4,
1994 2420 2046 2480 2,
2070 2421 2122 2469 4.
2144 2417 2241 2465 De-

1304 2498 1493 2539 cretum
1548 2487 2115 2537 honorifieentissimum
2176 2486 2241 2535 de

1305 2558 1467 2607 Hirtio
1496 2565 1545 2607 et
1562 2559 1727 2606 Pansa
1746 2570 1779 2605 a
1798 2554 2035 2607 Cicerone
2053 2569 2241 2620 propo—

1306 2628 1489 2687 situm,
1509 2626 1582 2678 lb.
1604 2626 1665 2690 5,
1701 2624 1791 2684 19,
1820 2624 1907 2679 53.
1938 2650 2009 2661 —
2030 2624 2240 2673 Antonii

1305 2696 1617 2759 praesidium
1645 2694 1876 2745 Claterna
1910 2694 2125 2747 deiecit.
2163 2693 2234 2743 ΙΙ).

1305 2764 1357 2823 8,
1377 2766 1427 2824 2,
1449 2763 1501 2814 6.
1520 2790 1587 2800 --
1604 2764 1645 2813 E
1667 2764 1845 2813 castris
1866 2764 1993 2812 duas
2011 2763 2241 2827 legiones

1306 2835 1509 2896 eduxit,
1558 2841 1786 2895 quartam
1813 2878 1817 2883 ,
1844 2840 1893 2882 et
1940 2834 2236 2896 septimam:

1308 2901 1393 2951 his
1413 2902 1595 2965 viginti
1612 2900 1918 2960 cohortibus,
1941 2901 2077 2950 nullo
2099 2900 2243 2963 equi-

1303 2978 1431 3030 tatu,
1450 2971 1641 3021 Hirtius
1662 2972 1772 3035 ipse
1792 2970 2015 3032 aquilam
2034 2976 2239 3031 quartae

1308 3039 1528 3105 legionis
1558 3055 1713 3101 quum
1742 3038 1977 3095 inferret,
2004 3052 2118 3087 cum
2149 3038 2240 3084 tri-

1306 3109 1406 3159 bus
1438 3108 1647 3159 Antonii
1676 3106 1963 3172 legionibus
1994 3108 2240 3167 equitatu-

1308 3193 1405 3240 que
1424 3178 1653 3226 conssixit
1663 3176 1937 3236 hostesque
1955 3174 2175 3223 nefarios
2191 3210 2205 3225 .
2224 3211 2237 3223 .

1305 3247 1613 3311 prostravit,
1648 3244 1809 3301 fudit,
1842 3243 2059 3301 occidit,
2090 3243 2161 3293 Ib.
2185 3241 2237 3303 8,

1310 3313 1403 3376 10,
1426 3316 1513 3367 27.
1554 3313 1617 3362 cl.
1648 3313 1719 3362 ib.
1749 3313 1811 3369 8,
1840 3311 1935 3370 14,
1968 3310 2054 3361 36.
2078 3338 2141 3346 -—
2171 3312 2235 3361 Α.

1308 3384 1499 3431 Hirtius
1536 3382 1728 3447 populo
1766 3382 2024 3440 Romano,
2064 3379 2239 3428 amicis
