2500 3850
819 189 1088 236 CASTOR
1129 210 1212 222 -—··
1243 189 1626 238 CATONIUM.

225 346 298 395 cl.
327 346 398 394 ib.
422 345 485 404 2,
515 343 601 403 27,
623 343 708 396 49.
742 343 963 409 Philipp.
987 345 1018 393 2
1036 381 1050 407 ,
1092 347 1175 402 44,

228 412 353 464 114.
375 438 447 450 —-
465 413 529 462 de
551 417 650 462 am‘.
673 411 724 476 8²
747 411 832 462 28.
873 415 946 462 lb.
972 413 1033 462 11
1050 451 1064 474 ,
1088 413 1174 465 36.

223 507 300 521 -—
335 481 462 531 Eius
501 480 683 532 domus
724 492 902 531 eversa
939 487 1088 542 atque
1125 484 1176 530 in

228 551 413 600 eodem
437 550 548 601 loco
575 549 726 599 aedes
745 552 915 614 posita
933 550 1174 612 TelluriS,

231 621 296 669 de
319 621 470 682 domo
492 633 584 668 sua
605 617 690 682 38,
715 618 830 670 101.

161 687 373 740 Castor
391 695 440 738 et
458 687 660 750 Pollux,
681 688 893 738 secundi
915 687 1013 737 duo
1035 685 1176 736 Dios·

229 759 345 807 curi
360 794 376 821 ,
413 757 531 808 Iove
551 757 697 806 tertio
717 758 822 806 nati
855 763 902 808 et
919 756 1088 819 Leda,
1111 757 1175 808 de

229 842 284 875 n.
311 827 358 876 d.
380 824 430 889 3,
453 825 538 889 21,
557 823 645 876 53.
668 852 734 861 —
757 825 950 884 Castor,
971 825 1171 889 Pollux,

227 894 474 946 Hercules
488 931 503 955 ,
531 893 866 960 Aesculapius
883 930 898 954 ,
917 893 1068 944 Liber
1091 911 1176 944 co·-

229 965 406 1014 luntur
433 977 593 1025 aeque
625 969 775 1026 atque
803 963 1019 1028 Apollo,
1050 963 1176 1014 Vul-

231 1048 422 1093 canus,
442 1033 754 1093 MercuriuS,
782 1033 847 1082 dc
866 1047 916 1086 n.
941 1033 991 1082 d.
1015 1032 1065 1093 3,
1090 1032 1173 1092 18,

227 1104 319 1155 45.
355 1127 421 1137 -
439 1101 662 1150 Castoris
689 1101 882 1162 cultus,
907 1102 972 1152 de
990 1101 1092 1166 leg.
1120 1101 1173 1160 2,

229 1171 284 1238 8,
311 1171 396 1224 19.
421 1199 485 1206 -
507 1170 684 1221 Castor
713 1177 761 1219 et
790 1171 972 1220 Pollux
994 1171 1046 1218 in
1077 1169 1176 1235 Ly-

232 1240 412 1290 sandri
435 1239 650 1290 victoria
675 1238 842 1288 navali
859 1240 1176 1304 Aegospota-

229 1312 332 1360 mis
363 1310 428 1359 de
448 1308 846 1358 Atheniensibus
877 1307 1035 1358 relata
1062 1322 1175 1358 cum

153 1376 162 1384 ’
231 1377 755 1428 Lacedaemoniorum
771 1377 938 1428 classe
948 1377 1049 1426 visi
1063 1391 1176 1427 esse

235 1449 559 1504 dicebantur,
592 1447 656 1495 de
679 1447 838 1496 divin.
875 1446 902 1495 1
921 1483 936 1505 ,
965 1445 1033 1496 34
1049 1481 1063 1504 ,
1087 1446 1174 1499 75.

231 1518 311 1566 Ib.
337 1517 368 1564 2
385 1552 399 1578 ,
423 1513 514 1578 32,
536 1514 624 1568 68.
646 1542 712 1550 —
732 1514 909 1572 Castor
927 1522 976 1564 et
992 1513 1177 1565 Pollux

235 1587 290 1634 in
321 1584 516 1648 proelio
545 1584 614 1634 ad
642 1582 807 1634 lacum
826 1583 1088 1650 Regillum
1115 1598 1178 1632 ex

235 1654 383 1716 equis
405 1666 634 1718 pugnare
657 1653 760 1703 visi
787 1660 905 1701 sunt
935 1657 985 1701 et
1002 1666 1178 1702 recen-

231 1725 365 1772 tiore
395 1723 642 1772 memoria
667 1722 824 1772 iidem
853 1720 1179 1786 Tyndaridae

231 1793 424 1842 Persen
467 1792 657 1841 victum
694 1791 970 1840 nunciasse
1016 1791 1177 1853 putati

235 1863 384 1920 sunt,
410 1860 473 1909 de
493 1875 546 1912 n.
568 1859 618 1909 d.
641 1862 702 1921 2,
731 1860 791 1922 2,
823 1859 874 1910 6.
913 1861 987 1911 Ib.
1011 1860 1062 1920 2,
1089 1859 1174 1918 24,

233 1930 323 1981 62.
361 1932 438 1979 Ib.
467 1929 516 1987 3,
547 1928 597 1987 5,
624 1929 686 1979 11
708 1943 818 1991 sqq.
843 1956 911 1964 -
935 1928 1112 1977 Castor
1131 1934 1179 1977 et

231 1998 416 2049 Pollux
458 1998 650 2047 laudati
694 2012 725 2046 a
763 1996 1056 2061 Simonide,
1115 1997 1177 2047 de

237 2075 361 2117 orat.
385 2069 436 2129 2,
457 2066 544 2127 86,
563 2065 686 2118 352.
705 2093 771 2101 -
783 2064 1004 2118 Castoris
1023 2066 1178 2116 aedes

233 2136 426 2185 refecta
461 2151 492 2185 a
539 2135 598 2185 L.
638 2134 838 2185 Metello
874 2134 1174 2197 DalmaticO,

233 2205 383 2253 Verr.
410 2211 634 2257 accusat.
657 2203 713 2268 1,
737 2203 834 2269 59,
859 2206 978 2255 154.
1017 2204 1081 2256 cl.
1103 2203 1174 2252 ib.

171 2277 181 2284 ‘
237 2276 285 2335 1,
309 2274 396 2333 49,
419 2274 536 2326 129.
555 2298 628 2310 —-
642 2273 699 2321 In
718 2272 814 2321 hac
833 2273 960 2323 aede
979 2272 1175 2322 Sestius

235 2342 564 2409 vulneratus,
598 2340 664 2391 ad
683 2339 740 2399 Q.
766 2341 830 2390 fr.
855 2343 916 2402 2,
949 2341 1005 2401 3,
1035 2341 1087 2392 6.
1105 2365 1177 2376 —

231 2413 290 2461 In
313 2410 540 2461 Castoris
568 2411 695 2460 aede
724 2410 1064 2476 negotiatores
1093 2424 1176 2459 so-

232 2480 406 2531 lebant
458 2481 702 2545 pecunias
753 2480 1036 2543 deponere,
1083 2493 1176 2542 pro

235 2549 434 2609 Quinct.
463 2551 529 2613 4,
558 2548 644 2599 17.
666 2576 732 2584 —
753 2548 974 2597 Castoris
995 2554 1044 2596 et
1061 2546 1178 2597 Pol-

235 2618 367 2668 lucis
399 2618 553 2669 aedes
573 2616 782 2667 Tusculi
809 2618 911 2667 icta
931 2616 996 2665 de
1016 2616 1173 2676 cae10,

237 2688 303 2736 de
321 2686 483 2738 divin.
506 2687 556 2751 1,
575 2686 662 2747 43,
679 2685 765 2739 98.
819 2732 828 2744 .

164 2752 376 2805 Castor
405 2770 566 2820 nepos
587 2754 816 2805 Deiotari
845 2768 999 2804 avum
1030 2768 1178 2804 accu-

233 2824 396 2887 savit,
419 2838 512 2888 pro
539 2824 708 2874 Deiot.
743 2824 770 2875 1
789 2860 804 2885 ,
825 2824 877 2875 2.
919 2822 1176 2873 Ciceronis

232 2894 288 2942 in
313 2890 492 2943 Cilicia
512 2892 687 2954 miles,
719 2894 769 2941 in
801 2890 1009 2942 Graecia
1041 2906 1176 2941 com-

231 2962 426 3025 milito,
449 2962 524 3011 ib.
548 2960 631 3021 10,
653 2962 739 3013 28.

154 3026 242 3080 Μ.
266 3027 582 3081 Castricius
613 3031 927 3096 negotiator,
957 3036 1012 3077 ut
1034 3029 1177 3079 vide-

230 3106 342 3157 tur,
361 3101 596 3149 Aiaticus
611 3135 626 3159 ,
655 3101 720 3149 ad
737 3100 844 3152 Att.
868 3100 930 3159 2,
951 3099 984 3147 7
999 3135 1013 3158 ,
1033 3100 1083 3149 5.
1109 3124 1181 3135 --

232 3168 360 3217 Eius
397 3170 660 3234 negotium
697 3183 810 3217 cum
849 3166 909 3225 Q.
941 3164 1180 3217 Cicerone

237 3236 302 3287 de
337 3238 610 3300 mancipiis
648 3237 711 3287 ab
759 3250 819 3286 eo
861 3236 1072 3299 emptis,
1115 3236 1179 3285 ad

233 3306 339 3354 Ati.
366 3306 451 3365 12,
472 3304 558 3365 28,
574 3304 626 3356 3.
649 3306 723 3355 Ib.
747 3320 829 3369 ep.
851 3302 936 3363 30,
957 3304 1007 3353 2.
1031 3304 1178 3354 Vern

237 3380 464 3427 accusat.
500 3372 560 3431 3,
591 3372 688 3432 80,
722 3374 837 3425 185.
863 3398 930 3409 -
951 3372 1183 3423 Creditur

237 3443 458 3491 civitatis
497 3441 811 3505 Trallianus,
861 3455 957 3506 pro
1002 3440 1182 3491 Flacco

2174 179 2253 242 73

1318 343 1401 403 23,
1422 347 1506 396 54.
1542 344 1748 394 Publice
1778 347 2007 411 sepultus
2028 363 2058 398 a
2080 345 2255 413 Smyr-

1317 416 1491 472 naeis,
1520 414 1595 465 lb.
1619 411 1703 474 31,
1726 414 1811 464 75.

1246 479 1310 532 L.
1362 477 1675 532 Castrinius
1722 481 1958 548 Paetus,
2009 485 2147 541 Cael.
2188 489 2255 537 ad

1315 551 1438 600 fam.
1462 549 1523 611 8,
1562 551 1623 610 2,
1653 554 1703 599 2.
1748 550 2003 616 [Fortasse
2022 555 2121 604 una
2142 571 2254 606 mu-

1315 620 1420 670 tata
1440 618 1605 670 littera
1624 621 1759 669 idem
1780 623 1866 683 qui
1886 623 2157 688 sequiturJ.

1245 685 1309 736 L.
1353 685 1686 739 Castronius
1730 687 1967 754 Paetus,
2015 693 2255 759 princeps

1316 758 1578 821 municipii
1610 758 1891 823 Lucensis,
1934 764 2255 813 commenda-

1314 834 1397 874 tur
1415 827 1483 880 Μ.
1508 826 1661 876 Bruto
1679 864 1693 889 ,
1714 828 1781 878 ad
1802 827 1922 881 fam.
1947 828 2031 891 13,
2055 829 2134 880 13.

1249 893 1513 946 Castrum
1536 893 1912 948 Truentinum
1941 900 1995 948 in
2026 914 2147 966 agro
2176 899 2256 949 Pi-

1249 965 1681 1084 0;.²2:51:‚32„‘⁰;{2·
1704 963 1865 1084 3213.
1882 965 2255 1102 idida...

1316 1103 1479 1151 Ionem
1498 1139 1513 1163 ,
1551 1103 1795 1169 oppidum
1822 1105 2105 1169 Hispaniae
2133 1107 2256 1156 Tar-

1315 1173 1633 1233 raconensis,
1658 1173 1722 1222 ad
1742 1173 1863 1223 fam.
1890 1175 1971 1238 10,
1993 1173 2077 1235 31,
2099 1175 2149 1227 1.

1250 1238 1543 1306 Catadupa
1585 1241 1684 1290 Nili
1726 1257 1770 1296 s.
1818 1243 2105 1294 Cataractes
2150 1243 2255 1292 Nili

1250 1309 1707 1428 ...asisin
1733 1311 2113 1430 ‘¹12‘s1'56323’
2138 1311 2221 1364 ²⁹·

1498 1413 1513 1440 2
1713 1420 1724 1432 ι
1820 1415 1833 1438 9
1892 1416 1907 1438 7
1964 1419 1973 1430 ·
2088 1421 2099 1432 .

1251 1442 1491 1496 Catiana
1510 1453 1706 1509 spectra
1724 1483 1737 1506 ,
1758 1447 1823 1495 ad
1840 1447 1961 1496 fam.
1988 1447 2069 1506 15,
2095 1448 2175 1508 16,
2206 1449 2252 1501 1.

1318 1515 1391 1564 lb.
1418 1515 1500 1570 15,
1524 1513 1607 1573 19,
1630 1515 1676 1564 1.
1700 1516 1765 1567 V.
1786 1513 1980 1566 Catius
2001 1513 2251 1566 Insuber.

1249 1581 1319 1632 Τ.
1360 1579 1657 1646 Catienus,
1693 1599 1848 1646 eques
1886 1585 2061 1642 Rom.‚
2096 1586 2257 1636 iratus

1318 1653 1377 1711 Q.
1407 1651 1659 1711 Ciceroni,
1689 1653 1921 1718 placatus
1942 1669 1971 1702 a
2002 1655 2175 1706 Marco
2204 1671 2251 1708 a.

1317 1737 1367 1770 u.
1392 1737 1434 1770 c.
1456 1719 1585 1781 695,
1610 1722 1675 1770 ad
1694 1722 1752 1782 Q.
1778 1721 1839 1776 st.
1864 1723 1913 1783 1,
1936 1725 1985 1784 2,
2012 1725 2061 1773 2.
2086 1727 2137 1787 §-
2161 1724 2211 1777 6.

1249 1785 1607 1908 ErCatilina.
1648 1791 1713 1842 V.
1750 1789 1812 1841 L.
1840 1789 2073 1858 Sergius
2099 1791 2255 1843 Cati-

1342 1871 1453 1906 ma.

1253 1923 1495 1977 Catilius
1527 1928 1613 1991 (C.
1636 1928 1892 1993 Atilius).
1934 1932 2097 1981 Huius
2116 1933 2255 1995 pira-

1319 2005 1426 2055 tae,
1464 2013 1613 2060 quem
1664 2006 1866 2064 ceperat
1882 2035 1895 2057 ,
1946 1999 2255 2065 supplicium

1319 2064 1559 2116 Cicerone
1588 2074 1637 2116 et
1670 2066 1792 2119 Sex.
1829 2066 2045 2118 Servilio
2078 2069 2255 2133 depre-

1318 2134 1549 2185 cantibus
1597 2150 1654 2185 se
1700 2138 2029 2187 remissurum
2082 2137 2254 2203 paullo

1320 2202 1579 2253 difficilius
1615 2206 1861 2269 promittit
1899 2207 1955 2255 P.
1996 2206 2253 2266 VatiniuS,

1316 2272 1383 2321 ad
1400 2271 1523 2322 fam.
1546 2275 1597 2333 5,
1622 2273 1704 2333 10,
1728 2276 1776 2326 1.

1249 2338 1481 2403 Catina,
1522 2341 1739 2390 <Siciliae
1776 2343 2045 2406 oppidum,
2105 2343 2253 2391 Verr.

1317 2416 1536 2461 accusat.
1559 2408 1610 2471 3,
1632 2410 1719 2469 83,
1744 2408 1861 2460 192.
1888 2412 1963 2459 lb.
1986 2412 2040 2472 4,
2062 2410 2145 2470 23,
2168 2409 2253 2461 50.

1251 2475 1603 2541 catinenses,
1623 2478 1816 2527 incolae
1829 2478 2035 2528 Siciliae
2055 2480 2253 2543 oppidi,

1317 2548 1465 2597 Verr.
1488 2553 1706 2595 accusat.
1726 2546 1779 2612 4,
1800 2547 1885 2607 45,
1906 2546 1993 2601 99.
2022 2548 2084 2597 cl.
2111 2548 2179 2596 ib.
2203 2547 2255 2609 3,

1249 2681 1449 2735 Catius
1467 2685 1705 2749 Insuber,
1726 2685 1994 2752 Epicurius
2008 2723 2021 2746 ‚
2043 2685 2103 2734 ad
2126 2688 2251 2738 farn.

1319 2754 1403 2811 15,
1428 2752 1509 2813 16,
1533 2755 1582 2806 1.
1618 2757 1695 2807 Ib.
1733 2754 1816 2818 15,
1851 2753 1943 2818 19,
1970 2754 2016 2803 1.
2056 2756 2122 2804 V.
2146 2753 2257 2804 Ca-

1315 2820 1472 2872 tiana
1492 2828 1728 2889 spectra.

1251 2888 1313 2939 C.
1350 2889 1543 2945 Catius
1584 2894 1849 2953 Vestinus,
1880 2895 2111 2943 tribunus
2144 2891 2252 2943 mil.

1318 2962 1370 3008 in
1390 2960 1615 3011 exercitu
1634 2962 1702 3014 M.
1728 2963 1935 3013 Antonii
1956 2978 1986 3010 a
2003 2963 2061 3013 L.
2081 2960 2256 3008 Muna-

1316 3029 1389 3079 tio
1416 3029 1605 3081 Planco
1626 3038 1894 3096 exceptus,
1925 3030 1989 3079 ad
2012 3029 2134 3081 fam.
2169 3027 2253 3087 10,

1320 3098 1408 3160 23,
1429 3098 1481 3149 5.

1253 3165 1323 3232 Q.
1354 3162 1551 3217 Catius
1578 3164 1947 3229 Aemilianus,
1973 3180 2065 3231 pro
2086 3162 2255 3213 Tullio

1258 3302 1520 3353 Catones.
1556 3304 1622 3353 V.
1646 3305 1695 3351 in
1714 3300 1951 3353 Porciis.

1257 3368 1557 3422 Catonium
1574 3408 1589 3435 ,
1619 3373 1818 3422 Vereor
1842 3386 1905 3421 ne
1931 3370 1984 3419 in
2005 3369 2257 3421 Cotonium

1326 3438 1594 3490 Catoninos
1607 3476 1623 3501 ,
1644 3442 1709 3489 ad
1730 3440 1849 3493 sam.
1873 3440 1923 3501 7,
1946 3440 2031 3499 25,
2053 3440 2103 3488 2.
