2500 3850
885 181 1167 230 carmon
1205 203 1286 214 -—
1319 183 1608 232 currus.
2175 177 2294 238 115

204 334 421 384 Cranon
435 371 450 397 ,
490 338 746 401 oppidum
788 335 1081 386 Thessaliae
1100 373 1115 396 ,
1156 337 1219 386 de

272 412 397 452 orat.
418 406 472 463 2,
492 404 582 465 86,
604 405 733 458 352.

207 471 477 537 Crantor,
509 475 675 524 Acad.
699 481 833 540 post.
856 475 881 526 1
900 509 914 536 ,
948 473 1012 535 9,
1035 473 1119 524 34.
1149 499 1219 510 ·--

272 542 486 592 Crantor
504 543 867 608 Academicus,
887 542 1111 593 Platonis
1129 557 1217 592 au-

272 611 435 672 ditor,
456 611 520 662 de
540 611 629 666 fin.
656 611 708 676 5,
731 611 785 674 3,
806 612 857 666 7.
872 612 1079 660 -Eius
1099 625 1219 660 con-

1357 353 1478 402 nes,
1501 339 1564 388 de
1582 339 1741 389 divin.
1766 343 1813 403 1,
1835 341 1921 404 50,
1946 341 2063 398 113.
2085 369 2155 380 -—
2175 344 2294 395 Cra-

1357 407 1533 470 tippus
1560 407 1696 457 idem
1729 423 1788 459 ac
1804 410 2145 462 Dicaearchus
2175 428 2294 462 cen-

1359 476 1503 525 sebat
1525 475 1588 526 de
1606 478 1992 543 vaticinatione,
2019 481 2090 531 Ib.
2117 485 2177 539 2,
2203 481 2288 546 48,

1360 541 1476 593 100.
1515 544 1579 594 V.
1607 543 2006 600 Dicaearchus.
2031 575 2102 586 —-
2130 549 2204 600 Cf.
2229 551 2292 600 de

1356 611 1440 665 off.
1463 609 1514 672 3,
1535 611 1622 673 33,
1645 613 1762 665 119.

272 681 475 742 solatio,
496 681 705 731 Tuscul.
732 681 779 742 1,
800 680 883 742 48,
908 680 1026 734 115.
1050 679 1212 733 Acad.
1291 677 1591 747 Cratippus
1611 681 1982 748 Tyndaritanus
1997 723 2011 746 ,
2040 688 2184 736 Verr.
2207 701 2291 736 sc-

270 765 351 814 pr.
389 751 451 808 2,
480 751 578 811 44,
618 749 736 803 135.
780 749 987 800 Tuscul.
1026 747 1091 810 3,
1128 747 1216 810 29,

1356 757 1518 800 cusat.
1539 752 1590 812 4,
1613 750 1698 816 12,
1720 749 1806 802 29.

272 818 359 869 71.
380 843 456 857 --
474 817 730 871 Crantoris
752 833 807 868 se
835 819 1073 868 comitem
1098 831 1216 884 pro·
1290 815 1556 869 Crebrius
1577 815 1675 884 (ἲ),
1697 821 1765 870 ad
1787 820 1846 881 Q.
1869 820 1934 870 fr.
1957 821 2010 881 3,
2029 821 2080 882 6,
2101 822 2154 874 6.

270 885 441 936 fitetur
501 888 553 938 in
610 887 967 939 Consolatione
1020 887 1217 952 Cicero,

270 956 457 1022 fragm.
486 971 542 1022 p.
566 957 687 1010 347.
728 957 799 1010 ci’.
831 956 1040 1008 Tuscul.
1068 957 1131 1017 3,
1161 954 1214 1016 6,

272 1025 361 1143 ἐξ.
404 1024 462 1088 5,
494 1025 589 1087 37,
627 1025 744 1077 107.
788 1027 852 1076 de
878 1032 1004 1075 orat.
1038 1025 1097 1086 3,
1129 1023 1213 1083 18,

207 1161 422 1214 Crassi.
461 1165 525 1214 V.
548 1165 601 1212 in
619 1160 855 1214 Liciniis
880 1161 1121 1213 Crassis.

208 1229 525 1285 Crassicius
540 1269 556 1296 ,
612 1233 817 1283 satelles
863 1233 932 1282 Μ.
985 1231 1213 1292 Antonii,

270 1302 499 1367 Philipp.
532 1301 565 1351 5
581 1338 596 1361 ‚
625 1301 690 1364 6,
722 1301 805 1353 18.
824 1327 891 1338 —-
914 1299 1146 1352 Collusor
1165 1308 1214 1350 et

270 1370 467 1421 sodalis
489 1371 629 1434 eius,
650 1372 725 1420 Ib.
750 1369 833 1431 13,
854 1371 908 1432 2,
930 1369 981 1421 3.

208 1450 520 1520 Crassipes.
557 1454 624 1503 V.
654 1449 861 1504 Furius
892 1448 1209 1516 Crassipes.

207 1537 437 1602 Crater,
464 1539 611 1588 sinus
640 1536 708 1586 ad
736 1536 889 1585 Baias
912 1537 1041 1586 inter
1061 1535 1213 1586 Mise-

271 1623 393 1657 num
431 1615 481 1656 et
520 1605 839 1655 Athenaeum
874 1619 918 1656 s,
955 1603 1213 1655 Minervae

269 1676 701 1742 promontorium,
722 1674 789 1724 ad
807 1673 911 1724 Att.
932 1674 985 1735 2,
1006 1673 1059 1732 8,
1081 1675 1135 1723 2.

206 1745 469 1810 Cratera,
498 1745 672 1804 sidus,
711 1745 855 1794 Atat.
891 1759 943 1796 v.
964 1741 1117 1803 463„
1151 1742 1213 1792 de

270 1832 323 1864 n.
350 1815 401 1865 d.
430 1816 481 1874 2,
503 1814 592 1874 44,
618 1813 738 1866 114.

210 1884 473 1937 Craterus
496 1883 726 1933 medicus
758 1883 955 1934 Atticae
972 1919 988 1949 ,
1022 1882 1089 1933 ad
1108 1881 1211 1932 Ati.

274 1955 357 2016 12,
378 1950 465 2014 13,
485 1953 533 2003 1.
574 1953 647 2002 Ib.
677 1952 758 2018 12,
782 1953 867 2015 14,
886 1954 939 2003 4.

210 2039 1213 2096 CratesTarsensis,Academicus,Acad.

271 2116 406 2175 post.
440 2110 487 2171 1,
508 2108 561 2174 9,
586 2108 671 2161 34.
704 2109 768 2159 V.
790 2106 1153 2175 Speusippus.

212 2190 508 2260 Cratippus
521 2193 972 2258 Peripateticorum
989 2193 1215 2242 omnium

273 2262 426 2313 facile
438 2262 697 2327 princeps,
718 2263 850 2311 Tim.
868 2262 916 2314 1.
935 2287 1001 2297 —
1015 2261 1213 2326 Cratip-

272 2329 1214 2451 Ξιῖἒὲέἓῖἓὲῗῖἓίἒιῖιῦίῗὲξὲἓῖὣῗ

625 2435 641 2462 5
892 2438 905 2453 ο

275 2484 379 2521 cos.
419 2484 468 2524 a.
497 2485 550 2519 n.
584 2484 631 2521 c.
658 2467 779 2521 703.
809 2470 1047 2520 instruxit
1077 2470 1216 2519 omni

278 2540 429 2603 copia
457 2538 745 2600 doctrinae,
781 2537 925 2588 Brut.
958 2537 1055 2602 71,
1089 2538 1209 2590 250.

277 2608 467 2657 -Fuit
484 2607 728 2672 magister
742 2607 811 2660 M.
831 2605 1087 2659 Ciceronis
1103 2607 1213 2668 filii,

278 2691 325 2726 a.
346 2692 399 2730 u.
425 2692 472 2726 c.
494 2674 646 2736 710..
674 2676 741 2726 ad
759 2676 885 2727 fam.
913 2676 1005 2734 12,
1029 2674 1129 2741 16,
1159 2678 1211 2728 2.

276 2774 343 2785 -
362 2746 495 2795 Eum
520 2759 567 2793 a.
591 2760 643 2794 u.
668 2760 712 2794 c.
733 2746 854 2797 710.
888 2744 1102 2797 Athenis
1121 2760 1215 2795 au-

280 2815 450 2867 diebat
478 2813 545 2863 Μ.
569 2812 742 2864 Cicero
762 2814 925 2878 filius,
958 2815 1021 2864 de
1042 2813 1130 2865 off.
1163 2814 1214 2873 1,

279 2884 329 2947 1,
353 2884 401 2936 l.
440 2882 564 2932 Eius
587 2882 793 2942 laudes,
816 2884 893 2934 Ib.
919 2883 967 2942 1,
989 2883 1036 2944 1,
1058 2884 1109 2933 2.
1135 2885 1211 2937 Ib.

280 2953 331 3015 2,
351 2955 405 3013 2,
424 2950 476 3002 8.
514 2952 588 3001 Ib.
618 2950 682 3014 3,
702 2952 763 3013 2,
789 2951 841 3006 5.
878 2952 953 3002 Ib.
982 2950 1033 3011 3,
1056 2952 1107 3011 7,
1126 2951 1214 3005 33.

277 3019 350 3069 Μ.
373 3019 547 3071 Cicero
566 3019 700 3071 filius
718 3020 785 3069 ad
803 3020 925 3071 fam.
950 3018 1035 3081 16,
1054 3020 1141 3077 21,
1162 3020 1213 3072 3.

230 3094 233 3099 “
280 3115 349 3126 -
369 3088 589 3141 Somniis
611 3095 660 3139 et
675 3088 835 3139 furori
853 3089 1004 3139 fidem
1022 3090 1216 3153 tribuit,

282 3158 477 3222 reliqua
507 3158 837 3209 divinationis
875 3173 1061 3224 genera
1091 3159 1219 3209 reie-

285 3227 378 3290 cit,
411 3227 477 3276 de
504 3227 665 3277 divin.
700 3226 859 3288 1,,3,
884 3227 935 3279 5.
973 3226 1038 3275 cl.
1062 3227 1133 3277 ib.
1167 3227 1215 3288 1,

284 3292 378 3359 32,
398 3294 467 3345 70
491 3302 539 3345 et
557 3296 641 3345 71.
667 3323 734 3337 -ν-
754 3294 1039 3357 Refutatnr,
1065 3297 1141 3347 Ib.
1164 3298 1216 3360 2,

1285 885 1364 938 Μ.
1404 885 1760 953 Crepereius,
1813 892 2032 952 equestri
2076 891 2289 954 familia,

1354 957 1585 1006 tribunus
1605 957 1838 1008 militaris
1863 959 2155 1026 designatus
2171 976 2220 1012 a.
2235 977 2286 1010 u.

1356 1039 1399 1074 c.
1425 1023 1546 1076 684.
1563 1062 1578 1085 ‚
1597 1027 1754 1077 iudex
1772 1029 1826 1078 in
1844 1025 1898 1080 C.
1923 1029 2098 1079 Verris
2119 1045 2288 1092 causa,

1351 1093 1499 1147 Verr.
1530 1095 1644 1144 Act.
1673 1096 1722 1157 1,
1752 1095 1835 1157 10,
1860 1095 1946 1148 30.

1286 1161 1685 1230 Cresphontes.
1724 1165 1987 1231 Euripidis
2005 1168 2288 1233 tragoedia,

1352 1232 1554 1282 Tuscul.
1582 1233 1608 1283 1
1626 1269 1642 1293 ,
1673 1234 1772 1298 48,
1796 1234 1914 1288 115.
1937 1263 2003 1272 -
2021 1237 2171 1286 Ennii
2193 1243 2290 1286 tra·

1351 1301 1571 1364 goedia,
1607 1301 1675 1350 ad
1709 1303 1826 1352 Her.
1866 1305 1928 1367 2,
1962 1305 2057 1368 24,
2096 1303 2186 1355 38.
2227 1305 2290 1354 de

1351 1370 1459 1422 intr.
1484 1369 1533 1430 1,
1551 1369 1634 1426 49,
1657 1367 1745 1420 91.

1285 1436 1476 1499 Creta,
1517 1435 1776 1500 Apollinis
1800 1439 2010 1488 secundi
2039 1446 2290 1489 certamen

1353 1521 1469 1556 cum
1498 1507 1619 1554 Iove
1652 1505 1716 1555 de
1750 1504 1916 1556 insula
1940 1505 2116 1565 Creta,
2153 1508 2214 1556 de
2236 1523 2286 1556 n.

1354 1576 1405 1625 d.
1426 1573 1487 1634 3,
1514 1573 1606 1635 23,
1632 1573 1718 1625 57.
1739 1600 1806 1610 -
1823 1576 1881 1624 In
1911 1591 1970 1626 ea
2000 1577 2135 1625 Iovis
2159 1578 2302 1626 tertii.

1355 1643 1644 1708 sepulcrum
1676 1644 1985 1707 ostenditur,
2019 1646 2094 1696 lb.
2117 1644 2148 1696 3
2164 1682 2178 1704 ,
2200 1645 2286 1708 21,

1353 1712 1440 1764 53.
1469 1738 1540 1754 -ν-
1559 1713 1616 1762 In
1638 1728 1696 1762 ea
1729 1713 1933 1775 decem,
1969 1715 2054 1777 qui
2076 1714 2290 1764 Cosmoe

1353 1788 1623 1842 vocantur,
1660 1784 1944 1847 constituti,
1987 1783 2050 1832 de
2079 1798 2120 1832 r.
2152 1799 2206 1849 p.
2234 1783 2284 1846 2,

1357 1849 1454 1911 33,
1489 1849 1573 1902 58.
1602 1878 1674 1890 —-
1706 1850 1854 1902 Creta
1883 1852 2073 1902 Metelli
2107 1852 2289 1902 virtute

1355 1921 1620 1986 provincia
1656 1920 1884 1972 Romana
1902 1957 1918 1982 ,
1965 1936 2059 1987 pro
2105 1920 2285 1971 Flacco
2349 1958 2354 1964 .

1357 1988 1441 2053 13,
1461 1988 1545 2039 50.
1586 1990 1808 2056 Philipp.
1829 1993 1881 2055 2,
1904 1988 1988 2050 38,
2012 1988 2095 2040 97.
2117 1989 2287 2040 —Ca-

1351 2073 1471 2123 prae
1492 2058 1628 2108 ferae
1646 2059 1700 2107 in
1721 2058 1867 2111 Creta
1893 2058 2118 2109 confixae
2139 2074 2288 2109 vene-

1353 2128 1484 2178 natis
1527 2127 1728 2194 sagittis
1780 2128 2088 2179 dictamnum
2134 2142 2288 2191 qnae-

1351 2204 1493 2258 runt‚
1523 2197 1586 2247 de
1607 2212 1656 2249 n.
1681 2196 1730 2246 d.
1757 2198 1808 2261 2,
1835 2196 1919 2256 50,
1944 2196 2059 2248 126.

1286 2262 1556 2316 Cretense
1604 2264 1796 2316 bellum
1843 2265 1905 2317 L.
1959 2266 2171 2316 Flaccus
2225 2280 2290 2313 cx

1353 2348 1542 2399 magna
1557 2341 1696 2399 parte
1710 2334 1872 2398 gessit
1889 2341 2038 2397 atque
2053 2346 2156 2383 una
2173 2346 2289 2381 cum

1353 2417 1551 2451 summo
1589 2403 1892 2467 imperatore
1934 2400 2016 2463 (Q.
2057 2396 2288 2462 Metello)

1355 2471 1622 2531 sustinuit,
1643 2480 1736 2533 pro
1758 2468 1938 2518 Flacco
1957 2468 2008 2529 3,
2029 2468 2084 2519 6.

1290 2537 1505 2591 Cretes.
1550 2536 1750 2588 Cretum
1785 2536 1954 2603 lege5‚
1995 2536 2197 2587 Tuscul.
2235 2538 2285 2599 2,

1355 2609 1450 2669 14,
1473 2607 1558 2660 34.
1579 2634 1645 2643 -
1664 2605 1836 2657 Cretes
1862 2612 1911 2657 et
1936 2606 2105 2657 Aetoli
2135 2606 2288 2655 latro-

1356 2678 1514 2727 cinari
1543 2675 1811 2727 honestum
1839 2683 2045 2741 putant,
2078 2676 2140 2726 de
2169 2689 2209 2724 r.
2234 2690 2284 2741 p.

1355 2745 1418 2807 3,
1442 2747 1504 2813 9,
1526 2746 1606 2797 15.
1629 2773 1698 2784 -
1717 2761 1812 2811 pro
1839 2745 1966 2796 Mur.
1991 2743 2089 2805 35,
2111 2746 2195 2795 74.
2219 2770 2290 2781 ——

1355 2815 1681 2867 Cretensibus
1700 2816 1790 2867 Cn.
1811 2814 2083 2881 Pompeius
2096 2851 2113 2876 ,
2133 2828 2289 2877 quum

1356 2885 1424 2935 ad
1443 2901 1557 2935 eum
1579 2885 1814 2949 usquein
1837 2883 2188 2950 Pamphyliam
2218 2881 2291 2931 le-

1307 2958 1329 2972 ‘
1355 2960 1500 3019 gatos
1519 2956 1806 3015 misissent,
1842 2969 1987 3020 spem
2017 2951 2290 3002 deditionis

1353 3038 1455 3075 non
1473 3025 1662 3075 ademit
1683 3023 1987 3087 obsidesque
2001 3019 2288 3083 imperavit,

1357 3094 1424 3211 ἐξ
1441 3093 1564 3158 imp.
1585 3092 1672 3142 Cn.
1696 3092 1873 3155 Pomp.
1897 3091 1980 3151 12,
2001 3087 2088 3140 35.
2112 3088 2186 3137 Ib.
2205 3084 2287 3150 16,
2353 3167 2363 3175 .

1290 3227 1359 3279 T.
1386 3226 1707 3293 Crispinus,
1741 3233 2008 3290 quaestor,
2034 3240 2126 3291 pro
2145 3224 2290 3273 Font-

1360 3297 1410 3360 1,
1437 3298 1486 3350 1.
1519 3296 1664 3347 Nieb.

284 3364 377 3424 52,
398 3362 519 3416 107.
544 3390 612 3403 --
633 3362 901 3431 Cratippus
930 3366 1111 3430 probat
1126 3380 1217 3415 va·
1295 3362 1546 3445 Crispus.
1579 3365 1643 3415 V.
1665 3362 1932 3444 Marcius.

284 3439 391 3483 tum
428 3439 477 3483 et
520 3433 878 3485 dormientium
914 3433 1220 3500 praedictio·
1295 3432 1504 3485 Critias
1527 3433 1873 3491 Atheniensis,
1895 3448 2022 3482 unus
2047 3433 2108 3482 de
2125 3429 2290 3481 XXX.

1818 3498 1892 3551 8*
