2500 3850
542 169 815 256 (MARO.)
844 183 1123 232 cmsrus
1154 207 1235 216 --
1261 185 1323 233 L.
1351 183 1970 234 MAnc.P111L1PPUs.
2166 173 2288 237 239

276 345 341 394 de
362 357 463 394 am.
488 341 581 404 12,
612 343 697 395 42.
723 366 789 376 —
809 341 970 404 Innpie
992 341 1096 405 egit
1117 341 1211 391 Co-

276 413 532 469 riolanuS,
584 412 671 472 qui
708 409 953 458 auxilium
994 411 1139 474 petiit
1183 425 1213 458 a

274 481 505 542 Volscis,
530 480 596 528 ad
616 481 717 528 Att.
740 477 790 540 9,
817 477 897 538 10,
920 477 971 528 3.
992 509 1061 518 —-
1081 478 1212 528 Num

277 553 321 598 si
344 548 637 598 Coriolanus
656 547 831 596 habuit
854 548 1061 610 amieos,
1082 547 1213 596 ferre

277 626 450 668 contra
468 618 685 682 patriam
716 631 858 666 arma
875 616 952 666 illi
982 631 1095 666 cum
1120 617 1214 666 Co-

277 687 471 736 riolano
494 687 803 736 debuerunt?
821 687 883 736 de
904 701 1001 738 am.
1025 686 1105 749 11,
1128 684 1211 736 36.

205 755 502 820 (Marcius)
529 753 779 818 Crispus,
802 754 1011 804 coheres
1028 756 1215 804 Muste-

277 827 355 874 lae
376 863 388 884 ,
422 825 485 874 ad
504 825 608 874 An.
635 825 725 886 12,
754 823 819 887 5,
848 825 898 875 2.
939 824 1010 873 Ib.
1036 825 1127 884 13,
1161 823 1211 888 3,

278 895 328 946 1.
365 896 437 943 lb.
478 893 554 954 13,
576 894 627 950 5,
655 894 701 942 1.

206 965 276 1028 Q.
320 961 566 1012 Marcius
605 959 919 1027 (Crispus),
958 962 1034 1012 vir
1069 963 1215 1010 fortis

278 1034 330 1082 iu
364 1031 572 1096 primis,
614 1030 733 1099 belli
770 1045 829 1079 ac
867 1030 1213 1080 rei'militaris

180 1133 185 1136 -
276 1103 498 1164 peritus,
534 1100 799 1149 familiaris
831 1099 1117 1162 CiceroniS‚
1150 1101 1208 1154 L.

272 1171 475 1228 Pisonis
493 1171 715 1234 legatuS,
744 1171 795 1218 in
812 1169 982 1219 Pison.
1006 1169 1071 1219 23
1088 1207 1101 1229 ,
1122 1170 1209 1219 54.

276 1267 343 1274 -
362 1240 568 1288 ProcOS.
584 1275 601 1298 ,
623 1238 846 1302 Philipp.
873 1239 930 1288 11
949 1276 965 1299 ,
995 1238 1057 1287 12
1077 1275 1090 1300 ‚
1126 1239 1208 1289 30.

250 1351 253 1356 .
276 1335 343 1344 —-—
364 1308 422 1366 Q.
447 1307 657 1372 Crispus
688 1315 735 1356 et
756 1307 815 1360 L.
847 1307 1079 1368 Murem,
1118 1309 1212 1356 im-

280 1384 561 1442 peratoreS,
602 1378 700 1426 viri
736 1376 895 1426 fortes
934 1378 1211 1441 optimique

278 1447 433 1504 civeS,
454 1447 501 1492 in
524 1445 671 1510 Syria
688 1447 938 1495 exereitus
960 1447 1013 1496 C.
1038 1445 1212 1495 Cassio

185 1536 191 1541 ·
274 1515 593 1563 tradiderunt
614 1529 656 1562 a.
678 1531 728 1562 u.
751 1530 795 1563 e.
823 1514 943 1566 711.
960 1552 972 1574 ‚
1006 1513 1213 1564 Cassius

278 1585 343 1632 ad
366 1583 487 1635 fam.
514 1584 602 1641 12,
626 1583 718 1645 11,
747 1583 791 1632 l.
836 1585 904 1632 lb.
931 1585 1009 1638 12,
1042 1585 1137 1646 12,
1160 1582 1209 1633 3.

277 1679 348 1690 -—
390 1651 447 1709 Q.
489 1653 702 1700 Marcius
742 1652 945 1716 Crispus
985 1653 1212 1716 legiones

280 1721 517 1784 Syriacas
552 1721 755 1769 tradidit
792 1719 842 1772 G.
884 1721 1056 1771 Cassio
1072 1759 1087 1784 ,
1129 1715 1216 1786 ep.

280 1791 345 1840 ad
363 1790 501 1840 Brut.
524 1791 571 1850 2,
596 1789 646 1838 5.

210 1858 271 1908 C.
295 1856 541 1908 Marcius
558 1855 797 1925 Figulus
816 1859 992 1908 consul
1020 1875 1130 1909 cum
1151 1861 1205 1910 P.

277 1928 517 1993 Scipione
540 1927 717 1977 Nasica
738 1945 783 1977 a.
811 1945 860 1979 ιι.
884 1947 927 1979 c.
960 1929 1079 1981 592.
1098 1967 1111 1989 ,
1148 1931 1211 1979 de

237 2004 243 2008 “
274 2014 329 2047 ιι.
350 1999 399 2047 d.
420 2000 469 2057 2,
492 2000 541 2058 4,
568 1996 721 2047 10.—
736 2000 949 2063 Figulus
971 2008 1019 2048 et
1036 1998 1208 2064 Scipio

276 2082 378 2117 cos.
417 2068 494 2119 Ti.
538 2065 747 2116 Gracchi
798 2068 1003 2128 litteris,
1056 2084 1212 2130 quum

235 2133 238 2136 ’
277 2150 497 2201 augures
556 2137 867 2186 iudicassent
926 2153 1013 2187 eos
1086 2139 1209 2187 vitio

276 2214 469 2255 creatos
492 2221 601 2254 esse
620 2242 633 2265 ,
667 2209 965 2271 magistratu
996 2222 1049 2255 se
1068 2207 1210 2257 abdi-

277 2282 545 2338 caverunt,
568 2276 631 2324 de
653 2276 812 2324 divin.
833 2278 893 2334 2,
916 2275 1013 2336 35,
1035 2278 1120 2327 74.
1144 2302 1211 2311 --·

277 2343 462 2393 Consul
483 2346 660 2392 iterum
683 2343 779 2392 fuit
798 2359 912 2393 eum
928 2344 983 2391 L.
998 2344 1209 2393 Lentulo

278 2428 325 2461 a.
344 2428 398 2463 u.
424 2429 467 2461 e.
492 2412 613 2463 598.
632 2447 646 2471 ‚
668 2412 804 2461 Brut.
826 2413 910 2470 20,
933 2411 1018 2464 79.

210 2480 273 2531 C.
294 2478 539 2532 Marcius
558 2478 796 2547 Figulus
816 2481 993 2531 consul
1012 2496 1125 2529 cum
1144 2480 1203 2529 L.

262 2550 401 2601 —Iulio
423 2552 639 2601 Caesare
660 2566 771 2599 a.u.
792 2567 835 2599 c.
858 2549 999 2612 690.,
1022 2550 1086 2598 ad
1106 2552 1204 2603 Ait.

278 2620 305 2669 1
321 2656 334 2681 ‚
365 2623 397 2669 2
415 2658 429 2682 ,
462 2621 507 2670 1.
532 2648 599 2657 --
617 2620 666 2669 Is
690 2620 751 2670 de
768 2619 1209 2669 animadversione

274 2692 325 2737 in
371 2689 692 2739 Catilinarios
740 2690 871 2739 dixit
913 2695 1029 2738 ante
1066 2687 1209 2737 Cato-

274 2773 417 2820 nem,
438 2758 513 2808 Ib.
542 2760 603 2809 12
620 2795 633 2818 ,
664 2759 759 2822 21,
784 2758 831 2807 l.
852 2787 919 2797 -—
938 2758 997 2806 Ei
1020 2757 1211 2821 placuit

276 2828 530 2877 Ciceronis
556 2828 846 2879 consulatus
862 2864 876 2890 ,
913 2826 1135 2890 Philipp.
1156 2827 1207 2886 2,

274 2896 325 2955 5,
351 2897 431 2944 12.
454 2924 523 2933 —
542 2896 661 2946 Eius
682 2898 966 2961 sepulcrum
982 2934 995 2955 ‚
1020 2896 1081 2944 de
1106 2894 1205 2959 leg.

275 2966 323 3020 2,
350 2963 433 3026 25,
456 2963 541 3014 62.

203 3030 266 3082 L.
290 3030 539 3082 Marcius
562 3032 630 3098 Q.
645 3032 707 3081 F.
727 3033 794 3097 Q.
809 3034 876 3086 N.
893 3030 1209 3098 Philippus,

272 3117 470 3151 summa
506 3103 765 3152 nobilitate
814 3112 863 3153 et
904 3104 1207 3166 eloquentia,

273 3172 501 3221 tribunus
532 3171 749 3221 militum
782 3171 945 3223 faetus
976 3186 1073 3221 nou
1114 3180 1207 3231 est,

274 3254 367 3301 pro
386 3240 555 3293 Plane.
580 3242 665 3304 21,
686 3240 773 3294 52.
794 3241 995 3291 —Eius
1016 3241 1207 3290 dietum

274 3308 327 3354 in
350 3308 603 3359 tribunatu
631 3324 676 3365 a,
704 3326 758 3360 u.
790 3326 835 3361 c.
868 3309 987 3360 650.
1006 3346 1020 3373 ‚
1052 3323 1207 3371 quum

277 3375 441 3441 legem
477 3379 727 3443 agrariam
763 3379 942 3437 ferret,
974 3393 1074 3427 non
1096 3393 1208 3427 esse

276 3447 327 3493 in
368 3445 569 3495 civitate
605 3448 704 3497 duo
742 3448 881 3497 milia
928 3447 1205 3508 hominum,

1353 342 1440 403 qui
1499 355 1604 389 rem
1655 340 1930 404 haberent,
1989 343 2053 391 de
2101 343 2189 393 off.
2236 345 2287 404 2,

1353 409 1446 470 21,
1470 408 1571 460 ’73.
1603 437 1669 445 -—
1711 410 1770 459 L.
1801 409 2094 476 Philippus,
2135 427 2289 474 quum

1293 521 1300 528 .
1355 478 1716 528 interficeretur
1775 477 2076 529 Saturninus
2131 497 2177 532 a.
2237 497 2286 528 u.

1357 563 1401 601 c.
1452 547 1574 598 654.
1599 583 1612 610 ,
1668 563 1761 613 pro
1822 547 1985 598 salute
2035 550 2289 598 communi

1358 631 1499 666 arma
1529 617 1690 681 cepit,
1722 631 1816 681 pro
1850 617 1904 670 C.
1931 618 2108 668 Rabir.
2143 621 2286 682 perd.

1355 687 1404 745 7,
1426 685 1511 735 21.
1544 713 1612 722 -·
1640 687 1699 738 L.
1724 685 1990 752 Philippus
2025 690 2076 737 in
2107 702 2290 736 consu-

1355 755 1488 804 latus
1520 755 1764 818 petitione
1801 770 1847 803 a.
1887 771 1938 806 u.
1974 773 2018 806 c.
2055 755 2172 808 661.
2206 771 2292 804 su-

1353 832 1558 888 peratus
1577 839 1610 872 a
1627 823 1694 872 M.
1722 825 2000 884 Herenni0,
2033 827 2171 876 Brut.
2201 826 2289 888 45,

1283 937 1288 950 ,
1359 891 1474 942 166.
1507 893 1579 941 ιι).
1603 892 1687 953 57,
1709 892 1830 943 207.
1864 895 1936 947 lb.
1957 893 2041 954 64,
2061 893 2181 947 230.
2214 895 2288 944 Ib.

1354 962 1439 1020 95,
1458 961 1579 1013 326.
1621 975 1714 1024 pro
1741 962 1869 1011 Mur.
1905 963 1994 1026 17,
2021 963 2106 1015 36.
2133 989 2198 998 —
2228 964 2288 1013 L.

1293 1074 1300 1080 .
1355 1031 1574 1080 Marcius
1599 1029 1869 1095 Philippus
1900 1047 2002 1084 cos,
2033 1048 2146 1082 cum
2168 1031 2289 1082 Sex.

1355 1099 1484 1150 Iulio
1522 1099 1736 1149 Caesare
1759 1114 1806 1148 a.
1837 1115 1890 1148 u.
1920 1117 1963 1150 o.
1995 1100 2114 1151 663.
2138 1101 2292 1150 vehe-

1353 1169 1570 1218 mentius
1615 1167 1946 1218 invehebatur
1995 1171 2048 1219 in
2087 1183 2291 1220 causam

1353 1239 1642 1301 principum
1659 1273 1672 1296 ,
1698 1238 1760 1286 de
1786 1245 1912 1290 orat.
1939 1239 1964 1287 1
1982 1274 1996 1297 ,
2021 1242 2070 1299 7,
2093 1241 2180 1291 24.
2220 1239 2288 1292 cl.

1355 1308 1424 1355 ib.
1447 1307 1497 1366 3,
1532 1307 1578 1368 l,
1600 1307 1649 1356 2.
1683 1307 1754 1356 lb.
1785 1310 1834 1372 §-
1856 1308 1904 1356 4.
1929 1333 1994 1344 --
2011 1308 2073 1357 L.
2096 1309 2290 1374 Philip-

1352 1389 1450 1439 pus
1468 1390 1568 1425 uno
1589 1381 1818 1440 tempore
1839 1391 1952 1424 cum
1977 1379 2086 1426 suis
2118 1380 2289 1427 inimi-

1353 1445 1576 1493 cissimis
1597 1444 1650 1491 in
1667 1446 1882 1508 gratiam
1903 1446 2078 1507 rediit,
2096 1447 2290 1510 „quibus

1354 1529 1470 1562 eum
1523 1512 1755 1562 omnibns
1803 1513 1982 1563 eadem
2028 1529 2110 1563 res
2149 1516 2287 1579 publ.

1354 1581 1666 1644 conciliavit,
1727 1597 1856 1644 quae
1905 1583 2173 1643 alienarat,
2201 1586 2294 1651 —de

1351 1666 1497 1716 prov.
1519 1666 1657 1715 cons¹
1681 1650 1730 1716 9,
1753 1653 1836 1711 21.,
1858 1679 1928 1688 —
1949 1652 2122 1702 Liviae
2147 1653 2288 1718 leges

1351 1721 1581 1770 sublatae
1595 1721 1804 1770 oonsilio
1823 1721 2048 1786 Philippi
2065 1724 2288 1771 consulis

1352 1797 1402 1839 et
1419 1791 1660 1854 auguris,
1695 1791 1758 1840 de
1779 1789 1881 1856 leg.
1903 1793 1965 1849 2,
1999 1793 2090 1850 12,
2112 1790 2196 1844 31.
2222 1819 2287 1828 -·

1351 1860 1409 1909 L.
1443 1860 1632 1908 Marcio
1663 1859 1900 1925 Philippo
1931 1868 1981 1908 et
2011 1861 2134 1910 Sex,
2158 1860 2292 1910 Iulio

1353 1928 1567 1979 Caesare
1605 1929 1898 1978 consulibus
1937 1939 2142 1980 senatus
2185 1940 2288 1979 sta-

1327 1992 1447 2047 'tuit
1466 1998 1665 2063 legibus
1693 1998 1852 2048 Liviis
1873 2014 1972 2048 non
2003 2000 2164 2048 videri
2197 2015 2287 2064 po-

1349 2066 1528 2132 pulum
1544 2068 1727 2129 teneri,
1750 2065 1895 2118 Corn.
1925 2069 2074 2132 prim.
2097 2068 2283 2134 fragm.

1352 2136 1432 2187 11.
1457 2152 1510 2200 p.
1541 2134 1661 2186 210.
1693 2162 1762 2171 ·-
1794 2134 2044 2186 Suadebat
2067 2138 2286 2197 senatui,

1347 2214 1402 2253 ut
1439 2207 1728 2271 Aegyptum
1773 2206 2050 2256 vindicaret
2095 2207 2288 2271 populo

1350 2274 1496 2324 Rom.
1537 2282 1838 2323 testamento
1882 2275 2160 2325 Alexandri
2198 2276 2282 2327 III.

1351 2340 1576 2394 relictam
1595 2381 1608 2404 ‚
1639 2344 1701 2393 de
1723 2344 1834 2408 lege
1855 2359 1962 2407 agr.
1985 2346 2046 2405 2,
2083 2344 2174 2405 16,
2198 2345 2285 2393 42.

1349 2437 1417 2447 --
1437 2414 1494 2465 L.
1521 2413 1762 2468 MarciuS,
1787 2412 1861 2463 Μ.
1889 2412 2142 2475 Perperna
2169 2427 2286 2460 cen-

1351 2496 1491 2531 sores
1511 2497 1557 2529 a.
1579 2497 1630 2533 u.
1657 2496 1699 2529 c.
1721 2479 1840 2529 668.
1861 2517 1874 2542 ,
1894 2482 2038 2532 Verr.
2063 2489 2281 2529 accusat.

1354 2550 1380 2599 1
1401 2587 1414 2612 ,
1437 2550 1504 2599 55
1520 2588 1533 2610 ,
1559 2550 1675 2599 143.
1705 2576 1766 2584 —-
1788 2549 1848 2601 L.
1882 2547 2146 2613 Philippus
2167 2564 2285 2598 cen-

1349 2632 1436 2667 sor
1455 2619 1589 2682 App.
1627 2616 1894 2667 Claudium
1925 2619 2171 2667 minorem
2201 2618 2280 2683 (Ρ.

1350 2686 1512 2737 Clodii
1529 2685 1769 2752 patrem),
1790 2687 2094 2738 avunculum
2115 2702 2286 2751 suum,

1347 2758 1605 2819 praeteriit
1625 2758 1678 2805 in
1704 2758 1961 2807 recitando
1984 2764 2159 2807 senatu
2177 2794 2190 2819 ,
2223 2758 2285 2806 de

1351 2826 1500 2874 domo
1527 2841 1620 2875 sua
1637 2826 1722 2888 32,
1743 2824 1828 2875 84.
1858 2854 1913 2861 -—
1937 2826 1994 2878 L.
2019 2826 2286 2890 Philippus

1349 2908 1440 2957 pro
1459 2895 1544 2945 Cu.
1566 2896 1792 2959 Pompeii
1809 2896 1958 2947 bonis
1981 2896 2108 2944 dixit
2129 2909 2286 2943 senex

1352 2977 1396 3011 a.
1421 2980 1472 3012 u.
1509 2981 1554 3012 c.
1587 2962 1704 3015 668.
1726 3001 1739 3023 ,
1775 2964 1913 3013 Brut.
1935 2964 2034 3022 64,
2067 2962 2186 3011 230.
2215 2990 2286 3004 --

1351 3032 1481 3091 Quid
1503 3034 1566 3081 de
1585 3032 1675 3081 Cn.
1697 3033 1937 3097 Pompeio
1960 3032 2213 3081 censuerit
2234 3033 2283 3080 in

1349 3109 1556 3160 senatu,
1591 3102 1652 3149 de
1683 3103 1804 3166 imp.
1849 3101 1937 3153 Cn.
1977 3100 2156 3165 Pomp.
2197 3101 2282 3159 21,

1349 3171 1436 3221 62.
1471 3168 1691 3234 Philipp.
1730 3169 1820 3229 11,
1853 3169 1912 3228 8,
1946 3169 2029 3223 18.
2065 3196 2129 3203 —-
2152 3168 2285 3226 Quid

1349 3240 1398 3288 in
1423 3240 1612 3292 Cinnae
1632 3239 1970 3287 dominatione
2000 3238 2056 3289 L.
2090 3237 2284 3303 Philip-

1345 3323 1446 3374 pus
1478 3308 1685 3364 feeerit‚
1719 3307 1781 3356 ad
1811 3308 1912 3355 Att.
1945 3307 2007 3369 8,
2045 3306 2104 3365 3,
2137 3306 2186 3358 6.
2220 3332 2284 3342 -

1345 3376 1455 3428 Non
1489 3376 1625 3427 utilis
1657 3375 1716 3425 L.
1755 3376 1978 3441 Philippi
2017 3377 2281 3437 sententia,

1347 3460 1472 3509 quas
1511 3447 1740 3496 civitates
1771 3444 1829 3494 L.
1869 3444 2034 3506 Sulla,
2070 3446 2291 3511 pecunia
