2500 3850
178 197 302 266 202

240 368 304 418 1).
341 367 546 418 Silanus
587 366 763 417 consul
801 367 1030 430 cupidior
1068 381 1184 430 pro·

246 439 460 499 vinciae,
490 438 541 484 in
554 437 721 486 Pison.
748 437 834 500 24,
853 434 941 487 56.
988 435 1079 484 cfr.
1093 450 1183 499 pro

246 507 453 556 Murena
475 502 559 564 38,
582 505 669 556 81.

174 573 253 626 Μ.
276 572 469 626 Iunius
500 571 727 624 Silanus
766 582 815 623 et
844 575 954 623 eius
988 573 1187 638 collega

246 643 305 702 Q.
342 642 591 692 Caecilius
627 642 859 692 Metellus
888 643 1186 692 Numidicus

248 711 404 775 (coss.
448 727 495 762 a.
546 723 600 762 u:
644 729 691 764 c.
744 711 891 776 645.)
952 712 1187 762 dicebant

246 781 310 830 de
355 797 410 830 re
456 781 662 844 publica
686 818 698 841 ‚
738 781 876 844 quod
912 788 1048 830 esset
1084 779 1185 829 illis

244 850 369 900 viris
416 857 465 899 et
517 851 771 900 consulari
815 850 1050 914 dignitati
1099 863 1186 898 sa·-

245 922 343 982 tis,
379 918 519 970 Brut.
561 919 656 981 35,
690 920 810 972 135.
836 943 907 956 -—-·
936 918 1185 967 Memora-

242 995 327 1038 tur
372 989 524 1036 etiam
568 989 620 1035 in
670 987 867 1037 Cornel.
909 989 1060 1051 prim.
1102 987 1182 1036 11.

242 1071 295 1120 p.
326 1056 447 1107 210.
493 1082 559 1091 -
596 1055 679 1105 Cn·
722 1057 983 1106 Domitius·
1002 1056 1071 1107 M.
1106 1054 1185 1102 Si-

246 1124 361 1173 lano
417 1124 550 1173 diem
602 1125 731 1173 dixit
779 1132 989 1189 propter
1034 1125 1187 1174 unius

246 1193 496 1250 hominis,
544 1193 918 1257 Aegritomari,
988 1193 1186 1258 paterni

248 1261 400 1310 amici
425 1269 575 1323 atque
594 1261 831 1326 hospitis,
856 1263 1088 1321 iniurias,
1110 1262 1189 1310 di-

250 1331 421 1382 vin.in
442 1328 500 1387 Q.
518 1329 683 1380 Caec‘l
760 1328 794 1381 0
824 1330 909 1381 67.
951 1331 1017 1380 cl.
1039 1332 1183 1380 Verr.

250 1405 487 1448 Accusat.
551 1437 561 1454 ‚
584 1400 669 1458 47,
695 1398 813 1449 118.
860 1407 866 1418 “

176 1465 256 1518 Μ.
272 1465 464 1519 Iunius
476 1465 717 1517 Silanus.
744 1471 978 1519 Praeerat
996 1467 1188 1518 cohorti

246 1539 529 1602 praetoriae
552 1539 603 1586 in
636 1540 863 1587 exercitu
891 1538 955 1586 M.
979 1537 1188 1586 Antonii

248 1621 295 1654 a.
316 1622 369 1652 u.
392 1621 435 1654 c.
456 1605 573 1657 711.
598 1606 649 1652 in
680 1606 876 1670 proelio
893 1606 1184 1665 Mutinensi,

247 1675 311 1723 ad
334 1674 455 1722 fam.
480 1672 572 1734 10,
594 1673 680 1736 30,
707 1674 753 1727 l.
792 1701 861 1712 ·—
902 1674 1108 1725 Silanus
1137 1683 1186 1723 et

249 1741 422 1792 Culleo
458 1742 521 1791 ab
566 1744 785 1793 Antonio
826 1745 1182 1794 discesserunt.

247 1811 433 1860 Eorum
465 1810 643 1861 salutis
678 1813 921 1862 rationem
960 1820 1066 1862 tum
1094 1811 1186 1859 lta-

247 1880 355 1930 buit
378 1880 633 1945 Lepidus,
671 1881 745 1931 lb.
772 1880 852 1945 10,
878 1879 963 1940 34,
993 1881 1045 1932 2.

178 1946 335 1998 Iuno.
410 1951 514 1999 Aer
540 1952 749 2000 Iunonis
773 1952 977 2001 nomine
1008 1962 1187 1999 conse-

249 2027 433 2071 cratur.
467 2045 536 2055 —
569 2020 693 2069 Eam
729 2035 759 2069 a
784 2020 1005 2069 iuvando
1026 2020 1187 2068 nomi·

250 2097 447 2149 natam,
481 2088 532 2141 d.
565 2103 616 2137 n.
656 2089 708 2138 d.
747 2090 808 2150 2,
846 2086 949 2151 26,
990 2086 1077 2138 66.
1119 2113 1187 2123 —

249 2159 371 2206 Iuno
391 2157 608 2207 Vulcani
643 2158 778 2206 tertii
812 2162 1000 2217 mater,
1038 2155 1111 2204 lb.
1134 2155 1185 2214 3,

249 2226 333 2286 22,
373 2224 459 2275 55.
498 2252 563 2261 ·-
600 2226 805 2275 Iunonis
846 2225 1021 2273 fanum
1058 2225 1188 2273 anti-

249 2310 406 2355 quum
432 2294 652 2353 Melitae,
688 2294 835 2343 Verr.
858 2295 1094 2342 Accusat.
1131 2293 1183 2351 4,

246 2362 331 2426 46,
363 2363 477 2414 103.
501 2390 567 2399 —
585 2364 707 2411 Iuno
734 2363 961 2425 Lacinia,
981 2363 1047 2411 ad
1068 2374 1187 2425 pro-

248 2432 554 2481 montorium
596 2432 859 2481 Lacinium
913 2431 1075 2491 culta,
1125 2431 1187 2479 de

248 2501 406 2549 divin.
431 2501 478 2555 1,
499 2502 584 2563 24,
606 2499 691 2550 48.
718 2528 784 2537 --
803 2500 924 2550 Eius
944 2497 1188 2561 templum

248 2569 385 2633 apud
404 2568 737 2629 Crotoniatae,
760 2570 824 2618 de
853 2570 956 2620 inv.
982 2570 1034 2628 2,
1061 2568 1109 2627 1,
1136 2568 1184 2619 1.

248 2664 313 2672 -—
333 2638 526 2686 Lucina
549 2638 725 2686 eadem
758 2652 889 2698 quae
910 2636 1067 2686 Luna.
1123 2635 1189 2686 Ut

246 2705 387 2769 apud
434 2705 652 2754 Graecos
708 2704 921 2753 Dianam
974 2720 1187 2767 eamque

246 2770 537 2823 Luciferam
558 2807 573 2834 ,
636 2774 713 2821 sic
758 2775 895 2837 apud
931 2774 1187 2824 Romanos

246 2842 486 2889 Iunonem
508 2840 753 2891 Lucinam
774 2843 825 2890 in
846 2843 1089 2907 pariendo
1110 2844 1187 2891 in-

246 2910 523 2969 vocabant,
558 2910 623 2959 de
644 2925 691 2959 n.
715 2910 767 2962 d.
789 2913 853 2971 2,
888 2913 954 2960 27
970 2949 983 2972 ,
1010 2910 1095 2964 68.
1119 2938 1185 2947 --·

248 2982 371 3029 Iuno
418 2978 647 3042 Moneta,
698 2979 761 3029 de
804 2980 958 3029 divin.
999 2980 1058 3041 1,
1096 2980 1183 3042 45,

248 3048 367 3100 101.
405 3050 478 3099 lb.
524 3050 585 3109 2,
622 3047 718 3109 32,
757 3047 843 3102 69.
880 3072 949 3085 -··
980 3048 1183 3099 Iunonis

247 3119 472 3182 Reginae
502 3118 823 3168 sanctissima
854 3124 903 3166 et.
937 3118 1184 3180 antiquis-

246 3188 377 3236 sima
398 3186 516 3237 fana
532 3186 738 3248 Melitae
757 3194 805 3239 ct
827 3186 997 3247 Sami,
1036 3188 1181 3239 Verr.

248 3256 487 3306 Accusat.
510 3256 561 3314 5,
585 3257 668 3318 72,
692 3257 811 3310 184.
846 3282 916 3293 ——
944 3256 1069 3306 Iuno
1087 3256 1185 3305 Re-

246 3325 384 3388 gina,
416 3339 508 3389 pro
532 3324 721 3375 Scauro
740 3327 791 3388 2,
811 3327 900 3375 47.
921 3354 991 3365 -
1008 3326 1183 3375 Verris

247 3394 557 3457 expugnatio
604 3394 713 3443 fani
760 3394 1100 3455 antiquissimi
1133 3401 1181 3442 et

249 3462 556 3510 nobilissimi
566 3462 773 3512 Iunonis
785 3460 1007 3521 Samiae,
1029 3463 1175 3514 Verr.

699 213 769 258 M.
800 211 1033 258 IUNIUS
1066 209 1356 258 SILANUS
1393 231 1474 240 --
1497 209 1842 256 IUPPITER.

1326 366 1560 415 Accusat.
1602 365 1664 423 1,
1704 363 1798 424 19,
1835 363 1921 413 50.
1969 391 2035 399 -
2083 367 2264 416 Iunoni

1328 433 1528 482 Samiae
1582 433 1906 482 Atheniensis
1959 431 2261 494 Clisthenes,

1328 517 1482 566 quum
1507 504 1656 550 rebus
1675 502 1874 550 timeret
1897 502 2024 562 suis,
2043 502 2265 554 filiarum

1330 573 1474 620 dotes
1487 570 1719 630 credidit,
1737 571 1800 620 de
1820 569 1922 634 leg.
1941 571 1994 629 2,
2007 569 2088 630 16,
2102 573 2264 624 41.—

1325 642 1447 689 Iuno
1468 637 1668 703 Sospita
1690 638 1906 688 Lanuvii
1927 640 2146 689 maxime
2177 656 2265 690 co-

1327 708 1550 768 lebatur,
1589 720 1680 772 pro
1710 708 1920 756 Murena
1938 707 2023 770 41,
2066 708 2153 762 90.
2195 736 2259 746 -

1325 778 1530 830 Iunonis
1551 775 1787 839 Sospitae
1813 775 2054 840 templum
2088 779 2151 827 de
2181 794 2266 829 se-
2298 815 2302 820 -

1327 856 1477 896 natus
1499 844 1728 896 consulto
1747 845 1926 894 refecit
1941 859 1987 894 a.
2013 861 2064 894 n.
2081 862 2124 894 c.
2137 845 2262 900 664.

1327 917 1385 966 L.
1415 914 1575 965 Iulius
1596 914 1782 964 Caesar
1801 929 1940 964 cons.
1957 950 1973 976 ,
2013 915 2076 964 de
2098 915 2262 970 divin.

1332 987 1379 1043 1,
1400 988 1450 1049 2,
1472 987 1526 1038 4.
1565 983 1630 1032 ci.
1661 984 1730 1033 ib.
1764 984 1812 1044 1,
1835 983 1917 1042 49,
1937 982 2022 1033 99.
2043 986 2263 1035 -Iuno

1330 1053 1537 1118 Sospita
1555 1067 1668 1102 cum
1703 1053 1838 1118 pelle
1868 1053 2108 1116 caprina,
2147 1069 2266 1104 cum

1329 1123 1494 1183 hasta,
1531 1137 1644 1171 cum
1665 1121 1861 1171 scutulo
1877 1125 1899 1182 ,⁶
1929 1136 2048 1170 cum
2067 1122 2240 1174 calceo
2261 1154 2267 1158 -

1329 1192 1392 1240 lis
1421 1191 1706 1256 repandis.
1778 1192 1846 1239 At
1882 1205 1984 1241 non
2033 1199 2108 1240 est
2146 1192 2266 1241 talis

1330 1261 1490 1324 Argia
1521 1273 1617 1308 nec
1657 1258 1886 1309 Romana
1914 1261 2056 1308 Iuno.
2129 1261 2265 1327 Ergo

1329 1329 1426 1378 alia
1447 1329 1645 1393 species
1665 1329 1872 1377 Iunonis
1890 1329 2098 1394 Argivis
2111 1365 2125 1384 ,
2165 1331 2268 1379 alia

1329 1397 1637 1455 lanuviniS,
1673 1397 1726 1447 d.
1757 1412 1806 1446 n.
1831 1397 1881 1450 d.
1910 1399 1958 1458 l,
1984 1395 2067 1460 29,
2089 1396 2176 1449 82.

1259 1463 1539 1532 Iuppiter,
1571 1466 1626 1515 id
1655 1474 1756 1525 est,
1797 1468 1976 1515 iuvans
1993 1473 2166 1530 patei,
2202 1467 2266 1516 de

1328 1551 1378 1584 n.
1402 1536 1453 1584 d.
1475 1537 1525 1595 2,
1551 1535 1634 1596 25,
1655 1534 1741 1585 64.
1769 1562 1834 1571 —
1867 1536 2011 1585 Ioves
2042 1543 2142 1584 tres
2173 1550 2265 1584 nu-

1326 1611 1522 1653 merant
1557 1604 1622 1664 ii,
1663 1603 1753 1665 qui
1791 1595 2062 1668 θεόλογοι
2097 1606 2264 1654 nomi-

1324 1683 1533 1730 nantur,
1573 1687 1636 1721 ex
1659 1672 1841 1734 quibus
1873 1673 2094 1736 primum
2114 1681 2163 1721 et
2185 1689 2266 1722 se-

1327 1741 1549 1791 cundum
1569 1749 1714 1790 natos
1734 1755 1786 1788 m
1796 1742 2033 1800 Arcadia,
2049 1742 2265 1791 alterum

1325 1817 1470 1875 patre
1491 1808 1726 1867 Aethere,
1763 1825 1827 1859 ex
1848 1826 1944 1871 quo
1965 1811 2116 1860 etiam
2135 1811 2264 1859 Pro·

1329 1880 1584 1945 serpinam
1632 1887 1800 1929 natam
1853 1879 2021 1929 ferunt
2077 1886 2126 1929 et
2177 1878 2265 1929 Li-

1329 1950 1503 1998 berum
1521 1985 1534 2008 ,
1569 1947 1782 1999 alterum
1803 1958 1946 2015 patre
1965 1948 2134 2009 Caelo,
2175 1951 2264 2011 qui

1329 2020 1570 2085 genuisse
1602 2017 1878 2069 Minervam
1917 2018 2127 2077 dicitur,
2165 2026 2264 2067 ter·

1325 2090 1452 2136 tium
1497 2085 1784 2136 Cretensem
1831 2086 2036 2136 Saturni
2081 2085 2262 2149 filium,

1328 2158 1472 2205 cuins
1512 2158 1562 2203 in
1610 2156 1699 2205 illa
1755 2155 1920 2204 insula
1973 2155 2264 2219 sepulcrum

1327 2224 1634 2284 ostenditur,
1669 2224 1733 2274 de
1750 2239 1800 2273 n.
1825 2224 1875 2274 d.
1896 2224 1946 2287 3,
1969 2224 2053 2287 21,
2081 2222 2166 2275 53.
2195 2251 2264 2259 —

1328 2295 1559 2358 Iuppiter
1603 2301 1651 2341 et
1693 2294 1816 2341 Iuno
1859 2308 1925 2343 ex
1961 2290 2176 2341 Saturno
2215 2300 2265 2341 et

1330 2361 1438 2426 Ope
1493 2362 1686 2426 geniti,
1741 2361 1871 2409 Tim.
1929 2362 2012 2413 11.
2059 2390 2130 2400 --
2187 2361 2264 2410 Ex

1329 2432 1446 2481 love
1479 2431 1829 2493 antiquissimo
1867 2436 1916 2479 et
1961 2430 2266 2493 Proserpina

1329 2501 1436 2549 nati
1455 2499 1687 2550 Dioscuri
1708 2499 1862 2563 primi
1885 2506 2006 2559 trae,
2043 2500 2105 2549 de
2125 2514 2174 2547 n.
2209 2498 2260 2547 d.

1329 2567 1380 2627 3,
1401 2569 1486 2631 21,
1509 2567 1597 2619 53.
1633 2594 1704 2605 -—
1739 2568 1966 2631 Iuppiter
1991 2575 2042 2617 et
2059 2568 2264 2616 Proser-

1326 2639 1452 2702 pina
1485 2645 1722 2701 parentes
1751 2637 1965 2702 Dionysi
2003 2637 2174 2702 primi,
2207 2635 2259 2685 d.

1329 2721 1378 2756 n.
1403 2707 1452 2755 d.
1475 2705 1528 2768 3,
1561 2704 1646 2763 23,
1667 2704 1752 2755 58.
1792 2731 1863 2742 —
1897 2706 2127 2770 Iuppiter
2162 2704 2266 2768 pri·

1328 2790 1439 2823 mus
1457 2781 1600 2838 pater
1619 2774 1755 2824 Solis
1778 2776 1950 2839 primi,
1985 2776 2046 2825 de
2067 2790 2116 2821 n.
2139 2774 2188 2823 d.
2211 2771 2262 2837 3,

1327 2843 1412 2905 21,
1432 2843 1516 2893 54.
1533 2872 1602 2883 —
1621 2843 1858 2894 Hercules
1879 2844 2264 2905 antiquissimus

1327 2912 1448 2961 love
1493 2920 1672 2976 natus,
1725 2913 1817 2961 sed
1859 2913 1980 2961 item
2016 2912 2265 2973 antiquis-

1326 2982 1478 3029 simo:
1518 2995 1634 3029 nam
1669 2982 1814 3031 Ioves
1848 2996 2052 3043 quoque
2089 2980 2264 3044 plures

1324 3052 1374 3098 in
1395 3050 1576 3114 priscis
1590 3049 1896 3100 Graecorum
1917 3049 2102 3100 litteris
2123 3052 2264 3099 inve-

1327 3120 1552 3184 niuntur,
1591 3120 1655 3170 de
1678 3134 1728 3172 n.
1771 3120 1823 3167 d.
1865 3119 1918 3179 3,
1961 3118 2044 3181 16,
2070 3118 2161 3167 42.
2193 3142 2264 3155 --

1324 3188 1366 3236 E
1389 3188 1509 3238 love
1531 3188 1688 3239 altero
1719 3193 1770 3237 et
1799 3187 1944 3237 Neda
1973 3195 2122 3236 natae
2154 3186 2266 3236 Mu·

1325 3271 1415 3306 sae
1446 3258 1642 3320 primae
1670 3265 1931 3318 quattuor,
1969 3258 2032 3306 de
2063 3270 2115 3304 n.
2136 3256 2188 3308 d.
2211 3254 2263 3315 3,

1322 3324 1408 3385 21,
1428 3325 1513 3377 54.
1541 3353 1616 3364 --
1654 3326 1881 3390 luppiter
1907 3332 1955 3375 et
1978 3324 2144 3374 Diona
2170 3338 2263 3389 pa-

1321 3403 1488 3443 rentes
1507 3395 1724 3444 Veneris
1741 3396 1934 3459 tertiae,
1957 3395 2021 3443 de
2047 3408 2102 3445 n.
2133 3393 2185 3443 d.
2207 3392 2259 3451 3,

1321 3446 1407 3524 23,
1427 3460 1511 3512 59.
1545 3490 1608 3499 -
1647 3462 1875 3527 Iuppiter
1912 3471 1962 3513 et
1997 3462 2142 3511 Luna
2173 3476 2263 3525 pa-
