2500 3850
399 193 480 254 60

399 355 670 406 Calc-num
691 358 974 421 praedium,
999 358 1063 406 ad
1081 357 1180 404 Att.
1205 355 1256 413 8,
1277 354 1325 414 3,
1348 355 1397 402 7.

397 423 662 474 Calenus.
705 428 765 478 V.
793 424 860 491 Q.
882 423 1080 474 Fufius
1104 422 1363 473 Calenus.

394 493 457 543 L.
484 491 758 557 Calenus,
787 495 915 543 civis
949 495 1092 545 Rom.
1109 530 1124 557 ,
1150 493 1293 542 Verr.
1318 506 1400 541 ac-

466 569 626 612 cusat.
647 562 700 621 2,
723 562 773 621 8,
795 563 881 612 24.

397 629 564 680 Cales
587 666 603 694 ,
667 631 911 696 oppidum
975 630 1402 680 mediterraneum

466 700 800 764 Campaniae,
835 700 896 749 de
929 698 1042 762 lege
1070 713 1181 761 agr.
1214 699 1277 756 2,
1314 697 1397 762 35,

463 767 545 820 96.
583 767 807 831 Philipp.
840 769 930 828 12,
964 767 1054 827 ll,
1076 769 1161 820 27.
1199 768 1267 816 ad
1296 769 1399 818 Att.

465 839 512 898 7,
541 837 620 898 14,
647 836 694 884 1.
732 837 804 888 lb.
830 837 913 898 16,
939 836 1023 896 11,
1043 835 1189 886 Gete.

399 905 495 955 Cn.
523 900 772 954 Calidius
794 921 948 966 eques
967 903 1148 965 Rom„
1171 905 1401 970 splendi-

463 975 556 1022 dus
576 979 623 1021 et
643 973 896 1036 gratiosus
904 1009 918 1034 ,
939 977 1081 1026 Verr.
1105 981 1327 1025 accusat.
1347 975 1398 1035 4,

389 1110 467 1162 M.
492 1106 744 1158 Calidius
760 1146 773 1173 ,
795 1114 1006 1162 oratoris
1029 1112 1234 1172 laudea,
1257 1111 1396 1164 Brut.

458 1177 540 1238 79,
559 1179 662 1227 274
683 1193 760 1241 sq.
788 1207 848 1216 -
868 1181 942 1230 De
965 1195 1156 1231 veneno
1171 1181 1279 1229 sibi
1308 1194 1399 1243 pa-

457 1253 565 1296 rato
588 1249 843 1298 accusavit
875 1248 930 1297 C.
955 1249 1174 1300 Gallium
1206 1264 1238 1297 a
1260 1247 1397 1298 Cice·

454 1329 577 1366 rone
600 1315 886 1377 defensum,
909 1319 981 1368 lb.
1003 1318 1088 1381 80,
1112 1319 1214 1368 277
1233 1333 1311 1379 sq.
1330 1343 1396 1353 —

455 1384 523 1438 M.
548 1383 799 1448 Calidius,
831 1395 1035 1453 praetor
1061 1401 1108 1436 a.
1130 1403 1179 1435 u.
1202 1402 1246 1436 c.
1274 1386 1398 1439 697.

455 1453 623 1504 fautor
643 1454 918 1516 Ciceronis,
938 1464 1054 1523 post
1075 1457 1184 1506 red.
1211 1456 1264 1504 in
1286 1470 1395 1506 sen.

453 1521 505 1582 9,
525 1525 611 1572 22.
634 1551 700 1560 -—
719 1525 926 1576 Frustra
948 1525 1174 1576 defendit
1193 1523 1397 1574 liberta-

453 1598 554 1640 tem
589 1591 956 1661 Tenediorum,
988 1595 1055 1644 ad
1084 1594 1143 1653 Q.
1175 1592 1240 1646 fr.
1272 1594 1336 1656 2,
1363 1592 1398 1642 9

457 1657 592 1723 (11),
613 1661 662 1709 2.
685 1687 750 1697 -—
771 1661 1042 1712 Gabinium
1062 1663 1127 1712 ad
1145 1661 1395 1727 populum

453 1728 678 1778 defendit
698 1743 744 1779 a.
764 1731 815 1780 d.
836 1734 926 1784 Vl.
954 1732 1027 1781 Id.
1051 1731 1251 1782 Octobr.
1275 1746 1323 1780 a.
1343 1747 1393 1782 u.
1465 1726 1951 1794 Καλλιππίδης.
1966 1729 2129 1778 Varro
2142 1730 2276 1779 mihi
2290 1732 2475 1780 denum

455 1813 501 1846 c.
524 1796 664 1859 700„
686 1798 758 1850 lb.
778 1797 831 1858 3,
854 1801 905 1862 2,
931 1799 977 1850 l.
995 1826 1060 1836 —-
1076 1800 1145 1852 M.
1169 1798 1395 1850 Calidius

454 1867 517 1915 ab
559 1867 764 1931 repulsa
814 1867 1100 1933 postulatus
1140 1883 1171 1917 a
1218 1866 1395 1918 Galliis

453 1937 682 1996 duobuS,
718 1936 917 1987 Caelius
945 1938 1010 1987 ad
1035 1938 1154 1987 fam.
1184 1938 1234 1997 8,
1270 1938 1319 1998 4,
1343 1938 1395 1988 1.

452 2030 522 2041 --
545 2006 770 2056 Calidius
791 2006 843 2055 in
865 2006 1162 2056 defensione
1183 2022 1276 2057 sua
1298 2005 1396 2054 fuit

455 2074 820 2123 disertissimus
842 2112 855 2135 ,
889 2076 939 2124 iu
965 2076 1289 2125 accusatione
1310 2090 1393 2123 sa-

451 2142 519 2193 tis
547 2142 799 2208 frigidus,
833 2142 966 2193 Cael.
1000 2144 1065 2193 ad
1095 2145 1216 2194 fam.
1248 2142 1312 2203 8,
1340 2142 1392 2205 9,

454 2210 503 2261 5.
531 2236 600 2247 —
619 2225 711 2276 pro
733 2211 864 2265 Gall.
888 2212 1069 2278 fragm.
1093 2216 1143 2265 5.
1172 2229 1225 2279 p.
1246 2212 1365 2263 217.

388 2292 457 2359 Q.
502 2289 784 2358 Calidius,
829 2294 899 2348 M.
945 2296 1131 2347 Calidii
1179 2296 1393 2346 oratoris
1468 2278 1849 2332 callisstheness
1870 2280 2475 2345 0¹5n1h31152d⁰0²¹¹⁵¹¹ffi

449 2368 594 2426 pater
611 2398 626 2423 ,
679 2363 948 2415 damnatus
997 2364 1128 2415 dixit
1179 2364 1392 2413 minoris

449 2429 552 2481 HS.
592 2446 738 2487 XXX.
787 2435 1096 2499 praetorium
1132 2432 1393 2483 hominem

449 2498 660 2551 honeste
678 2516 780 2551 nou
799 2518 952 2567 posse
975 2504 1221 2566 damnari,
1243 2502 1389 2551 Verr.

451 2570 566 2622 Act.
593 2570 642 2631 1,
675 2568 756 2635 13,
779 2572 864 2623 38.
905 2572 970 2621 cf.
998 2574 1144 2621 Verr.
1165 2579 1389 2623 accusat.

451 2638 500 2697 3,
528 2638 615 2704 25,
638 2638 722 2691 63.
759 2655 852 2705 pro
872 2641 1042 2690 Plauc.
1065 2641 1149 2701 28,
1171 2638 1257 2692 69.

383 2721 781 2774 Callicratidas
804 2760 820 2787 ,
871 2724 1389 2775 Lacedaemoniorum

449 2792 554 2842 dux
573 2792 1001 2857 Peloponnesiaco
1023 2794 1154 2843 bello
1169 2830 1184 2855 ,
1212 2792 1385 2847 de‘off.

384 2915 397 2922 ,
450 2860 498 2921 1,
520 2862 606 2920 24,
627 2860 714 2914 84.
754 2862 828 2911 lb.
855 2861 902 2923 1,
927 2862 1010 2923 30,
1038 2862 1155 2916 109.

381 2943 722 3011 Callidame,
778 2947 1026 3013 Agathini
1074 2950 1387 3000 Thermitani

445 3015 578 3075 filia,
611 3016 855 3067 Dorothei
888 3032 1046 3080 uxor,
1076 3029 1243 3069 amata
1272 3034 1303 3067 a
1328 3018 1383 3070 C.

445 3086 632 3148 Verre,
651 3086 798 3136 Verr.
824 3096 1048 3138 accusat.
1069 3089 1122 3150 2,
1144 3088 1228 3149 36,
1250 3088 1335 3140 89.

379 3169 794 3237 Callimachus,
829 3176 981 3239 poeta
1009 3181 1058 3224 et
1092 3176 1387 3241 grammati-

446 3255 534 3289 cus
547 3276 564 3302 ,
609 3242 673 3291 de
717 3249 844 3292 orat.
893 3242 958 3306 3,
1009 3241 1103 3303 33,
1154 3242 1275 3294 132.
1316 3268 1388 3281 --·
1459 3242 1873 3308 Callisthenes,
1897 3245 2025 3295 liber
2039 3244 2391 3309 Theophrasti
2415 3246 2466 3293 de

445 3310 567 3358 Eius
595 3312 908 3376 epigramma
936 3314 988 3361 iu
1007 3314 1385 3365 Ambraciotam

446 3377 846 3446 Cleombrotum,
871 3380 1081 3433 Tuscul.
1104 3383 1133 3433 1
1150 3416 1166 3442 ,
1186 3381 1272 3441 34,
1296 3382 1380 3431 84.

443 3446 633 3501 ——Non
651 3450 778 3501 male
789 3450 862 3499 ait
876 3449 1212 3501 Callimachus
1223 3450 1381 3499 multo
1458 3447 1631 3515 Calpe
1642 3486 1657 3514 ,
1684 3464 1831 3500 mons
1846 3450 2106 3514 praealtus
2131 3452 2376 3517 Hispano
2396 3453 2474 3509 lit-1

1089 201 1417 249 CALENUM
1445 217 1530 230 --·
1557 197 1799 245 CALPE.

1472 619 1475 624 ¹
1542 628 1821 678 ducebatur
1838 665 1852 687 ‚
1875 629 1941 678 ad
1960 630 2063 678 Att.
2090 631 2142 691 2,
2166 628 2219 693 3,
2240 628 2289 679 3.

1542 353 1750 417 saepius
1764 352 2055 402 lacrimasse
2064 352 2321 404 Priamum
2339 369 2475 416 quai]

1542 421 1802 480 Troilum,
1838 421 2041 472 Tuscul.
2074 422 2101 473 l
2124 459 2139 483 ,
2161 422 2255 482 39,
2288 423 2384 473 93.

1478 487 1759 555 Calliope,
1796 489 1943 540 Musa
1976 491 2028 540 in
2064 490 2321 541 Ciceronis
2362 493 2469 541 libr

1542 560 1629 608 111.
1654 559 1717 608 de
1744 559 2009 610 consulatu
2036 575 2130 609 suo
2164 561 2391 622 loquens
2426 563 2475 611 iu

1474 694 1811 761 Calliphana
1837 698 2109 758 VeliensiS,
2132 699 2385 748 sacerdos
2408 698 2475 747 Ce

1541 767 1670 816 reris
1685 803 1698 824 ,
1715 781 1807 832 pro
1830 766 1988 816 Balbo
2011 768 2095 824 24,
2120 768 2207 818 55.

1474 832 1775 902 Calliphon
1807 835 2121 900 voluptatem
2160 843 2211 886 et
2244 835 2475 885 honesta

1542 915 1641 954 tem
1662 905 1811 954 finem
1834 920 1947 954 esse
1968 905 2193 964 censuit,
2220 906 2393 954 Acad.
2418 919 2475 968 pn

1541 975 1593 1036 2,
1624 976 1722 1033 42,
1764 974 1881 1025 131.
1912 1002 1979 1010 —
2006 973 2262 1023 Adiunxit
2290 975 2365 1022 ad
2402 974 2469 1021 ho

1539 1049 1786 1091 nestatem
1808 1042 2135 1107 voluptatem,
2160 1043 2225 1092 de
2246 1042 2337 1090 fin.
2364 1045 2421 1105 2,
2444 1041 2475 1092 6

1544 1111 1626 1161 19.
1666 1113 1738 1160 lb.
1760 1113 1811 1170 2,
1853 1111 1946 1173 11,
1984 1110 2070 1164 34.
2096 1137 2167 1147 --
2194 1111 2471 1176 Calliphon

1536 1179 1789 1230 Diodorus
1808 1179 1875 1230 ad
1894 1179 2213 1230 honestatem
2232 1180 2383 1230 aliud
2404 1181 2471 1228 ad

1539 1249 1784 1314 iungunt,
1814 1248 1951 1310 quod
1987 1265 2052 1298 ex
2088 1249 2270 1298 eodem
2296 1265 2475 1313 generq

1536 1333 1634 1366 non
1658 1319 1751 1379 sit,
1772 1317 1837 1366 de
1863 1317 1949 1366 fin.
1970 1318 2032 1377 4,
2066 1317 2131 1368 18
2149 1353 2163 1376 ,
2186 1318 2275 1370 49.
2314 1317 2386 1369 cl.
2421 1320 2471 1366 ib

1538 1387 1588 1446 5,
1612 1386 1662 1446 8,
1693 1386 1777 1436 21.
1818 1387 1891 1434 lb.
1916 1388 1976 1446 5,
1998 1387 2093 1449 25,
2121 1385 2209 1440 73.
2236 1413 2309 1422 ·--
2332 1386 2463 1434 Calli

1538 1454 1677 1520 plion
1708 1461 1756 1504 et
1788 1453 2129 1504 Dinomachus
2172 1455 2475 1520 voluptatem

1537 1540 1650 1574 cum
1672 1523 1935 1572 honestate
1957 1523 2249 1588 copulavit,
2272 1525 2475 1639 Tusctgs

1537 1595 1597 1653 5,
1634 1592 1728 1650 30,
1758 1592 1951 1644 85.1b.
1986 1595 2047 1652 5,
2074 1590 2161 1652 31,
2183 1592 2274 1643 87.
2312 1594 2377 1642 de
2400 1609 2427 1642 ο

1536 1660 1585 1723 3,
1609 1660 1693 1720 33,
1716 1659 1832 1711 119.

1536 1800 1756 1848 ciaverat
1784 1812 2019 1862 magnam
2042 1813 2167 1848 sane
2196 1807 2245 1848 et
2271 1811 2475 1864 gravem

1536 1858 1963 1931 προσφώνησιν.
2019 1867 2296 1918 Biennium
2338 1883 2475 1933 prae*

1534 1937 1699 1997 teriit,
1743 1952 1898 1999 quum
1940 1936 2028 1987 ille
2076 1935 2475 2053 Kal-harm'dq3

1535 2006 1751 2056 adsiduo
1807 2021 1957 2055 cursu
2005 2007 2230 2055 cubitum
2283 2008 2459 2055 nullun

1532 2076 1856 2139 processerit,
1878 2075 1945 2123 ad
1959 2076 2061 2123 Att.
2086 2074 2169 2135 13,
2196 2075 2283 2136 12,
2308 2078 2363 2126 2.
2387 2077 2475 2123 Re-

1533 2142 1747 2208 spicitur
1762 2144 1827 2193 ad
1842 2142 2180 2209 Callippidem
2196 2160 2475 2205 cursorem,

1533 2228 1583 2264 v.
1610 2211 1817 2264 Sueton.
1840 2212 2009 2261 Tiber.
2036 2212 2121 2264 38.

1533 2364 1645 2408 me,
1670 2366 1838 2401 comes
1858 2350 2031 2415 Magni
2055 2350 2384 2413 Alexandri,
2421 2352 2475 2398 ab

1534 2418 1825 2471 Alexandro
1848 2429 2055 2469 necatus
2071 2456 2085 2480 ,
2110 2434 2205 2483 pro
2228 2418 2367 2472 Rab.
2390 2422 2475 2467 Po«

1532 2494 1697 2539 stumo
1712 2488 1977 2550 9,23.-1s
1988 2489 2195 2553 scripsit
2206 2486 2475 2538 historiam

1530 2556 1781 2607 rhetorico
1802 2572 1967 2622 paene
1986 2572 2128 2607 more
2140 2557 2252 2616 ,-.de
2273 2564 2409 2609 orat.
2428 2558 2471 2618 2,

1532 2626 1615 2688 14,
1637 2626 1722 2676 58.
1762 2629 1829 2675 ad
1850 2626 1908 2685 Q.
1945 2626 2011 2676 fr.
2047 2627 2108 2689 2,
2144 2625 2205 2675 11
2238 2624 2403 2690 (13),
2428 2628 2471 2674 4.

1527 2718 1598 2728 -—-
1638 2691 1933 2745 Callistheni
1972 2694 2213 2745 Troicum
2264 2696 2471 2751 bellum,

1527 2761 1594 2811 ad
1612 2761 1735 2811 fam.
1759 2764 1809 2829 5,
1833 2764 1917 2829 12,
1934 2765 1989 2814 2.
2010 2790 2077 2799 -
2095 2763 2231 2822 Quid
2250 2764 2471 2814 tradide-

1528 2831 1591 2879 rit
1609 2831 1674 2881 de
1694 2833 1883 2899 templo
1904 2832 2136 2882 Herculis
2156 2832 2358 2882 Thebis
2372 2872 2387 2892 ,
2418 2833 2471 2879 de

1528 2900 1691 2953 divin.
1737 2901 1764 2951 l
1781 2936 1798 2964 ,
1852 2901 1947 2960 34,
1994 2902 2079 2952 74.
2138 2902 2205 2949 de
2260 2902 2471 2951 ostentis

1526 2976 1643 3019 ante
1673 2971 1897 3035 pugnam
1928 2970 2248 3020 Leuctricam
2268 3008 2285 3031 ,
2329 2972 2405 3023 lb.
2427 2971 2469 3027 2,

1528 3038 1629 3101 25,
1668 3040 1754 3091 54.
1788 3066 1855 3075 --
1876 3037 2259 3105 Theophrastus
2299 3038 2469 3089 interi-

1528 3116 1635 3156 tum
1658 3108 1943 3173 deploravit
1962 3106 2294 3169 Callistheni,
2322 3110 2469 3161 soda-

1524 3176 1589 3226 lis
1610 3180 1722 3240 sui,
1742 3176 1947 3227 Tuscul.
1973 3175 2024 3236 3,
2049 3174 2129 3235 10,
2152 3176 2241 3229 21.

1523 3314 1727 3431 ἰῖῐὲιετὶῐιι
1748 3313 2061 3373 Callistheni,
2082 3312 2295 3367 Tuscul.
2318 3316 2375 3378 5,
2390 3314 2465 3375 29,
