2500 3850
645 187 1085 238 FULVIASTER
1107 212 1190 220 —
1215 190 1495 240 FURIAE.

29 341 368 395 Fulviaster.
402 343 702 395 Philotimus
725 343 853 394 solet
874 345 1036 394 omni-

92 431 157 462 no
194 427 310 464 esse
343 412 656 476 Fulviaster,
693 415 728 464 i.
761 429 807 464 e.
845 426 1035 478 pravus

88 484 317 532 imitator
335 482 530 543 Fulvii,
553 483 618 532 ad
641 486 740 534 Att.
767 481 849 541 12,
871 483 958 542 44,
981 483 1033 532 4.

29 549 211 601 Fulvii
237 549 458 604 Tusculo
480 553 709 614 oriundi,
742 565 837 615 pro
862 550 1031 599 Plano.

29 689 97 738 M.
122 685 360 738 Fulvius
381 684 698 751 Bambalio,
719 688 1034 738 Tusculanus

93 758 356 823 locuples,
377 756 590 806 Fulviae
617 758 795 808 uxoris
827 757 896 810 M.
929 758 1036 806 An·

91 829 217 875 tonii
238 835 411 891 pater,
432 824 658 890 Philipp.
680 827 730 885 2,
751 823 834 890 36,
862 825 944 878 90.

29 897 101 952 Μ..
131 892 372 945 Fulvius
395 893 631 945 Flaccus
645 931 660 958 ,
683 910 809 944 avus
830 895 886 944 L.
910 894 1034 945 Cae-

91 966 239 1014 saris.
286 991 355 1000 --
390 965 580 1014 Probra
619 965 838 1014 coniecit
884 965 936 1013 in
972 966 1028 1014 P.

91 1034 386 1098 Scipionem
415 1033 652 1083 Nasicam
675 1031 1026 1098 Serapionem,

89 1105 154 1152 de
175 1111 304 1154 orat.
328 1091 360 1152 ι’)
401 1103 468 1154 70
507 1103 626 1152 285.
646 1129 715 1138 -
735 1103 801 1152 M.
823 1102 1028 1152 Fulvius

91 1187 194 1221 cos.
232 1187 284 1220 a.
321 1187 373 1220 ιι.
417 1175 464 1220 c‘.
505 1158 623 1220 629.
655 1196 724 1208 -
757 1171 1030 1222 Mediocris

91 1247 289 1298 orator,
333 1239 474 1290 Brut.
517 1239 608 1300 28,
651 1239 770 1293 108.
804 1267 869 1276 --·
899 1241 1030 1300 Quia

90 1326 202 1358 cnm
247 1309 304 1361 C.
340 1308 568 1360 Graccho
605 1317 778 1359 contra
810 1309 1029 1360 salutem

89 1381 162 1428 rei
193 1377 338 1443 publ.
364 1378 580 1440 fecerat,
613 1386 662 1428 et
685 1387 890 1429 senatus
913 1393 1028 1430 sen—

89 1450 243 1498 tentia
257 1455 333 1496 est
347 1447 636 1498 interfectus
658 1462 771 1498 cum
788 1447 961 1498 liberis
982 1453 1030 1497 et

91 1520 198 1568 eius
240 1517 423 1568 domus
473 1531 650 1566 eversa
687 1529 736 1566 et
771 1516 1031 1581 publicata

91 1594 167 1636 est
182 1623 194 1644 ,
217 1588 282 1637 de
303 1586 454 1636 domo
475 1601 568 1636 sua
587 1585 672 1648 38,
695 1586 812 1639 102.
842 1586 916 1637 lb.
939 1584 1025 1646 43,

93 1657 208 1706 114.
251 1655 314 1704 cl.
347 1656 401 1704 in
431 1656 581 1707 Catil.
615 1655 674 1711 1,
711 1656 770 1715 2,
794 1655 844 1704 4.
882 1655 953 1703 Ib.
981 1653 1027 1718 1,

95 1724 183 1786 12,
206 1716 292 1774 29.
334 1725 410 1774 lb.
433 1723 578 1787 4,c,
610 1723 690 1775 13.
714 1751 778 1760 -
801 1723 1026 1790 Philipp.
1089 1750 1091 1752 -

31 1861 95 1927 Q.
120 1859 353 1913 Fulvius
381 1853 618 1912 Flaccus
654 1869 886 1925 quartum
911 1877 1029 1914 con-

91 1932 166 1979 sul
188 1948 304 1981 cum
325 1930 384 1991 Q.
412 1932 565 1981 Fabio
593 1930 820 1983 Maximo
839 1932 1028 1981 Verru-

94 2016 208 2049 coso
232 2016 280 2051 a.
313 2018 362 2049 u.
387 2016 432 2053 c.
458 2000 576 2052 545.
617 2000 708 2051 His
737 2000 1028 2051 consulibus

94 2070 262 2134 Capua
283 2070 483 2120 devicta
503 2076 652 2132 atque
676 2076 826 2133 capta
847 2078 941 2133 est,
965 2070 1028 2119 de

95 2140 200 2196 lege
221 2154 328 2203 agr.
354 2142 405 2199 2,
427 2138 512 2195 33,
533 2138 620 2190 90.

34 2206 97 2271 Q.
133 2206 368 2258 Fulvius
411 2206 479 2273 Q.
529 2204 592 2255 F.
641 2203 880 2255 Flaccus
898 2242 912 2268 ,
963 2206 1028 2255 A.

92 2276 378 2327 Postumius
405 2290 640 2326 censores
659 2291 707 2327 a.
733 2290 784 2327 u.
819 2291 863 2327 c.
887 2274 1028 2335 580„

95 2345 235 2395 Verr.
259 2354 478 2395 accusat.
506 2346 552 2408 l,
575 2345 661 2407 41,
685 2342 801 2396 106.

33 2408 143 2462 Ser.
177 2412 414 2465 Fulvius
451 2413 686 2464 Flaccus
735 2413 800 2463 de
837 2414 1030 2463 incestu

97 2490 356 2533 accusatus
370 2520 382 2542 ,
405 2498 436 2533 a
457 2482 508 2532 C.
533 2483 749 2533 Curione
770 2481 1028 2541 defensus,

95 2552 226 2600 Brut.
247 2551 332 2615 32,
360 2552 475 2601 122.
505 2550 580 2601 De
597 2552 707 2599 eius
727 2550 1028 2613 eloquentia,

99 2622 167 2671 lb.
188 2622 281 2685 21,
315 2620 404 2672 81.
426 2646 496 2656 —-
514 2621 686 2670 Verba
703 2635 767 2667 ex
789 2621 898 2669 eius
918 2634 1030 2669 ora-

98 2691 227 2739 tione
257 2688 582 2748 adferuntur,
615 2689 679 2738 de
710 2689 813 2737 inv.
849 2689 875 2738 1
895 2725 908 2748 ‚
941 2686 1026 2751 43,

33 2820 94 2871 P.
121 2824 354 2877 Fulvius
387 2823 684 2887 Neratius,
722 2826 1028 2877 lectissimus

97 2894 242 2945 honio
260 2932 274 2950 .
301 2909 391 2959 pro
414 2895 591 2945 Flacco
611 2894 698 2955 20,
717 2894 804 2948 46.

33 2956 102 3011 Μ.
121 2961 354 3015 Fulvius
383 2961 646 3015 Nobilior
677 2964 822 3013 duxit
853 2962 1027 3014 consul

96 3048 140 3084 a.
162 3050 212 3083 u.
235 3048 280 3081 e.
305 3031 424 3085 565.
449 3034 502 3081 in
523 3032 771 3085 Aetoliam
791 3032 1024 3095 Ennium,

96 3100 292 3154 Tuscul.
330 3102 358 3152 1
376 3138 390 3159 ‚
431 3104 494 3165 2,
536 3102 583 3153 3.
625 3102 764 3155 Brut.
809 3101 904 3159 20,
943 3100 1026 3151 79.

98 3196 158 3206 --
170 3170 281 3220 Non
303 3172 558 3221 dubitavit
575 3170 746 3219 Martis
765 3171 1032 3219 manubias

99 3237 252 3290 Musis
273 3254 596 3300 consecrare,
619 3254 714 3305 pro
736 3238 923 3288 Archia
944 3238 1028 3300 11,

97 3307 181 3360 27.
200 3334 267 3345 -
285 3308 411 3358 Eius
429 3308 715 3373 triumphus
736 3308 800 3358 de
819 3308 1027 3369 AetoliS,

99 3390 184 3439 pro
205 3378 335 3427 Mur.
362 3378 455 3441 14,
488 3376 573 3428 31.
594 3405 668 3417 --
689 3376 812 3426 Cum
835 3392 894 3426 eo
915 3390 1031 3427 cen-

98 3458 205 3496 sore
253 3446 386 3498 facto
428 3447 580 3497 rediit
619 3448 670 3495 in
708 3445 923 3512 gratiam
961 3445 1028 3494 M.

145 3524 460 3620 ΡΜ

1994 182 2113 242 155

1177 345 1433 410 Lepidus,
1460 347 1658 412 collega
1679 361 1725 399 a.
1748 365 1796 398 ιι.
1819 365 1861 397 c.
1884 349 2026 413 575„
2050 351 2113 400 de

1174 430 1320 480 prov.
1344 431 1483 468 cons.
1506 415 1565 476 9,
1604 415 1688 465 20.
1714 443 1778 452 -—
1800 417 2113 468 Mobiliorem

1177 499 1291 533 eum
1306 483 1425 534 Cato
1442 485 1588 541 dixit,
1604 485 1665 534 de
1682 493 1807 536 orat.
1824 488 1874 548 2,
1888 485 1974 548 63,
1988 487 2108 540 256.

1105 550 1182 602 Μ.
1205 549 1441 602 Fulvius
1468 549 1757 616 Nobilior,
1794 569 1856 603 ex
1892 559 2113 618 equestri

1175 621 1370 684 ordine,
1392 622 1752 672 condemnatus
1771 638 1817 676 a.
1833 639 1884 675 ιι.
1902 639 1946 672 c.
1971 625 2111 687 700.,

1175 691 1242 739 ad
1263 691 1368 742 Att.
1391 691 1445 752 4,
1470 689 1551 751 16,
1575 691 1657 743 12.

1106 757 1174 824 Q.
1206 755 1443 809 Fulvius
1473 757 1759 823 Nobilior,
1796 761 1983 822 Marci,
2026 764 2110 824 qui

1170 827 1379 878 Aetolos
1398 829 1543 888 vicit,
1580 829 1742 889 filine,
1778 831 2111 880 nonindiser-

1171 903 1257 946 tus
1294 896 1420 955 fuit,
1462 898 1636 947 consul
1683 913 1797 948 cum
1842 900 1899 950 T.
1946 902 2109 952 Annio

1169 966 1334 1015 Lusco
1355 982 1400 1015 a.
1425 983 1475 1016 ιι.
1502 983 1548 1019 c.
1586 967 1707 1018 601.
1746 969 1964 1018 Ennium
1984 971 2111 1018 civi·

1170 1040 1271 1084 tate
1300 1034 1529 1095 donavit,
1552 1051 1704 1098 quum
1725 1038 1956 1087 triumvir
1974 1039 2109 1090 colo-

1169 1104 1308 1153 uiam
1330 1105 1653 1165 deduxisset,
1676 1105 1815 1156 Brut.
1836 1106 1923 1170 20,
1945 1106 2027 1158 79.

1101 1168 1165 1220 C.
1185 1169 1510 1223 Fundanius
1538 1173 1777 1224 defensus
1806 1189 1836 1224 a
1868 1175 2107 1226 Cicerone

1170 1257 1216 1290 a.
1268 1257 1320 1290 ιι.
1372 1259 1420 1294 c.
1471 1242 1589 1293 688.
1647 1242 1871 1313 Fundan.
1919 1245 2102 1309 fragm.

1167 1325 1220 1375 p.
1248 1310 1369 1362 216.
1410 1339 1475 1347 --
1498 1311 1751 1360 Ciceronis
1780 1314 2005 1374 amicuS‚
2040 1313 2106 1362 ad

1171 1379 1229 1438 Q.
1253 1379 1319 1428 fr.
1346 1380 1393 1436 1,
1415 1380 1465 1438 2,
1488 1381 1537 1431 3.
1559 1383 1607 1440 §.
1634 1379 1717 1430 10.

1097 1447 1176 1497 Μ.
1216 1445 1569 1512 Fundanius,
1612 1448 1738 1496 civis
1771 1450 1837 1497 ad
1875 1447 2108 1498 ambitio-

1169 1531 1285 1566 nem
1318 1517 1721 1582 gratiosissimus
1738 1553 1751 1576 ,
1796 1517 1853 1576 Q.
1901 1515 2006 1567 Cic.
2046 1516 2109 1566 de

1117 1581 1123 1591 ”
1168 1593 1271 1648 pet.
1296 1601 1433 1636 cons.
1458 1588 1507 1648 5,
1533 1584 1615 1636 19.

1097 1652 1398 1705 Fundanus
1420 1670 1565 1721 ager,
1587 1656 1650 1703 de
1668 1652 1782 1719 lege
1802 1668 1911 1728 agr:
1932 1655 1965 1704 2
1985 1689 1999 1712 ,
2020 1653 2105 1716 25,

1095 1789 1299 1854 Fundi,
1319 1791 1563 1855 oppidum
1580 1791 1733 1852 Latii,
1752 1790 1819 1840 ho
1835 1791 1904 1840 lie
1924 1790 2105 1850 Fondt',

1169 1861 1236 1910 ad
1258 1861 1359 1909 Au.
1385 1859 1467 1921 14,
1488 1859 1539 1920 6,
1565 1860 1613 1910 1.

1096 1928 1498 1981 Funisulanus.
1535 1930 1687 1979 Attici
1717 1927 1908 1978 litteras
1936 1928 2107 1978 Tullio

1169 2000 1339 2059 dedit,
1372 2000 1436 2047 ad
1462 1999 1561 2051 Att.
1583 1999 1642 2059 5,
1665 2000 1725 2058 4,
1753 1998 1800 2051 1.
1820 2026 1888 2037 -
1910 1995 2107 2049 Cicero-

1168 2070 1248 2117 nis
1272 2068 1498 2127 debitor,
1520 2067 1591 2121 lb.
1620 2065 1697 2130 10,
1725 2067 1807 2129 15,
1834 2068 1881 2120 1.

1100 2136 1170 2189 Τ.
1193 2132 1499 2186 Fur-fanins
1527 2134 1859 2198 Postumus,
1896 2144 2105 2185 vexatus

1169 2223 1196 2255 a
1217 2207 1275 2255 P.
1300 2204 1475 2257 Clodio
1494 2241 1507 2265 ,
1544 2205 1699 2254 iudex
1717 2207 1769 2253 in
1791 2218 1943 2253 causa
1962 2203 2107 2254 Milo-

1170 2277 1278 2331 nis,
1298 2288 1391 2338 pro
1411 2273 1515 2323 Mil.
1538 2275 1623 2336 27,
1645 2274 1729 2323 75.
1749 2272 1889 2321 -Εἰ
1908 2288 1954 2325 a.
1978 2288 2030 2321 ιι.
2058 2290 2101 2322 c.

1171 2343 1291 2395 705.
1316 2350 1371 2393 ut
1404 2344 1452 2392 in
1484 2341 1665 2391 Sicilia
1688 2340 1979 2391 succederet
2011 2340 2106 2389 Po-

1169 2413 1417 2469 stumius,
1474 2411 1695 2459 decrevit
1746 2414 1981 2470 senatus,
2040 2410 2107 2458 ad

1170 2482 1277 2529 Att.
1298 2481 1345 2539 7,
1368 2480 1462 2539 15,
1486 2480 1537 2527 2.
1564 2504 1629 2515 -
1648 2478 1711 2525 Α.
1733 2490 1784 2527 u.
1806 2492 1848 2524 e.
1872 2474 1989 2528 709.
2027 2476 2107 2526 Si-

1171 2549 1337 2599 ciliam
1366 2563 1459 2613 pro
1485 2545 1693 2597 consule
1722 2544 2005 2603 obtinebat,
2041 2546 2107 2595 ad

1171 2619 1297 2670 fani.
1322 2617 1382 2678 6,
1413 2616 1475 2676 8,
1507 2614 1555 2665 3.
1581 2644 1647 2651 -
1674 2614 1734 2663 Ei
1756 2616 1817 2665 A.
1841 2614 2105 2665 Caecinam

1170 2686 1398 2737 exsulem
1421 2684 1765 2744 commendat,
1785 2684 1858 2733 ΙΙ).
1880 2683 1931 2743 6,
1953 2682 2004 2737 9.

1098 2752 1271 2807 Furia
1293 2755 1391 2815 lex,
1410 2756 1558 2805 Verr.
1578 2761 1800 2806 accusat.
1817 2753 1866 2813 1,
1880 2754 1969 2812 42,
1988 2752 2103 2807 109.

1099 2820 1306 2875 Furiae
1327 2825 1491 2890 legeS,
1512 2825 1658 2878 Verr.
1691 2831 1911 2878 accusat.
1938 2824 1963 2872 1
1982 2862 1995 2884 ,
2018 2826 2105 2883 42,

1169 2893 1288 2945 109.
1321 2896 1386 2945 V.
1408 2890 1660 2957 Atiniae,
1686 2889 1896 2942 Furiae
1915 2892 2070 2957 leges,

1097 2958 1309 3013 FurIae
1337 2963 1463 3013 deae
1490 2970 1633 3021 sunt,
1664 2962 2024 3025 speculatrices
2059 2970 2107 3009 et

1169 3032 1397 3082 vindices
1435 3030 1715 3081 facinorum
1756 3038 1805 3079 et
1839 3030 2103 3085 scelerum,

1171 3101 1234 3150 de
1254 3114 1305 3152 n.
1330 3102 1377 3151 d.
1399 3101 1431 3154 3
1446 3136 1461 3161 ‚
1486 3101 1577 3163 18,
1608 3098 1693 3151 46.
1714 3126 1786 3137 -
1801 3098 1983 3145 Earum
2004 3104 2107 3145 tae-

1171 3168 1267 3219 dae
1286 3170 1547 3231 ardenteS,
1570 3183 1664 3231 pro
1694 3166 1815 3217 Sex.
1846 3164 1998 3213 Rosc.
2020 3166 2105 3225 24,

1169 3237 1256 3289 67.
1292 3266 1358 3275 —-
1386 3238 1646 3286 Furiarum
1685 3234 1823 3285 faces
1852 3234 2103 3289 ardentes,

1169 3308 1222 3355 in
1241 3302 1467 3355 Ptolod.
1494 3303 1540 3364 1,
1558 3303 1609 3355 6.
1648 3302 1713 3350 cl.
1735 3303 1797 3351 de
1823 3300 1923 3365 leg.
1951 3302 1998 3363 1,
2020 3301 2104 3358 14,

1169 3374 1258 3425 40.
1290 3401 1347 3411 -
1391 3372 1654 3424 Catilinam
1694 3371 1902 3432 eiusque
1940 3370 2105 3420 socios

1168 3457 1272 3493 non
1298 3443 1362 3493 ad
1390 3440 1750 3507 perficiendum
1780 3437 1945 3489 scelus
1960 3473 1977 3503 ,
2015 3438 2107 3487 sed
