2500 3850
186 149 267 212 92

190 315 476 380 Cluatius,
513 318 840 380 architectus,
875 318 942 367 ad
973 318 1076 371 Att.
1103 315 1185 379 12,

256 387 336 447 18,
364 387 410 438 1.
446 387 519 437 Ib.
542 401 625 452 ep.
655 386 740 450 36,
763 389 812 436 2.

188 453 478 520 Cluentia,
509 455 573 506 A.
596 455 813 506 Cluentii
846 456 1008 518 Aviti,
1040 472 1190 519 quem

255 525 430 575 Cicero
457 523 712 584 defendit,
737 539 910 591 soror,
940 534 1098 590 nupta
1122 527 1186 575 A.

253 595 412 644 Aurio
450 594 667 655 Melino,
714 595 1046 656 consobrino,
1097 611 1188 660 pro

256 662 450 714 Cluent.
478 663 537 724 5,
572 663 655 717 11.
695 663 954 725 1b.§.13.
993 665 1068 714 lb.
1102 664 1186 726 10,

182 802 246 855 A
271 775 563 854 Cluentius
574 800 777 854 Avitus
795 801 1009 853 Larinas
1027 810 1187 874 pater,

253 889 346 938 pro
368 873 561 926 Cluent.
588 873 640 933 5,
665 873 745 924 11.

181 941 248 996 A.
273 940 564 992 Cluentius
585 939 817 1005 Avitus,
838 942 974 993 filius
995 957 1024 997 a
1046 942 1189 992 Cice-

252 1026 375 1061 rone
406 1011 677 1074 defensus,
713 1026 760 1059 v.
791 1027 884 1076 pro
909 1010 1106 1063 Cluent.
1139 1014 1185 1072 1,

255 1082 281 1130 l
313 1095 424 1142 sqq.
455 1106 521 1116 —
548 1080 670 1130 Eius
701 1083 1047 1131 contentiones
1071 1097 1186 1130 cum

252 1147 558 1214 Oppianico,
607 1149 680 1201 ΙΙ).
736 1149 834 1212 15,
878 1153 962 1201 44.
1007 1177 1073 1188 —-
1121 1152 1184 1198 A.

252 1217 512 1269 Cluentius
554 1225 820 1268 aecusatus
857 1234 888 1269 a
929 1221 988 1274 Τ.
1030 1221 1187 1270 Accio

249 1288 568 1344 Pisaurensi.
597 1302 630 1338 a
656 1287 898 1341 Cicerone
927 1288 1184 1350 defen-sua,

251 1357 390 1407 Brut.
423 1357 508 1417 78,
539 1358 658 1409 271.
695 1365 822 1408 orat.
855 1357 951 1420 29,
977 1359 1187 1410 103.-

252 1427 424 1477 Cicero
444 1442 500 1477 se
528 1428 762 1477 tenebras
793 1427 1035 1477 offudisse
1057 1427 1188 1478 iudi-

251 1497 398 1547 cibus
431 1497 486 1547 in
507 1512 662 1546 eausa
695 1497 912 1546 Cluentii
943 1497 1186 1563 gloriatus

251 1573 348 1626 est,
372 1565 554 1630 fragm.
575 1581 630 1628 p.
660 1564 778 1614 350.

179 1630 345 1684 Num.
374 1631 692 1696 Cluentius,
725 1648 880 1694 eques
908 1633 1182 1696 Romnum,

249 1703 313 1753 A.
368 1701 581 1752 Cluentii
630 1702 818 1753 sororis
871 1701 1006 1754 filius
1027 1739 1042 1762 ‚
1093 1717 1184 1767 pro

251 1770 444 1822 Cluent.
469 1770 552 1832 60,
579 1770 697 1821 165.

181 1837 386 1889 Tullus
442 1834 712 1904 Cluilius,
763 1839 962 1904 legatus
1006 1839 1185 1904 populi

248 1907 494 1973 Romani,
516 1909 722 1959 inter-em
728 1915 846 1974 ptus
867 1921 897 1957 a
915 1907 1065 1959 Larte
1084 1908 1184 1958 Το-

247 1978 458 2041 lumni0,
479 1979 767 2029 Veientium
785 1993 934 2043 rege,
957 1978 1181 2043 Philipp.

249 2044 299 2106 9,
321 2048 372 2106 2,
397 2048 567 2097 4et5.

181 2083 458 2167 Clu’tidae.
497 2117 560 2165 V.
588 2114 864 2183 Clytidae.

183 2181 436 2233 Cluvius.
472 2185 531 2233 Ei
552 2187 813 2249 negotium
837 2200 1072 2250 agr-otum
1095 2187 1183 2235 ad-

247 2253 608 2318 signandorum
639 2255 691 2303 in
726 2252 890 2304 Gallia
922 2241 1183 2319 Cisalpina

248 2322 422 2373 datum
441 2329 550 2372 erat
577 2338 622 2373 a.
645 2338 694 2372 u.
717 2338 759 2372 c.
790 2323 940 2384 709.,
967 2324 1034 2373 ad
1055 2323 1178 2375 fam.

182 2457 242 2509 C.
270 2458 535 2524 Cluvius,
567 2477 722 2525 eques
751 2462 898 2513 Rom.
915 2499 930 2527 ,
955 2462 1111 2511 iudex
1129 2461 1180 2510 in

247 2544 399 2581 causa
428 2530 481 2581 C.
514 2531 694 2579 Fannii
723 2530 975 2581 Chaereae
996 2532 1179 2596 petito-

243 2600 314 2648 ris
349 2607 396 2649 et
431 2601 490 2659 Q.
519 2598 681 2649 Flavii
713 2601 785 2648 rei
817 2602 950 2649 circa
977 2615 1026 2650 a.
1061 2616 1112 2653 u.
1135 2615 1176 2649 c.

245 2670 366 2720 677.
385 2705 400 2731 ‚
423 2684 515 2730 pro
533 2668 718 2717 Roscio
741 2668 883 2721 Com.
909 2668 991 2727 14,
1012 2669 1097 2719 41.

173 2734 251 2786 Μ.
280 2734 514 2800 Cluvius
539 2735 873 2799 Puteolanus,
909 2736 976 2785 ad
999 2736 1102 2784 Att.
1125 2735 1176 2795 6,

243 2806 295 2866 2,
314 2803 364 2856 3.
386 2806 467 2854 ‘ad
483 2803 608 2853 fam.
631 2805 695 2855 13
711 2840 724 2861 ,
745 2803 841 2867 56,
867 2805 915 2856 1.
940 2831 1006 2843 -
1024 2804 1178 2854 Here-

243 2874 358 2923 dem
387 2872 564 2923 scribit
595 2872 883 2922 Ciceronem
909 2888 1022 2923 eum
1043 2873 1174 2923 aliis.

242 2942 372 2991 Hine
395 2942 548 2991 cretio
580 2940 874 2991 hereditatis
906 2941 1179 2993 Cluvianae

242 3009 424 3140 939),
446 3012 511 3061 ad
527 3011 634 3061 Att.
658 3010 753 3069 13,
773 3010 867 3071 46,
901 3010 952 3062 3.
993 3012 1068 3060 lb.
1094 3012 1176 3076 14,

173 3115 377 3199 Tul⁷lus
400 3145 663 3213 Cluvius,
685 3148 909 3215 Philipp.
933 3148 981 3207 9,
1001 3151 1052 3209 2,
1074 3148 1125 3199 5.

176 3214 627 3285 Clytaemnestra
661 3255 676 3283 ‚
781 3219 1178 3283 Agamemnonis

240 3300 398 3348 uxor,
431 3288 497 3338 ad
522 3288 640 3338 Her.
681 3287 870 3350 1,10,
906 3287 1175 3351 17.1b.1‚

780 161 1118 210 CLUATIUS
1155 183 1240 195 ---
1282 161 1675 208 COLOPHON.

1256 301 1742 384 Clytaemnestra,
1781 317 1923 366 Accii
1958 316 2164 378 fabula,
2201 317 2276 369 de

1332 387 1415 436 off.
1442 385 1489 444 1,
1510 386 1596 446 31,
1622 386 1739 434 114.
1774 385 1842 434 ad
1863 385 1983 439 fam.
2008 389 2059 450 7,
2085 387 2133 446 1,
2154 389 2203 437 2.

1263 453 1523 522 clytidae
1561 469 1604 508 s,
1647 452 1938 520 Clutidae,
1982 455 2177 505 familia
2214 458 2276 506 in

1331 524 1474 574 Elide
1558 523 1913 588 haruspicinae
1998 525 2276 576 nobilitate

1329 599 1621 658 praestana,
1644 593 1706 642 de
1725 593 1886 644 divin.
1913 594 1961 654 1,
1984 595 2070 654 41,
2089 596 2177 649 91.

1263 660 1468 727 Cnidii,
1490 662 1686 712 incolae
1706 661 1879 726 Cnidi,
1903 664 2043 712 urbis
2068 663 2272 723 Cariae,

1329 735 1475 785 Verr.
1501 737 1724 781 accusat.
1745 733 1795 789 4,
1818 731 1904 793 60,
1928 731 2043 783 135.

1262 799 1499 865 Cnidus,
1528 799 1789 864 Colophon
1806 836 1821 859 ‚
1848 799 2029 850 Samus
2060 816 2091 849 a
2116 816 2271 868 prae-

1330 871 1548 922 donibus
1571 869 1923 920 Ciliciensibus
1959 877 2165 935 captae,
2204 871 2272 920 de

1328 943 1452 1004 imp.
1476 939 1565 989 Cn.
1593 940 1769 1002 Pomp.
1798 939 1881 1000 12,
1900 939 1987 992 33.

1262 1005 1473 1061 Cnosii.
1514 1011 1579 1058 V.
1608 1005 1830 1058 Gnosii.

1262 1075 1703 1139 Cobiamachus,
1748 1078 1894 1128 vicus
1944 1077 2071 1126 iuter
2113 1077 2271 1128 Tolo-

1328 1165 1437 1228 sam
1472 1156 1521 1197 et
1554 1145 1867 1212 Narbonem,
1906 1159 1998 1210 pro
2034 1147 2177 1198 Font.
2212 1145 2266 1210 9,

1263 1284 1559 1348 Cocceius,
1582 1287 1648 1336 ad
1667 1286 1774 1338 Att.
1798 1286 1880 1349 12,
1905 1283 1987 1350 13,
2010 1287 2059 1336 2.
2084 1287 2158 1336 lb.
2184 1300 2266 1351 ep.

1330 1355 1412 1418 19,
1433 1358 1482 1408 2.
1522 1356 1597 1408 lh
1624 1353 1705 1418 16,
1732 1355 1813 1418 15,
1835 1355 1885 1404 5.

1260 1425 1479 1477 Coeles.
1520 1427 1583 1478 V.
1609 1421 1884 1474 Horatius
1911 1421 2132 1473 Coeles.

1260 1491 1457 1545 Coctia
1487 1494 1599 1557 lex,
1632 1490 1714 1559 (ἲ)
1736 1493 2055 1544 Vocabulum
2090 1507 2269 1542 corru-

1325 1571 1493 1628 ptum,
1516 1564 1585 1618 ad
1600 1563 1705 1611 Att.
1726 1565 1777 1620 4,
1798 1561 1880 1625 16,
1904 1563 1985 1612 14..

1261 1631 1491 1683 Coctius
1512 1629 1617 1698 (⁴3),
1642 1631 1709 1680 ad
1729 1631 1850 1681 fam.
1871 1632 1921 1692 9,
1942 1633 1994 1685 4.

1262 1701 1533 1770 Cocytus,
1556 1701 1740 1751 fluvius
1762 1700 2135 1766 apudinfe1·oS‚
2163 1702 2267 1752 Tu-

1327 1770 1453 1822 scul.
1483 1771 1529 1831 l,
1556 1769 1606 1828 5,
1629 1769 1711 1824 10.
1748 1770 1810 1820 de
1830 1785 1879 1822 n.
1906 1771 1955 1819 d.
1980 1769 2032 1833 3,
2054 1772 2103 1830 7,
2122 1771 2211 1822 43.

1261 1838 1475 1890 Codrus
1488 1876 1501 1902 ,
1524 1838 1909 1889 Atheniensium
1928 1855 2035 1903 rex,
2056 1841 2264 1890 Tuscul.

1329 1909 1375 1972 1,
1396 1909 1481 1973 48,
1510 1907 1621 1959 116.
1663 1909 1725 1959 de
1744 1923 1793 1958 n.
1814 1909 1866 1959 d.
1888 1909 1937 1973 3,
1966 1907 2047 1974 19,
2068 1909 2157 1963 49.
2202 1911 2269 1961 de

1324 1978 1409 2031 fin.
1433 1979 1484 2042 5,
1506 1979 1592 2042 22,
1612 1978 1696 2029 62.

1259 2045 1391 2111 Coi,
1413 2046 1608 2097 incolae
1628 2046 1761 2097 Coae
1780 2046 1994 2108 insulae,
2014 2048 2159 2097 Verr.
2178 2063 2266 2097 ae·

1324 2124 1483 2165 eusat.
1501 2118 1562 2179 4,
1585 2115 1669 2180 60,
1697 2114 1814 2169 135.

1257 2183 1474 2235 Colchi.
1513 2184 1717 2236 Colchis
1748 2186 1933 2235 Aeetes
1973 2192 2021 2236 et
2054 2183 2199 2235 Circe
2234 2202 2268 2237 a

1323 2254 1441 2305 Sole
1460 2256 1634 2317 quinto
1652 2256 1934 2318 procreati,
1968 2255 2031 2303 de
2056 2269 2104 2305 n.
2132 2256 2183 2305 d.
2210 2254 2267 2316 3,

1321 2324 1384 2373 21
1410 2360 1423 2385 ,
1474 2324 1561 2377 54.
1600 2350 1667 2358 -
1704 2323 2004 2374 Colchorum
2052 2332 2266 2375 auratus

1323 2392 1484 2455 aries»,
1524 2399 1649 2441 orat.
1683 2391 1773 2455 49,
1809 2390 1925 2443 163.
1957 2420 2026 2428 -
2046 2391 2267 2444 Colcho-

1322 2476 1435 2511 rum
1464 2462 1643 2525 eopiae
1672 2462 1739 2511 ad
1772 2462 2069 2526 Pompeium
2097 2462 2267 2515 addu-

1322 2538 1461 2593 ctae,
1481 2531 1547 2579 ad
1568 2531 1671 2578 Au.
1692 2530 1744 2591 9,
1766 2528 1817 2589 9,
1836 2532 1887 2583 2.
1928 2531 2000 2583 Ib.
2022 2530 2073 2591 9,
2100 2531 2184 2592 10,
2205 2532 2261 2586 3.

1320 2600 1387 2649 ad
1412 2598 1525 2647 Her.
1547 2599 1597 2659 2,
1617 2599 1699 2662 22,
1727 2597 1814 2649 34.

1253 2664 1528 2731 Collatia,
1567 2668 1811 2732 oppidum
1843 2668 1977 2718 Latii
2008 2683 2111 2718 nou
2139 2684 2266 2735 pro—

1320 2736 1401 2785 eul
1424 2738 1631 2855 alzurbe
1650 2737 1838 2801 Roma,
1861 2738 1923 2787 de
1941 2737 2054 2803 lege
2074 2754 2185 2803 agr.
2206 2740 2263 2801 2,

1320 2804 1405 2864 35,
1437 2804 1471 2854 9

1252 2869 1585 2925 Collatinus.
1624 2876 1687 2925 V.
1714 2872 2079 2941 Tarquinius.

1253 2940 1475 2993 Collina
1506 2952 1671 3008 porta.
1711 2944 1869 2995 Extra
1898 2960 2009 2995 eam
2040 2944 2267 2995 Honoris

1321 3013 1507 3073 aedeS,
1530 3013 1594 3063 de
1611 3012 1712 3078 leg.
1736 3016 1788 3077 2,
1809 3014 1895 3073 53,
1918 3014 2003 3064 58.

1253 3078 1475 3131 Collina
1500 3082 1689 3143 tribus,
1708 3097 1803 3147 pro
1825 3082 1932 3133 Mil.
1956 3082 2007 3146 9,
2027 3081 2117 3135 25.

1251 3148 1531 3200 Coloneus
1552 3151 1693 3201 locus
1712 3164 1755 3201 a.
1768 3152 1913 3202 collis
1926 3166 2084 3216 prope
2097 3151 2265 3201 Athe-

1318 3232 1429 3271 nas,
1472 3219 1595 3269 Eius
1633 3220 1801 3270 incola
1840 3218 2149 3286 Sophocles,
2195 3221 2263 3271 de

1316 3286 1403 3339 fin.
1431 3287 1556 3352 5,1,
1578 3289 1631 3343 3.

243 3353 325 3413 16,
347 3355 432 3406 26.
470 3356 533 3406 de
564 3357 664 3405 inv.
691 3356 750 3416 1,
789 3355 883 3420 13,
907 3356 990 3409 18.
1031 3358 1102 3407 lb.
1126 3355 1175 3417 1,
1248 3354 1572 3420 Colophon,
1592 3358 1713 3407 urbs
1735 3359 1905 3407 Ioniae
1925 3324 2171 3420 celebris,
2197 3358 2263 3408 de

242 3423 324 3484 12,
347 3422 432 3472 31.

1316 3426 1441 3488 imp.
1465 3423 1555 3475 Cn.
1577 3425 1755 3491 Pomp.
1782 3426 1863 3487 12,
1890 3425 1973 3478 33.
