2500 3850
0 2136 11 2177 1

8 3062 19 3197 ⁵

11 3286 16 3461 ἱ

743 163 1185 212 MIDAEENSES
1202 187 1288 196 --
1299 164 1636 212 nmmum.
2121 153 2238 213 251

196 391 317 440 daei
354 389 413 438 in
455 385 689 452 Phrygia
723 388 952 452 Epicteto
994 390 1059 438 ad
1111 389 1162 444 fl.

198 457 555 524 Sangarium,
576 457 642 506 ad
664 456 782 506 ram.
807 456 857 517 3,
878 455 930 521 8,
952 459 1005 509 3.

196 605 369 655 esset,
420 594 705 644 dormienti
742 593 984 645 formicae
1019 597 1070 644 iu
1106 611 1163 645 os

194 665 357 715 tritici
378 679 558 728 grana
579 671 943 727 congesserunt
956 701 971 726 ,
1004 665 1066 713 de
1087 664 1164 714 di·

195 736 306 785 vin.
345 733 401 795 1,
427 731 523 796 36,
549 731 635 782 78.
696 733 771 781 lb.
793 734 856 796 2,
878 732 961 796 31,
990 733 1074 785 66.
1097 761 1165 769 —

125 318 546 382 Midaeenses,
588 317 784 368 incolae
839 320 1019 384 oppidi
1068 321 1170 370 Mi-
1238 317 1445 370 Mimas
1503 333 1649 368 mons
1707 321 2060 385 superpositus
2123 321 2245 440 Erg-

1311 389 1484 438 thraeo
1523 388 1752 452 oppido,
1797 389 1983 454 fragm.
2027 404 2080 454 p.
2119 387 2184 438 34

1307 459 1372 507 ad
1395 460 1497 508 Att.
1536 457 1616 517 16,
1641 457 1723 508 13.
1748 473 1795 509 a.
1826 459 1880 510 2.

126 525 352 587 Midas,
394 541 499 574 rex
520 525 803 590 Phrygiae,
846 539 1000 587 quum
1036 543 1164 592 puer
1233 525 1312 576 M.
1353 522 1637 588 Mindius,
1694 524 1848 575 frater
1895 526 1953 576 L.
2015 527 2243 577 Mescinii

1305 595 1445 653 Rufi,
1457 594 1742 659 negotiator
1752 595 2026 660 Achaicus,
2041 595 2105 644 ad
2118 596 2240 646 fam.

1303 665 1353 724 5,
1383 664 1468 722 20,
1494 665 1544 716 2.
1600 663 1672 712 Ib.
1695 663 1778 726 13,
1805 664 1888 726 26,
1913 666 1961 714 2.
2004 692 2073 700 --
2119 665 2240 714 Eius

1302 748 1432 782 uxor
1452 732 1632 796 Oppia,
1671 733 1741 780 Ib.
1766 731 1848 794 13,
1869 732 1958 792 28,
1984 735 2036 785 2.

195 801 404 853 Fabula
445 802 518 850 de
550 799 723 850 Sileno
759 815 788 849 a
817 800 956 851 Mida
992 809 1163 866 capte,
1232 799 1480 853 Mindius
1521 799 1823 851 Marcellus
1849 837 1863 864 ,
1903 811 2071 852 sector
2113 802 2244 852 infa-

194 871 419 990 Tusggll.
456 871 522 929 1,
558 868 657 931 48,
702 869 817 921 114.
876 871 938 920 cl.
976 871 1159 936 fragm.

198 956 254 1005 p.
405 975 420 991 .

196 1077 462 1130 secundis
500 1084 708 1141 accepta
728 1078 947 1141 pecunia
963 1085 1165 1141 partum

200 1148 307 1197 sibi
330 1147 455 1212 ipsa
483 1146 871 1196 medicamentis
891 1146 1163 1212 abegisset,

200 1219 281 1266 rei
334 1215 586 1281 capitalis
626 1223 703 1265 est
749 1215 1021 1277 damnata,
1071 1231 1163 1280 pro

202 1285 449 1336 Cluentio
478 1285 537 1334 11
556 1321 569 1343 ‚
590 1281 673 1335 32.

134 1351 378 1404 Milesii.
424 1354 563 1414 Quid
580 1353 793 1403 Milesiis
827 1354 972 1404 lanae
997 1353 1166 1418 publi-

206 1439 301 1474 cae
336 1423 613 1473 abstulerit
656 1421 711 1472 Ο.
743 1425 956 1484 VerreS,
997 1424 1165 1473 dicere

204 1493 579 1558 praetermittit
591 1490 931 1552 Cicer0,Verr.
946 1500 1168 1542 accusat.

210 1562 262 1623 1,
278 1561 371 1628 34,
383 1562 474 1614 86.
492 1561 751 1612 —Decem
774 1577 931 1612 naves
944 1563 1089 1612 iussu
1105 1561 1166 1611 L.

210 1632 464 1682 Murenae
482 1630 705 1696 populus
730 1632 960 1681 Milesius
981 1645 1048 1680 ex
1077 1645 1167 1696 pe-

211 1701 369 1750 cunia
389 1700 636 1766 vectigali
654 1699 847 1765 populo
868 1702 1013 1750 Rom.
1026 1699 1165 1761 fecit,

216 1769 355 1818 sicut
375 1786 473 1835 pro
494 1784 586 1819 sua
604 1785 837 1832 quaeque
855 1777 1000 1834 parte
1013 1769 1168 1820 Asiae

216 1847 457 1888 caeterae
477 1838 705 1888 civitates
727 1875 740 1897 ‚
777 1840 849 1887 Ib.
877 1839 900 1887 1
921 1876 935 1900 ,
960 1838 1055 1898 35,
1076 1836 1162 1889 90.

215 1906 458 1958 Milesius
478 1907 661 1957 Thales
677 1946 691 1969 ,
732 1907 795 1959 de
815 1908 973 1959 divin.
998 1907 1045 1970 1,
1077 1907 1165 1966 49,

148 2042 411 2110 Miletus,
426 2047 549 2095 urbs
564 2046 753 2104 Ioniae,
774 2046 841 2096 ad
853 2046 955 2095 Att.
970 2043 1023 2111 9,
1041 2043 1093 2107 9,
1107 2045 1159 2094 2.

220 2114 285 2164 de
304 2116 424 2180 lege
444 2128 553 2180 agr.
576 2115 628 2175 2,
654 2114 733 2171 15,
755 2113 840 2165 39.

154 2180 226 2231 Τ.
251 2181 419 2234 Milo.
452 2184 519 2232 V.
539 2181 610 2233 T.
632 2180 844 2234 Annius
863 2179 1023 2233 Milo.

154 2248 331 2303 Milon
354 2250 671 2302 Crotoniates
688 2290 702 2313 ‚
725 2250 913 2302 athleta
928 2288 943 2313 ,
975 2252 1039 2302 de
1058 2250 1163 2300 fato

226 2320 307 2383 13,
323 2320 412 2372 30.
454 2322 519 2371 (16
538 2335 648 2374 sen.
671 2322 725 2382 9,
747 2322 834 2374 27.
874 2322 947 2370 Ib.
971 2320 1055 2380 10,
1071 2317 1159 2373 33.

157 2385 470 2441 Miloniana
500 2391 662 2441 oratio
702 2389 959 2441 Ciceronis
980 2426 994 2450 ,
1034 2395 1161 2440 orat.

223 2460 309 2519 49,
334 2458 452 2511 165.

160 2522 451 2579 Miltiades
472 2565 486 2589 ,
526 2528 687 2579 victor
708 2526 1028 2589 domitorque
1048 2528 1165 2576 Per-

226 2611 429 2657 sarum,
456 2598 681 2649 nondum
724 2597 915 2647 sanatis
944 2595 1165 2645 vulneri-

225 2666 323 2715 bus
356 2666 423 2715 ils
442 2702 455 2723 ,
487 2681 617 2729 quae
636 2680 850 2730 corpore
868 2664 1082 2715 adverso
1112 2665 1164 2713 in

228 2734 512 2785 clarissima
529 2735 749 2785 victoria
767 2741 1053 2799 acceperat,
1078 2733 1161 2782 vi-

226 2810 328 2853 tam
376 2819 441 2853 ex
483 2804 709 2855 hostium
744 2804 865 2853 telis
910 2810 1162 2853 servatam

226 2872 277 2921 in
296 2873 485 2922 civium
508 2872 726 2924 vinculis
744 2871 999 2937 profudit,
1035 2872 1097 2921 de
1116 2887 1157 2920 r.

230 2954 278 3003 p·
298 2940 349 3004 1,
370 2940 422 3001 3,
442 2942 497 2993 5.
518 2966 591 2979 -—
606 2939 855 2991 Miltiadis
880 2940 1160 2999 calamitas,

231 3009 317 3071 qni
340 3008 564 3059 Athenas
587 3018 816 3060 servarat
830 3046 845 3070 ‚
880 3024 973 3075 pro
992 3008 1161 3060 Sestio

225 3078 309 3139 67,
337 3078 455 3131 141.
496 3106 569 3117 ——
601 3078 846 3129 Miltiadis
888 3086 1097 3145 tropaea
1132 3092 1162 3127 e

226 3161 402 3198 somno
422 3148 736 3199 suscitabant
750 3147 1158 3207 Themistoclem,

228 3214 434 3269 Tuscul.
454 3219 507 3278 4,
536 3216 619 3275 19,
639 3218 725 3267 44.

162 3277 472 3351 Milyadum
491 3300 805 3348 commune,
838 3300 871 3334 a
898 3284 990 3335 Cn.
1010 3284 1162 3335 Dola-

228 3352 359 3403 bella
378 3363 427 3404 et
447 3352 501 3404 G.
523 3357 685 3406 Verre
703 3360 943 3404 vexatum
974 3360 1023 3403 et
1041 3368 1162 3419 spo-

228 3422 423 3484 liatum,
444 3424 598 3476 Verr.
624 3429 845 3475 accusat.
883 3424 931 3485 1,
964 3420 1049 3484 38,
1072 3420 1157 3473 95.

1302 872 1426 932 mis,
1469 869 1652 921 similis
1680 872 1736 922 P.
1773 869 1972 931 Sullae,
2008 872 2073 920 ad
2118 870 2239 924 fam.

1305 941 1387 1004 15,
1404 940 1487 1002 17,
1511 941 1562 990 2.

128 1007 369 1060 Milesia
393 1006 617 1067 mulier,
648 1007 784 1069 quod
804 1009 867 1057 ab
885 1007 1160 1057 heredibus
1232 1007 1490 1059 Minerva
1521 1008 1684 1066 dicta,
1720 1024 1851 1071 qnae
1888 1009 1966 1058 vel
2005 1012 2243 1060 minueret

1304 1077 1383 1128 vel
1407 1081 1698 1140 minaretur,
1740 1079 1800 1127 de
1818 1094 1867 1129 n.
1895 1079 1944 1128 d.
1968 1079 2018 1141 2,
2046 1078 2130 1143 26,
2155 1078 2238 1128 67.

1305 1146 1371 1196 61.
1406 1147 1478 1198 ib.
1518 1148 1579 1207 2,
1627 1147 1720 1205 24,
1770 1146 1856 1200 62.
1905 1173 1975 1184 —-
2017 1147 2243 1196 Minerva

1305 1217 1489 1282 prima,
1530 1215 1785 1280 Apollinis
1803 1224 1979 1280 mater,
2019 1216 2243 1266 secunda

1309 1294 1415 1335 orta
1461 1285 1574 1333 Nilo
1597 1323 1610 1346 ,
1647 1287 1794 1334 tertia
1825 1288 1944 1334 Iove
1982 1294 2237 1350 generata,

1305 1361 1479 1420 quarta
1530 1353 1648 1403 Iove
1699 1362 1817 1402 nata
1881 1360 1930 1403 et
1991 1351 2240 1419 Coryphe,

1310 1424 1483 1486 quinta
1501 1421 1772 1482 PallantiS,
1813 1421 1874 1470 de
1909 1436 1960 1470 n.
1985 1419 2034 1470 d.
2071 1420 2121 1481 3,
2154 1421 2238 1484 23,

1309 1491 1392 1542 59.
1434 1518 1498 1526 —
1534 1489 1575 1538 Ε
1609 1489 1836 1538 Vulcano
1871 1491 2037 1555 primo
2073 1490 2242 1538 611111-

1310 1575 1465 1610 nerva
1502 1565 1649 1608 natus
1677 1557 1861 1624 Apollo
1902 1559 1976 1619 is,
2019 1559 2164 1608 cuius
2189 1560 2243 1606 in

1309 1629 1466 1680 tutela
1509 1626 1734 1678 Athenas
1783 1629 1975 1691 antiqui
2011 1627 2244 1677 historici

1311 1713 1424 1750 esse
1445 1697 1736 1760 voluerunt,
1786 1697 1849 1747 de
1885 1712 1935 1748 n.
1978 1698 2028 1750 d.
2067 1696 2118 1758 3,
2153 1698 2239 1761 22,

1307 1768 1393 1819 55.
1427 1768 1502 1820 Ib.
1537 1765 1588 1826 3,
1609 1765 1694 1831 23,
1723 1765 1810 1816 59.
1851 1793 1921 1804 -
1959 1765 2258 1817 Minervam·

1304 1838 1587 1901 principem
1638 1844 1688 1885 et
1736 1836 2066 1886 inventricem
2125 1835 2243 1885 belli

1306 1907 1534 1972 Iuppiter
1567 1906 1822 1956 secundus
1847 1907 2087 1973 genuisse
2114 1905 2239 1955 ‹lici-

1285 1985 1402 2034 ‘tur,
1423 1977 1488 2025 de
1506 1990 1557 2024 n.
1581 1974 1632 2024 d.
1656 1974 1710 2039 3,
1730 1974 1916 2037 21,53.
1931 2004 1994 2013 -—
2016 1976 2244 2023 Minerva

1305 2046 1504 2095 caesios
1528 2042 1682 2093 habet
1718 2044 1892 2093 oculos
1917 2081 1930 2103 ‚
1964 2045 2039 2093 Ib.
2065 2044 2113 2103 1,
2152 2042 2240 2104 30,

1302 2114 1388 2166 83.
1407 2140 1474 2150 —-
1495 2112 1730 2175 Galeam,
1755 2113 1830 2163 Ib.
1856 2114 1903 2178 1,
1925 2112 2010 2173 36,
2036 2112 2150 2163 100.
2173 2138 2244 2151 -—-

1304 2189 1322 2216 Ψ
1339 2183 1562 2233 Minerva
1585 2182 1695 2232 sine
1714 2182 1911 2233 medico
1938 2183 2240 2231 medicinam

1303 2253 1440 2316 dat’,
1462 2252 1526 2301 de
1552 2252 1708 2302 divin.
1727 2252 1779 2311 2,
1797 2250 1884 2312 59,
1907 2251 2022 2301 123.
2045 2278 2116 2287 -
2147 2251 2244 2299 Mi-

1306 2336 1462 2371 nerva
1492 2320 1699 2370 Homeri
1729 2319 1967 2369 simulata
2005 2318 2239 2378 Mentori,

1305 2391 1370 2440 ad
1387 2390 1492 2439 Att.
1511 2391 1564 2452 9,
1585 2389 1638 2445 8,
1659 2389 1709 2437 2.
1735 2416 1803 2424 -
1821 2387 2077 2437 Minervae
2101 2394 2241 2437 ortus

1305 2474 1334 2508 a
1364 2456 1591 2523 Diogene
1620 2456 1905 2521 Babylonio
1929 2455 1994 2503 ad
2032 2454 2240 2521 physio·

1303 2527 1494 2593 logiam
1532 2525 1794 2575 traductus
1833 2524 2188 2586 diiunctusque
2211 2539 2242 2572 a

1306 2594 1511 2658 fabula,
1558 2594 1621 2643 de
1662 2608 1716 2643 n.
1745 2592 1879 2653 (1.1,
1911 2592 2002 2656 15,
2039 2593 2126 2646 41.
2173 2620 2241 2629 --

1307 2663 1704 2727 Quinquatribus
1743 2660 1882 2715 XIV.
1915 2660 2028 2714 Kal.
2070 2662 2236 2727 April.

1305 2750 1353 2786 a.
1377 2749 1430 2781 u.
1453 2749 1496 2782 c.
1517 2732 1638 2783 711.
1689 2739 1894 2781 senatus
1921 2730 2162 2794 decrevit,
2187 2742 2243 2781 ut

1301 2803 1529 2853 Minerva
1558 2800 1842 2861 Ciceronis,
1880 2810 2048 2852 custos
2076 2801 2236 2863 urbiS,

1304 2888 1456 2935 quam
1474 2871 1622 2921 turbo
1646 2871 1924 2931 deiecerat,
1949 2873 2240 2921 restituere-

1302 2949 1416 3003 tur,
1449 2939 1518 2991 ad
1538 2940 1659 2992 fam.
1684 2940 1766 2997 12,
1789 2939 1875 2999 25,
1900 2940 1947 2988 1.
1971 2966 2038 2975 ——
2056 2938 2238 2989 Miner·

1300 3025 1416 3061 vam
1458 3009 1720 3061 custodem
1754 3008 1896 3056 urbis
1940 3006 2126 3057 violari
2177 3009 2239 3055 ab

1303 3078 1476 3143 impiis
1532 3092 1718 3145 passus
1770 3088 1871 3124 non
1917 3084 1993 3125 est
2045 3074 2238 3131 Cicero,

1301 3163 1516 3210 eamque
1561 3162 1627 3195 ex
1661 3158 1754 3194 sua
1793 3143 1942 3193 domo
1981 3145 2036 3192 in
2073 3144 2238 3208 ipsius

1300 3216 1462 3281 patris
1485 3215 1691 3264 domum
1731 3211 1929 3271 detulit,
1971 3212 2035 3262 de
2058 3211 2161 3277 leg.
2185 3214 2235 3272 2,

1305 3284 1387 3343 17,
1406 3283 1492 3332 42.
1516 3309 1582 3318 -
1612 3282 1836 3331 Minerva
1853 3316 1867 3342 ,
1888 3288 2061 3331 custos
2077 3281 2238 3343 urbis,

1303 3352 1366 3402 de
1405 3352 1554 3401 domo
1585 3364 1676 3399 sua
1708 3348 1806 3407 57,
1847 3348 1964 3399 144.
2014 3374 2077 3384 —-
2114 3350 2239 3399 Eius

1252 3466 1260 3472 .
1303 3422 1505 3485 signum
1545 3434 1610 3468 ex
1655 3419 1806 3467 ebore
1840 3417 2237 3482 pulcherrimum
