2500 3850
859 193 1035 240 SYRO
1059 213 1145 226 —·
1167 152 1565 244 TARENTUM.

155 347 308 416 Syro
344 348 634 414 Epicurius,
670 347 928 398 Ciceronis
953 352 1170 408 amicust,

230 419 298 466 ad
325 416 452 466 fam.
481 417 534 478 6,
575 417 660 480 11,
701 417 751 470 2.
792 418 856 467 de
884 417 971 467 flu.
996 419 1046 484 2,
1083 418 1167 484 35,

153 485 674 622 Sylrffipatrimonii,
701 555 1000 606 translatum
1020 557 1168 606 vitio-

227 639 359 687 sum,
393 625 457 674 de
476 631 603 674 orat.
626 624 680 684 3,
700 624 786 684 41,
810 624 927 678 163.

153 690 338 760 Syrus
357 701 623 754 mercator,
655 701 781 748 orat.
804 693 888 754 70,
909 691 1030 744 232.

153 759 358 829 Syrus,
394 777 572 812 servus
610 763 858 812 litteratus
891 763 1062 823 Attici,
1102 764 1169 813 ad

230 834 332 883 Att.
357 830 440 891 12,
461 831 546 890 22,
566 833 615 880 2.
648 831 722 885 Ib.
744 830 828 892 15,
851 831 936 894 17,
959 831 1009 881 1.

155 1016 508 1086 Tabellariae
538 1037 679 1102 leges
708 1044 970 1100 quattuor,
1011 1035 1164 1087 Gabi-

226 1105 331 1169 nia,
373 1099 568 1167 Cassia,
607 1106 828 1172 Papiria,
868 1105 1064 1166 Caelia,
1102 1107 1165 1156 de

225 1173 328 1240 leg.
351 1173 402 1233 3,
424 1175 510 1235 16,
530 1173 596 1224 35
616 1189 726 1238 sqq.

156 1239 418 1293 Tabulae
437 1241 752 1298 duodecim.
791 1246 844 1294 ln
864 1245 928 1294 iis
947 1245 1167 1307 antiqui-

227 1313 344 1360 tatis
363 1311 585 1376 effigies,
617 1313 682 1361 de
701 1321 827 1366 orat.
853 1313 901 1377 1,
933 1311 1021 1372 43,
1044 1312 1162 1364 193.

223 1407 296 1416 --
314 1379 658 1429 Bibliotheeas
688 1383 909 1429 omnium
941 1380 1169 1446 philoso-

226 1447 445 1512 phorum
464 1462 596 1497 unus
621 1449 818 1498 videtur
836 1447 950 1498 XIl.
971 1449 1170 1499 tabula-

225 1513 341 1564 'rum
377 1515 579 1565 libellus
616 1524 666 1566 et
696 1519 1013 1567 auctoritatis
1043 1533 1170 1582 pon-

227 1586 345 1634 dere
366 1593 414 1634 et
425 1585 654 1634 utilitatis
665 1586 893 1636 ubertate
906 1601 1167 1653 superare,

225 1654 299 1703 lb.
333 1652 381 1714 1,
416 1654 502 1714 44,
549 1653 666 1704 195.
692 1681 754 1690 -
787 1655 1073 1707 Duodecim
1091 1663 1169 1705 ta-

225 1722 378 1772 bulae
413 1723 478 1772 ab
515 1724 653 1772 omni
685 1724 871 1774 iudicio
904 1739 1168 1790 poenaque

225 1792 494 1856 provocari
520 1791 674 1842 licere
693 1793 919 1842 indicant
938 1793 1170 1858 complu-

226 1861 367 1910 ribus
393 1860 614 1927 legibuS,
653 1862 717 1910 de
740 1877 781 1914 r.
802 1877 856 1927 p.
879 1863 931 1928 2,
960 1861 1046 1922 31,
1081 1861 1165 1912 54.

222 1956 294 1965 -·
336 1930 562 1980 Tabulae
603 1932 873 1981 duodecim
914 1932 1170 1982 declarant

225 2000 375 2050 condi
406 2000 510 2049 iam
541 2006 648 2049 tum
679 2000 883 2050 solitum
914 2016 1027 2051 esse
1055 2015 1169 2049 ear-

223 2084 356 2132 men,
386 2070 526 2131 quod
553 2083 617 2119 ne
646 2068 818 2119 liceret
834 2070 944 2119 fleri
961 2070 1028 2119 ad
1047 2070 1169 2119 alte·

222 2138 332 2187 rius
385 2138 650 2197 iniuriam,
709 2138 822 2203 lege
874 2146 1167 2196 sanxerunt,

224 2206 432 2256 Tuscul.
451 2208 504 2269 4,
531 2208 584 2265 2,
614 2208 666 2259 4.
690 2233 760 2242 -
787 2206 1067 2257 Duodecim
1085 2215 1166 2256 ta-

225 2274 374 2325 bulae
405 2276 766 2339 usucapionem
792 2276 924 2325 intra
942 2277 1168 2338 quinque

224 2344 386 2408 pedes
417 2358 530 2393 esse
557 2343 844 2404 noluerunt,
883 2345 946 2394 de
974 2344 1077 2409 leg.
1117 2343 1165 2405 1,

222 2412 309 2474 21,
349 2412 434 2463 55.
465 2438 536 2446 --
563 2409 626 2461 Si
655 2408 712 2460 in
743 2408 833 2462 ius
863 2416 1048 2477 vocat,
1085 2414 1162 2465 Ib.

223 2482 276 2542 2,
299 2483 354 2544 4,
372 2480 424 2532 9.
446 2506 519 2515 --
535 2479 676 2539 Quae
695 2482 747 2528 in
766 2480 880 2530 ΧΠ.
903 2482 1168 2531 minuendi

223 2557 342 2599 sunt
403 2555 636 2613 sumptus
692 2549 1168 2613 lamentationisque

223 2618 437 2678 funeris,
473 2617 717 2668 translata
749 2620 812 2668 de
835 2616 1038 2668 Solonis
1058 2618 1166 2669 fere

223 2687 426 2751 legibus
445 2695 563 2736 sunt
581 2688 635 2736 in
654 2687 923 2738 duodecim
942 2688 1163 2752 tabulas,

221 2757 297 2806 lb.
321 2759 372 2816 2,
404 2755 489 2814 23,
522 2755 609 2810 59.
650 2754 753 2806 cfr.
779 2758 849 2807 lb.
873 2758 924 2816 2,
956 2756 1041 2821 25,
1075 2757 1162 2810 64.

221 2851 291 2860 -
309 2821 616 2875 Hominem
637 2828 922 2875 mortuum
946 2822 1004 2875 in
1024 2824 1164 2876 urbo

221 2908 292 2943 ne
311 2890 549 2959 sepelito
569 2908 708 2943 neve
725 2891 895 2955 urito,
915 2896 989 2947 Ib.
1006 2896 1056 2955 2,
1079 2894 1162 2954 23,

221 2962 307 3015 58.
332 2990 402 2998 -
421 2958 482 3012 Si
501 2958 755 3013 furiosus
778 2960 938 3026 escit,
957 2964 1162 3016 Tuscul.

222 3030 272 3092 3,
310 3032 360 3092 5,
384 3029 488 3081 ·11.
525 3030 812 3097 fragmenta
849 3046 1020 3083 earum
1043 3068 1058 3094 ,
1099 3034 1164 3083 de

221 3110 343 3151 orat.
365 3098 418 3161 3,
439 3098 527 3165 39,
545 3099 663 3151 158.
692 3102 755 3153 de
772 3101 871 3167 leg.
896 3104 947 3163 2,
967 3101 1054 3161 23,
1074 3102 1161 3155 59.

221 3178 270 3218 et
297 3170 381 3227 24,
417 3168 502 3220 60.
543 3171 606 3219 de
641 3170 728 3221 off.
764 3171 812 3230 1,
854 3172 936 3232 12,
976 3171 1062 3223 37.
1102 3170 1165 3220 de

222 3254 263 3287 r.
287 3254 341 3303 p.
363 3239 415 3301 4,
435 3237 486 3295 8,
507 3237 557 3288 8.
590 3240 664 3291 Ib.
685 3242 738 3301 4,
762 3238 846 3299 10,
870 3240 952 3293 12.
978 3242 1042 3291 de
1060 3238 1162 3305 leg.

224 3305 276 3370 3,
311 3307 392 3364 19,
425 3306 510 3358 43.
553 3322 647 3371 pro
677 3308 846 3358 Tullio
879 3310 930 3372 S.
959 3312 1029 3360 47
1051 3322 1163 3371 sqq.

224 3390 319 3439 pro
340 3376 524 3424 Milone
542 3375 594 3438 3,
616 3373 668 3428 9.

157 3441 416 3498 Tabulae
445 3445 724 3507 censoriae,
763 3453 890 3499 orat.
917 3444 1003 3506 46,
1043 3444 1162 3497 156.

2128 188 2256 252 383

1243 346 1481 413 Tadius,
1506 351 1572 400 ad
1592 352 1698 400 Att.
1723 352 1771 417 1,
1790 352 1843 414 5,
1864 353 1915 407 6.
1956 355 2028 405 lb.
2056 355 2105 420 1,
2127 358 2179 418 8,
2203 358 2250 408 1.

1240 433 1305 486 Ρ.
1329 433 1566 500 Tadius,
1586 439 1918 504 argentarius,
1937 441 2085 490 Verr.
2099 455 2254 492 accu-

1310 513 1406 558 sat.
1446 505 1505 564 1,
1540 505 1641 566 39,
1680 505 1797 560 100.
1834 533 1905 543 --
1939 510 1999 564 Ρ.
2038 510 2251 570 TadiuS,

1310 575 1485 702 {egge
1505 575 1723 694 lggatus,
1752 577 1826 626 lb.
1849 577 1900 636 2,
1933 576 2019 638 20,
2048 577 2135 629 49.
2175 580 2249 631 lb.

1197 693 1200 696 ’
1241 711 1316 778 Q.
1338 709 1575 776 Tadius,
1610 721 1819 777 propter
1846 723 1983 764 sarta
2003 722 2137 766 tecta
2156 733 2252 782 pe-

1312 781 1514 831 cuniam
1534 781 1676 832 dedit
1690 781 1746 832 C.
1769 784 1908 834 Verri
1925 786 2146 849 praetori
2164 801 2255 834 ur-

1307 853 1441 900 bano
1466 867 1515 900 a.
1534 865 1587 898 u.
1611 866 1657 903 c.
1679 849 1819 912 680„
1850 853 1996 904 vert.
2028 861 2249 904 accusat.

1308 919 1357 978 1,
1380 917 1468 980 49,
1491 918 1607 971 128.
1622 945 1690 988 ἡ
1704 920 1761 980 Q.
1784 917 1991 986 Tadius,
2014 923 2111 972 etsl
2129 938 2253 988 pro-

1304 989 1530 1052 pinquus
1555 988 1751 1050 Verris,
1771 991 1915 1041 testis
1928 999 2100 1042 contra
2115 1007 2251 1051 eum,

1307 1057 1381 1110 lb.
1407 1058 1459 1122 4,
1499 1055 1583 1120 13,
1614 1057 1699 1108 31.

1237 1123 1451 1194 Tages,
1494 1132 1669 1176 auctor
1701 1126 2063 1193 haruspicinae
2094 1131 2253 1182 disci-

1308 1195 1499 1260 plinae,
1521 1196 1587 1246 de
1605 1196 1765 1245 divin.
1788 1199 1839 1260 2,
1860 1198 1945 1264 23,
1965 1198 2053 1252 50.

1241 1278 1448 1330 Talna.
1498 1281 1563 1329 V.
1585 1281 1638 1328 in
1662 1279 1937 1333 Iuventiis
1956 1280 2177 1337 Talnis.

1242 1345 1612 1411 Tamelastis,
1635 1347 1819 1414 fragm.
1846 1365 1899 1414 p.
1920 1349 2042 1405 343.

1242 1413 1554 1469 Tamisiun.
1586 1417 1653 1468 V.
1674 1416 1921 1468 Mustela
1940 1415 2254 1470 Tamisius.

1241 1482 1542 1551 Tanagra,
1596 1488 1844 1550 oppidum
1880 1487 2149 1548 Boeotiae,
2189 1489 2253 1539 de

1312 1554 1463 1603 domo
1483 1568 1597 1614 sua,
1624 1553 1713 1614 43,
1748 1555 1864 1606 111.

1242 1619 1599 1672 Tantalidae.
1650 1623 1837 1676 Eorum
1870 1627 2154 1686 internicio,
2190 1627 2260 1676 dc·

1311 1705 1362 1744 n.
1389 1692 1441 1741 d.
1464 1690 1516 1750 3,
1546 1689 1631 1752 38,
1663 1691 1749 1744 90.

1241 1758 1540 1823 Tantalus,
1568 1775 1694 1812 avus
1724 1761 1995 1828 Thyestae.
2043 1764 2258 1814 Tantalo

1310 1837 1588 1895 prognatus
1602 1831 1712 1879 sive
1725 1845 1884 1896 nepos
1898 1840 1973 1882 est
1982 1831 2247 1899 Thyestes,

1311 1899 1514 1950 Tuscul.
1554 1898 1612 1961 3,
1657 1899 1746 1965 12,
1789 1899 1873 1951 26.
1909 1930 1974 1937 -
2016 1901 2089 1951 De
2125 1917 2254 1952 saxo·

1312 1969 1523 2018 Tantalo
1546 1970 1687 2034 apud
1706 1970 1898 2020 inferos
1920 1972 2252 2037 impendenti,

1310 2039 1382 2087 lb.
1404 2039 1457 2099 4,
1492 2037 1576 2100 16,
1610 2037 1695 2090 35.
1717 2066 1790 2077 -
1810 2038 1966 2103 Mors,
1998 2042 2144 2103 quasi
2164 2056 2255 2090 sa-

1307 2121 1432 2156 xum
1472 2107 1683 2156 Tantalo
1728 2122 1931 2174 semper
1971 2110 2250 2175 impendet,

1309 2176 1373 2225 de
1408 2175 1498 2228 fin.
1539 2177 1595 2236 1,
1635 2174 1727 2241 18,
1768 2175 1852 2231 60.
1888 2204 1959 2215 -
2004 2176 2253 2229 Tantalus

1308 2252 1475 2295 mento
1501 2260 1751 2296 summam
1776 2260 1960 2309 aquam
1980 2250 2253 2313 attingens,

1307 2314 1511 2367 Tuscul.
1534 2314 1583 2375 1,
1608 2316 1659 2379 5,
1682 2314 1766 2366 10.
1789 2315 1854 2365 de
1872 2315 1957 2365 off.
1978 2316 2030 2378 3,
2050 2317 2137 2377 21,
2158 2318 2248 2370 84.

1240 2395 1498 2450 Tanusii.
1538 2398 1837 2449 Titiniorum
1856 2414 1917 2449 ac
1936 2400 2252 2451 Nanniorum

1309 2482 1369 2516 ac
1405 2466 1747 2517 Tanusiorum
1784 2469 1952 2533 capita
1990 2468 2122 2520 Galli
2158 2470 2254 2519 de-

1306 2535 1582 2595 metebant,
1611 2538 1795 2599 quibus
1817 2536 1960 2587 Sulla
1981 2536 2251 2589 Catilinam

1308 2602 1637 2722 pragfecerat,
1676 2604 1735 2664 Q.
1762 2604 1865 2660 Cic.
1892 2606 1957 2656 de
1974 2614 2079 2672 pet.
2107 2622 2251 2657 cons.

1307 2675 1363 2735 2,
1437 2708 1451 2721 .
1727 2722 1741 2726 ,

1236 2738 1733 2808 Tarcondimotus,
1756 2743 1965 2811 regulus
1983 2744 2144 2810 partis
2166 2743 2256 2794 Gi»

1304 2810 1483 2875 liciae,
1530 2812 1702 2863 socius
1742 2812 1920 2879 populi
1958 2814 2135 2873 Rom„
2183 2813 2252 2863 ad

1307 2880 1427 2933 sam.
1456 2880 1537 2941 15,
1563 2881 1611 2943 1,
1634 2884 1687 2934 2.

1237 2948 1553 3013 Tarentini,
1594 2951 1792 3000 incolae
1829 2952 2053 3011 Tarenti,
2096 2951 2245 3004 Verr.

1308 3027 1529 3069 accusat.
1554 3021 1605 3079 4,
1636 3016 1724 3079 60,
1758 3018 1873 3070 135.
1915 3019 1978 3068 de
1996 3020 2079 3067 fin.
2107 3017 2155 3079 1,
2195 3018 2247 3083 3,

1306 3084 1355 3138 7.
1387 3104 1479 3153 pro
1503 3088 1693 3137 Archia
1710 3087 1761 3151 3,
1787 3087 1837 3136 5.
1871 3088 1935 3137 ad
1956 3088 2059 3135 Att.
2081 3088 2133 3148 5,
2161 3086 2245 3139 19.

1236 3168 1570 3232 Tarentum,
1599 3169 1721 3218 urbs
1749 3166 2007 3219 Calabriae
2028 3169 2249 3219 celeber-

1304 3239 1455 3297 rima,
1477 3237 1585 3288 Cat.
1606 3239 1658 3301 4,
1682 3237 1763 3287 11.
1798 3237 1870 3291 Ib.
1896 3238 1973 3289 12.
1998 3237 2135 3289 Brut.
2164 3236 2247 3299 18,

1307 3308 1392 3359 72.
1423 3307 1486 3356 de
1506 3315 1633 3361 orat.
1656 3308 1707 3366 2,
1726 3306 1811 3359 67.
1836 3320 1928 3371 pro
1948 3306 2176 3356 Cluentio
2193 3306 2245 3366 9,

1308 3374 1409 3429 27.“
1435 3377 1501 3425 ad
1522 3375 1642 3425 fam.
1666 3376 1717 3437 7,
1752 3376 1833 3435 12,
1863 3380 1913 3427 4.
1956 3377 2034 3426 lb.
2056 3375 2138 3440 11,
2161 3374 2251 3436 27,

1304 3445 1358 3498 4.
1396 3445 1461 3495 ad
1482 3446 1585 3494 Att.
1608 3443 1658 3510 9,
1684 3444 1765 3505 15,
1790 3445 1836 3497 l.
