2500 3850
887 196 1062 246 ERos
1092 218 1176 228 -—
1198 198 1524 246 ETRURIA.
2131 189 2251 250 143

148 353 293 404 Eros
309 387 325 415 ,
364 350 528 402 Attici
570 352 921 417 dispensator,
962 353 1030 402 ad
1065 354 1170 405 Att.

221 420 319 480 13,
353 418 450 483 30,
480 421 533 470 2.
574 421 649 474 lb.
674 421 762 485 15,
789 421 878 486 15,
903 421 953 474 3.
988 421 1062 474 Ib.
1086 421 1169 481 15,

150 490 616 621 Erffl'sshilotimi
634 573 839 618 servus,
865 558 933 608 ad
954 558 1060 611 Att.
1087 557 1169 622 10,

154 626 566 758 Erffiffhrius,
598 694 658 752 Q.
684 695 823 744 Tura
847 695 1074 760 libertus,
1102 697 1168 744 ad

224 765 348 814 fam.
374 764 458 825 12,
484 763 571 824 26,
595 766 647 814 2.

161 831 223 883 C.
246 829 516 890 Erucius,
548 831 668 880 Sex.
694 831 867 882 Roscii
886 841 1166 897 accusator,

224 915 321 966 pro
342 900 464 949 Sex.
477 901 631 956 Rosc.
648 901 731 962 13,
751 900 837 954 35.
853 927 917 936 —
933 902 1164 965 Erucius,

224 973 585 1032 Antoniaster,
617 971 652 1021 i.
688 985 733 1019 e.
754 985 945 1034 pravus
975 971 1042 1023 M.
1064 973 1167 1019 An-

223 1038 355 1090 tonii
401 1041 615 1089 oratoris
665 1040 887 1088 imitator
906 1073 923 1102 ,
975 1041 1162 1090 Varen.

224 1107 413 1172 fragm.
435 1107 487 1158 8.
507 1122 561 1171 p.
585 1108 702 1158 244.

154 1191 376 1260 Erycus
390 1229 405 1256 ,
425 1207 573 1242 mons
594 1192 801 1242 Siciliae
814 1228 829 1255 ,
859 1195 1013 1245 etiam
1032 1195 1166 1258 Eryx

226 1263 425 1322 dictus,
457 1262 605 1311 Verr.
640 1271 859 1315 accusat.
892 1264 955 1323 2,
986 1264 1052 1328 8,
1075 1265 1161 1319 22.

224 1331 301 1382 Ib.
326 1330 379 1392 2,
396 1331 483 1389 47,
512 1330 633 1380 115.

154 1410 562 1478 Erymanthius
584 1427 735 1493 aper,
757 1415 818 1463 ab
836 1415 1162 1480 Erymantho,

220 1482 1165 1602 1¹t⁰¹20s⁰³trf¹sfffi3123&-

221 1585 440 1683 V'erre’S,
468 1585 856 1672 V'err.⁸accusat.
887 1567 1053 1686 433,
1073 1619 1161 1670 95.

150 1701 464 1771 Erythrae,
497 1705 745 1768 oppidum
776 1706 982 1768 Ioniae,
1016 1707 1160 1756 Verr.

224 1780 441 1822 accusat.
465 1773 513 1829 1,
545 1774 625 1834 19,
646 1772 732 1824 49.

152 1859 533 1927 Erythraeum
553 1861 821 1926 oppidum,
846 1862 950 1912 Cic.
973 1860 1156 1928 fragm.

153 1996 445 2063 Esquiliae
464 2025 492 2061 ,·
520 2014 695 2063 mons,
739 2002 789 2049 in
828 2016 925 2063 quo
969 2001 1159 2051 Romae

218 2084 340 2132 pars
359 2070 544 2133 posita.
584 2070 639 2129 ln
661 2070 723 2118 iis
750 2084 839 2119 ara
862 2069 1023 2119 Malae
1042 2070 1159 2119 For-

216 2146 398 2196 tunae,
428 2137 491 2187 de
511 2137 615 2201 leg.
635 2139 688 2199 2,
712 2138 804 2200 11,
830 2138 917 2189 28.
942 2166 1007 2175 -
1032 2140 1158 2189 item

220 2206 283 2255 de
303 2221 351 2257 n.
373 2206 427 2255 d.
451 2205 501 2265 3,
525 2205 611 2269 25,
637 2206 723 2257 63.

152 2271 449 2340 Esquilina
474 2281 649 2339 porta,
682 2276 733 2323 in
750 2275 923 2328 Pison.
944 2273 1043 2336 23,
1069 2276 1153 2326 55.

152 2409 477 2478 Esquilinus
498 2426 659 2462 mons.
700 2413 835 2461 Inter
857 2428 971 2463 eum
992 2413 1156 2472 Quiri-

218 2481 488 2543 nalemque
527 2482 776 2531 maximus
824 2496 983 2547 agger
1017 2482 1157 2531 obie-

218 2559 329 2600 ctus
347 2565 379 2600 a
400 2550 579 2600 Servio
598 2548 781 2615 Tullio,
801 2549 865 2601 de
886 2566 926 2601 r.
951 2567 1002 2616 p.
1029 2552 1079 2611 2,
1102 2550 1155 2614 6,

152 2686 481 2753 Esquilinus
501 2704 740 2753 campus,
769 2688 993 2753 Philipp.
1020 2686 1079 2749 9,
1103 2689 1153 2750 7,

150 2824 448 2890 Eteocles,
494 2824 679 2891 Oedipi
714 2828 853 2890 regis
890 2826 1157 2876 Thebano-

206 2909 331 2944 -rum
367 2894 529 2959 filius,
567 2895 823 2961 Polynicis
869 2894 1052 2958 frater,
1092 2896 1157 2945 de

220 2964 307 3016 off.
332 2962 383 3023 3,
411 2964 497 3027 21,
521 2964 607 3016 82.

148 3028 383 3082 Etesiae
414 3034 570 3082 venti.
629 3034 817 3084 Eorum
850 3034 972 3083 flatu
1014 3034 1155 3083 nimii

217 3108 565 3164 temperantur
605 3102 797 3154 calores
816 3140 831 3165 ,
871 3102 933 3153 ab
972 3102 1154 3153 iisdem

224 3170 375 3219 etiam
404 3170 648 3219 maritimi
683 3186 859 3221 cursus
892 3171 1082 3222 celeres
1106 3180 1155 3220 et

222 3238 346 3286 certi
375 3238 691 3303 diriguntur,
722 3241 787 3289 de
818 3254 870 3289 n.
901 3241 953 3291 d.
974 3242 1037 3301 2,
1068 3240 1154 3300 53,

224 3304 343 3360 131.
366 3308 653 3357 —Etesiae
687 3311 833 3371 quasi
865 3309 983 3358 boni
1016 3311 1155 3358 cives

222 3389 305 3424 me
335 3375 701 3438 relinquentem
732 3393 839 3427 rem
868 3378 1010 3442 publ.
1038 3393 1157 3443 pro·

223 3444 369 3507 sequi
389 3444 683 3509 noluerunt,
713 3448 779 3497 ad
796 3446 921 3496 fam.
944 3447 1009 3497 12
1024 3464 1041 3507 ,·
1068 3447 1153 3506 25,

1313 354 1452 472 2135?—
1471 359 1597 402 orat.
1629 353 1728 413 45,
1767 355 1884 408 152.
1917 381 1990 393 --
2019 355 2162 406 Arat.
2195 371 2246 406 v.

1239 486 1471 538 Etruria
1491 487 1792 540 etEtruaci.
1813 491 1854 540 E
1875 493 2102 542 barbaris
2121 494 2246 546 nulli

1311 565 1451 606 erant
1467 566 1618 606 antea
1635 559 1874 608 maritimi
1893 569 2092 624 praeter
2103 562 2247 612 Etru-

1311 640 1426 676 scos
1461 633 1510 676 et
1538 625 1762 686 PoenoS,
1803 627 1866 678 de
1894 645 1937 678 r.
1961 645 2014 694 p.
2037 632 2095 689 2,
2119 632 2170 688 4,
2192 631 2244 682 9.

1307 694 1504 744 Etrusci
1524 695 1824 759 praedoneS,
1845 696 2030 762 fragm.
2051 713 2104 763 p.
2123 698 2242 752 288.

1310 790 1376 799 -
1405 763 1481 812 Ex
1499 763 1701 813 Etruria
1731 766 1895 814 omnis
1918 765 2246 830 haruspicum

1309 832 1582 896 disciplina
1611 832 1870 893 adhibita,
1904 835 1968 884 de
2001 835 2157 887 divin.
2194 837 2243 899 1,

1309 901 1371 964 2,
1403 899 1452 950 3.
1477 927 1543 938 —-·
1571 900 1769 954 Etrusci
1801 910 2033 954 extorum
2068 906 2245 970 cogni-

1305 969 1430 1018 tioni
1459 984 1515 1020 se
1545 972 1770 1020 maxime
1807 972 2131 1037 dediderunt,
2169 975 2242 1024 Ib.

1309 1037 1369 1100 1,
1406 1039 1502 1099 42,
1539 1037 1625 1090 93.
1662 1065 1733 1076 -
1773 1040 1974 1090 Etruria
2009 1043 2073 1091 de
2103 1044 2241 1091 caclo

1303 1114 1438 1154 tacta
1490 1109 1830 1159 scientissime
1885 1111 2243 1161 animadvertit

1307 1175 1585 1238 eademque
1610 1178 1967 1243 interpretatur
1987 1181 2110 1244 quid
2129 1183 2244 1243 qui-

1307 1244 1501 1306 busque
1521 1247 1812 1296 ostendatur
1832 1251 2069 1298 monstris
2089 1257 2243 1311 atque

1303 1315 1566 1376 portentis.
1620 1315 1862 1374 Quocirca
1901 1325 2104 1366 senatus
2138 1318 2240 1366 Ro-

1304 1396 1484 1430 manus
1503 1382 1754 1441 decrevit,
1779 1390 1832 1432 ut
1861 1385 1922 1432 de
1951 1386 2239 1449 principum

1305 1450 1426 1499 filiis
1446 1463 1538 1498 sex
1556 1451 1773 1515 singulis
1790 1451 2019 1501 Etruriae
2032 1453 2244 1516 populis

1304 1521 1357 1567 in
1377 1519 1698 1582 disciplinam
1717 1520 2058 1578 traderentur,
2090 1521 2162 1570 Ib.
2194 1523 2240 1584 1,

1303 1586 1400 1649 41,
1424 1587 1509 1637 92.
1550 1587 1610 1636 cl.
1642 1587 1706 1635 de
1741 1588 1842 1652 leg.
1877 1590 1939 1642 2.
1972 1589 2031 1648 9,
2066 1590 2149 1639 21.
2174 1615 2240 1624 -

1303 1655 1673 1720 Haruspicina,
1711 1665 1856 1705 vetus
1895 1658 1980 1706 illa
2013 1658 2074 1708 ab
2110 1660 2240 1721 ipsis

1303 1725 1382 1775 dis
1432 1725 1797 1774 immortalibus
1849 1725 2077 1776 Etruriae
2123 1729 2241 1777 data

1304 1793 1600 1858 disciplina,
1640 1794 1702 1844 de
1734 1793 1943 1860 harusp.
1973 1811 2109 1862 resp.
2153 1797 2237 1856 10,

1302 1863 1386 1912 20.
1415 1887 1484 1899 -
1507 1863 1584 1912 Ex
1605 1863 1808 1913 Etruria
1827 1865 2126 1931 haruspices
2161 1881 2240 1914 ar·

1303 1933 1503 1996 cessiti‚
1525 1933 1588 1981 de
1610 1934 1769 1982 divin.
1793 1935 1842 1994 2,
1861 1935 1922 1995 4,
1945 1935 2028 1985 11.
2049 1962 2121 1973 -—
2141 1936 2238 1984 Eo-

1301 2018 1412 2050 rum
1436 2004 1652 2065 auguria
1673 2018 1736 2051 ex
1757 2004 1889 2053 extis
1905 2040 1922 2064 ,
1951 2004 2028 2053 Ib.
2065 2005 2090 2054 1
2109 2039 2124 2065 ,
2149 2004 2236 2065 18,

1298 2068 1384 2120 35.
1406 2096 1474 2106 ——
1495 2070 1720 2133 Etruria,
1743 2071 1950 2130 adfam.
1974 2071 2056 2136 ll,
2082 2070 2162 2132 10,
2182 2073 2234 2125 4.

1299 2166 1370 2177 —·-
1393 2138 1652 2189 Etruscam
1685 2139 2004 2204 disciplinam
2026 2143 2085 2190 A.
2113 2140 2237 2191 Cae-

1301 2209 1416 2257 cina
1445 2223 1474 2257 a
1495 2214 1640 2273 patre
1671 2217 1960 2273 acceperat,
2001 2211 2073 2259 Ib.
2097 2210 2158 2271 6,
2180 2209 2232 2271 6,

1298 2276 1350 2327 3.
1369 2302 1432 2313 -
1444 2277 1642 2327 Etrusci
1663 2276 1859 2327 caelum
1878 2280 1931 2327 in
1951 2280 2091 2331 XVI.
2116 2293 2238 2343 par-

1297 2354 1374 2395 tes
1395 2346 1692 2409 diviserunt,
1717 2346 1779 2395 de
1799 2347 1956 2395 divin.
1977 2348 2026 2406 2,
2050 2344 2132 2405 18,
2147 2348 2232 2398 42.

1295 2439 1364 2453 -·
1386 2413 1600 2462 Romani
1620 2420 1962 2477 portentorum
1993 2413 2236 2477 explana-

1296 2485 1462 2535 tiones
1475 2482 1802 2531 Etruscorum
1822 2482 2093 2544 disciplina
2115 2494 2235 2530 con-

1297 2552 1448 2600 tineri
1467 2557 1733 2614 putarunt,
1765 2550 1829 2599 de
1861 2549 2072 2613 harusp.
2096 2565 2231 2614 resp.

1297 2620 1348 2679 9,
1374 2619 1456 2671 18.
1479 2644 1548 2656 -—
1567 2618 1649 2669 Ad
1673 2616 1912 2669 Etruscos
1936 2618 2236 2682 haruspices

1296 2688 1564 2753 prodigia,
1620 2694 1880 2754 portenta,
1930 2690 1978 2739 si
2027 2696 2234 2737 senatus

1298 2759 1533 2818 iusserit,
1556 2757 1856 2821 deferenda,
1888 2758 1952 2808 de
1973 2757 2070 2823 leg.
2095 2759 2153 2814 2,
2180 2759 2232 2821 9,

1298 2827 1385 2878 21.
1405 2852 1475 2864 -
1497 2826 1554 2874 In
1577 2841 1728 2891 apum
1760 2828 1995 2877 examine
2016 2828 2139 2889 quid
2169 2843 2235 2877 ex

1297 2896 1624 2946 Etruscorum
1679 2897 1878 2961 scriptis
1933 2897 2234 2961 haruspices

1297 2972 1588 3025 monerent,
1628 2965 1690 3014 de
1725 2965 1934 3031 harusp.
1974 2980 2106 3030 resp.
2150 2966 2230 3023 12,

1295 3034 1381 3085 25.
1404 3056 1476 3077 -·-
1493 3034 1694 3085 Etrusci
1723 3034 2020 3098 haruspices
2038 3071 2053 3098 ‚
2085 3034 2147 3083 de
2177 3048 2228 3086 n.

1296 3104 1346 3153 d.
1369 3104 1420 3165 2,
1441 3105 1492 3165 4,
1518 3102 1598 3153 10.
1622 3131 1687 3139 --
1705 3103 1893 3152 Eorum
1919 3102 2234 3166 haruspicini

1297 3180 1345 3222 et
1381 3171 1664 3237 fulgurales
1701 3180 1751 3221 et
1782 3170 2078 3220 tonitruales
2119 3170 2231 3219 libri

1298 3248 1622 3304 opponuntur
1645 3240 1986 3289 Romanorum
2015 3254 2210 3301 augura

1295 3310 1450 3368 libus,
1471 3308 1533 3357 de
1553 3308 1707 3357 divin.
1735 3306 1878 3370 1,33,
1892 3308 1922 3355 7
1927 3308 1975 3357 2.
1990 3307 2228 3355 —Etru-

1295 3393 1413 3427 scae
1445 3376 1684 3436 chartae,
1722 3377 1777 3426 id
1809 3383 1912 3435 est,
1950 3375 2068 3424 libri
2107 3374 2232 3423 artis

1298 3445 1559 3511 auguralis
1594 3450 1644 3492 et
1675 3444 1737 3495 de
1774 3444 2127 3509 haruspicina,
2167 3440 2230 3491 de
