<?xml version="1.0" encoding="UTF-8"?>
<!DOCTYPE html PUBLIC "-//W3C//DTD XHTML 1.0 Transitional//EN"
    "http://www.w3.org/TR/xhtml1/DTD/xhtml1-transitional.dtd">
<html xmlns="http://www.w3.org/1999/xhtml" xml:lang="en" lang="en">
 <head>
  <title>
</title>
<meta http-equiv="Content-Type" content="text/html;charset=utf-8" />
  <meta name='ocr-system' content='tesseract 3.04.00' />
  <meta name='ocr-capabilities' content='ocr_page ocr_carea ocr_par ocr_line ocrx_word'/>
</head>
<body>
  <div class='ocr_page' id='page_1' title='image "./scriptaquaemans04mlgoog_0307.png"; bbox 0 0 2500 3850; ppageno 0'>
   <div class='ocr_carea' id='block_1_1' title="bbox 530 210 1724 261">
    <p class='ocr_par' dir='ltr' id='par_1_1' title="bbox 530 210 1724 261">
     <span class='ocr_line' id='line_1_1' title="bbox 530 210 1724 261; baseline -0.002 -2"><span class='ocrx_word' id='word_1_1' title='bbox 530 214 757 261; x_wconf 86' lang='lat' dir='ltr'><strong>PLATO</strong></span> <span class='ocrx_word' id='word_1_2' title='bbox 794 212 1180 261; x_wconf 77' lang='lat' dir='ltr'><strong>SARDIANUS</strong></span> <span class='ocrx_word' id='word_1_3' title='bbox 1204 232 1291 245; x_wconf 91' lang='lat'><strong>—·</strong></span> <span class='ocrx_word' id='word_1_4' title='bbox 1319 213 1382 258; x_wconf 89' lang='lat' dir='ltr'><strong>L.</strong></span> <span class='ocrx_word' id='word_1_5' title='bbox 1409 210 1724 258; x_wconf 86' lang='lat' dir='ltr'><strong>PLOTIUS.</strong></span> 
     </span>
    </p>
   </div>
   <div class='ocr_carea' id='block_1_2' title="bbox 15 368 1106 3528">
    <p class='ocr_par' dir='ltr' id='par_1_2' title="bbox 87 368 1103 640">
     <span class='ocr_line' id='line_1_2' title="bbox 156 368 1099 434; baseline -0.002 -15"><span class='ocrx_word' id='word_1_6' title='bbox 156 373 241 420; x_wconf 79' lang='lat' dir='ltr'><strong>fin.</strong></span> <span class='ocrx_word' id='word_1_7' title='bbox 264 374 325 434; x_wconf 83' lang='grc'><strong>4,</strong></span> <span class='ocrx_word' id='word_1_8' title='bbox 346 370 397 433; x_wconf 92' lang='grc'><strong>9,</strong></span> <span class='ocrx_word' id='word_1_9' title='bbox 420 370 505 418; x_wconf 87' lang='grc'><strong>21.</strong></span> <span class='ocrx_word' id='word_1_10' title='bbox 549 370 620 417; x_wconf 94' lang='lat' dir='ltr'><strong>Ib.</strong></span> <span class='ocrx_word' id='word_1_11' title='bbox 646 371 697 427; x_wconf 86' lang='lat'><strong>4,</strong></span> <span class='ocrx_word' id='word_1_12' title='bbox 719 368 801 431; x_wconf 86' lang='grc'><strong>20,</strong></span> <span class='ocrx_word' id='word_1_13' title='bbox 826 369 909 419; x_wconf 87' lang='grc'><strong>56.</strong></span> <span class='ocrx_word' id='word_1_14' title='bbox 948 371 1023 417; x_wconf 90' lang='lat' dir='ltr'><strong>Ib.</strong></span> <span class='ocrx_word' id='word_1_15' title='bbox 1048 372 1099 431; x_wconf 97' lang='grc'><strong>4,</strong></span> 
     </span>
     <span class='ocr_line' id='line_1_3' title="bbox 158 436 1049 501; baseline 0 -12"><span class='ocrx_word' id='word_1_16' title='bbox 158 439 254 500; x_wconf 89' lang='grc'><strong>23,</strong></span> <span class='ocrx_word' id='word_1_17' title='bbox 276 439 365 488; x_wconf 83' lang='grc'><strong>64.</strong></span> <span class='ocrx_word' id='word_1_18' title='bbox 408 440 472 487; x_wconf 90' lang='lat' dir='ltr'><strong>de</strong></span> <span class='ocrx_word' id='word_1_19' title='bbox 490 453 533 489; x_wconf 90' lang='lat' dir='ltr'><strong>r.</strong></span> <span class='ocrx_word' id='word_1_20' title='bbox 558 452 609 501; x_wconf 87' lang='lat' dir='ltr'><strong>p.</strong></span> <span class='ocrx_word' id='word_1_21' title='bbox 631 438 690 495; x_wconf 90' lang='grc'><strong>6,</strong></span> <span class='ocrx_word' id='word_1_22' title='bbox 716 436 765 495; x_wconf 89' lang='grc'><strong>3,</strong></span> <span class='ocrx_word' id='word_1_23' title='bbox 788 437 836 487; x_wconf 89' lang='lat'><strong>3.</strong></span> <span class='ocrx_word' id='word_1_24' title='bbox 864 445 911 485; x_wconf 84' lang='lat' dir='ltr'><strong>et</strong></span> <span class='ocrx_word' id='word_1_25' title='bbox 930 441 979 497; x_wconf 85' lang='lat'><strong>4,</strong></span> <span class='ocrx_word' id='word_1_26' title='bbox 1001 440 1049 489; x_wconf 85' lang='lat'><strong>4.</strong></span> 
     </span>
     <span class='ocr_line' id='line_1_4' title="bbox 87 506 1103 570; baseline -0.007 -10"><span class='ocrx_word' id='word_1_27' title='bbox 87 510 255 560; x_wconf 83' lang='lat' dir='ltr'><strong>Plato</strong></span> <span class='ocrx_word' id='word_1_28' title='bbox 307 506 612 567; x_wconf 79' lang='lat' dir='ltr'>Sardianus,</span> <span class='ocrx_word' id='word_1_29' title='bbox 668 506 938 570; x_wconf 81' lang='lat' dir='ltr'><strong>Epicurius</strong></span> <span class='ocrx_word' id='word_1_30' title='bbox 956 542 969 565; x_wconf 90' lang='lat'>‚</span> <span class='ocrx_word' id='word_1_31' title='bbox 1017 506 1103 570; x_wconf 91' lang='lat' dir='ltr'><strong>qui</strong></span> 
     </span>
     <span class='ocr_line' id='line_1_5' title="bbox 159 574 1098 640; baseline -0.001 -15"><span class='ocrx_word' id='word_1_32' title='bbox 159 577 371 626; x_wconf 79' lang='lat' dir='ltr'><strong>Athenis</strong></span> <span class='ocrx_word' id='word_1_33' title='bbox 394 576 593 624; x_wconf 79' lang='lat' dir='ltr'>solebat</span> <span class='ocrx_word' id='word_1_34' title='bbox 620 590 761 635; x_wconf 86' lang='lat' dir='ltr'><strong>esse,</strong></span> <span class='ocrx_word' id='word_1_35' title='bbox 795 576 861 623; x_wconf 88' lang='lat' dir='ltr'><strong>ad</strong></span> <span class='ocrx_word' id='word_1_36' title='bbox 880 574 938 633; x_wconf 88' lang='lat' dir='ltr'><strong>Q.</strong></span> <span class='ocrx_word' id='word_1_37' title='bbox 964 574 1026 625; x_wconf 87' lang='lat' dir='ltr'><strong>fr.</strong></span> <span class='ocrx_word' id='word_1_38' title='bbox 1052 576 1098 640; x_wconf 93' lang='grc'><strong>1,</strong></span> 
     </span>
    </p>

    <p class='ocr_par' dir='ltr' id='par_1_3' title="bbox 163 644 731 705">
     <span class='ocr_line' id='line_1_6' title="bbox 163 644 731 705; baseline -0.005 -11"><span class='ocrx_word' id='word_1_39' title='bbox 163 650 212 705; x_wconf 83' lang='lat'><strong>2,</strong></span> <span class='ocrx_word' id='word_1_40' title='bbox 234 648 285 696; x_wconf 83' lang='lat'><strong>4.</strong></span> <span class='ocrx_word' id='word_1_41' title='bbox 311 647 358 704; x_wconf 76' lang='lat'><strong>§-</strong></span> <span class='ocrx_word' id='word_1_42' title='bbox 386 644 469 694; x_wconf 83' lang='lat'><strong>14.</strong></span> <span class='ocrx_word' id='word_1_43' title='bbox 728 654 731 659; x_wconf 96' lang='lat'>·</span> 
     </span>
    </p>

    <p class='ocr_par' dir='ltr' id='par_1_4' title="bbox 90 711 1101 911">
     <span class='ocr_line' id='line_1_7' title="bbox 90 711 1101 765; baseline -0.003 0"><span class='ocrx_word' id='word_1_44' title='bbox 90 711 414 765; x_wconf 84' lang='lat' dir='ltr'><strong>Platonicus</strong></span> <span class='ocrx_word' id='word_1_45' title='bbox 438 713 587 763; x_wconf 87' lang='lat' dir='ltr'><strong>horno</strong></span> <span class='ocrx_word' id='word_1_46' title='bbox 609 714 769 761; x_wconf 85' lang='lat' dir='ltr'><strong>facete</strong></span> <span class='ocrx_word' id='word_1_47' title='bbox 780 713 979 761; x_wconf 87' lang='lat' dir='ltr'><strong>Marcus</strong></span> <span class='ocrx_word' id='word_1_48' title='bbox 999 712 1101 762; x_wconf 79' lang='lat' dir='ltr'><strong>fra-</strong></span> 
     </span>
     <span class='ocr_line' id='line_1_8' title="bbox 160 781 1099 847; baseline 0.001 -16"><span class='ocrx_word' id='word_1_49' title='bbox 160 793 235 831; x_wconf 81' lang='lat' dir='ltr'><strong>ter</strong></span> <span class='ocrx_word' id='word_1_50' title='bbox 274 782 563 847; x_wconf 79' lang='lat' dir='ltr'><strong>appellatur</strong></span> <span class='ocrx_word' id='word_1_51' title='bbox 592 798 622 831; x_wconf 90' lang='lat' dir='ltr'><strong>a</strong></span> <span class='ocrx_word' id='word_1_52' title='bbox 662 781 718 839; x_wconf 89' lang='lat' dir='ltr'><strong>Q.</strong></span> <span class='ocrx_word' id='word_1_53' title='bbox 754 781 859 831; x_wconf 84' lang='lat' dir='ltr'><strong>Cic.</strong></span> <span class='ocrx_word' id='word_1_54' title='bbox 895 782 957 830; x_wconf 91' lang='lat' dir='ltr'><strong>de</strong></span> <span class='ocrx_word' id='word_1_55' title='bbox 994 790 1099 845; x_wconf 79' lang='lat' dir='ltr'><strong>pet.</strong></span> 
     </span>
     <span class='ocr_line' id='line_1_9' title="bbox 161 850 523 911; baseline -0.006 -10"><span class='ocrx_word' id='word_1_56' title='bbox 161 866 303 901; x_wconf 88' lang='lat' dir='ltr'><strong>cons.</strong></span> <span class='ocrx_word' id='word_1_57' title='bbox 328 852 412 911; x_wconf 87' lang='grc'><strong>12,</strong></span> <span class='ocrx_word' id='word_1_58' title='bbox 439 850 523 901; x_wconf 87' lang='grc'><strong>46.</strong></span> 
     </span>
    </p>

    <p class='ocr_par' dir='ltr' id='par_1_5' title="bbox 90 918 1104 1190">
     <span class='ocr_line' id='line_1_10' title="bbox 90 918 1098 984; baseline -0.003 -14"><span class='ocrx_word' id='word_1_59' title='bbox 90 920 320 982; x_wconf 87' lang='lat' dir='ltr'><strong>Plator,</strong></span> <span class='ocrx_word' id='word_1_60' title='bbox 357 918 739 984; x_wconf 70' lang='lat' dir='ltr'><strong>Dyrrhachinus</strong></span> <span class='ocrx_word' id='word_1_61' title='bbox 754 956 769 981; x_wconf 94' lang='lat'><strong>,</strong></span> <span class='ocrx_word' id='word_1_62' title='bbox 809 918 999 983; x_wconf 78' lang='lat' dir='ltr'>hospes</span> <span class='ocrx_word' id='word_1_63' title='bbox 1038 920 1098 968; x_wconf 97' lang='lat' dir='ltr'><strong>L.</strong></span> 
     </span>
     <span class='ocr_line' id='line_1_11' title="bbox 159 987 1104 1047; baseline 0 -9"><span class='ocrx_word' id='word_1_64' title='bbox 159 989 361 1038; x_wconf 86' lang='lat' dir='ltr'><strong>Pisonis</strong></span> <span class='ocrx_word' id='word_1_65' title='bbox 375 1024 389 1047; x_wconf 92' lang='lat'><strong>,</strong></span> <span class='ocrx_word' id='word_1_66' title='bbox 412 989 474 1037; x_wconf 91' lang='lat' dir='ltr'><strong>ab</strong></span> <span class='ocrx_word' id='word_1_67' title='bbox 498 1003 557 1037; x_wconf 90' lang='lat' dir='ltr'><strong>eo</strong></span> <span class='ocrx_word' id='word_1_68' title='bbox 578 987 972 1037; x_wconf 77' lang='lat' dir='ltr'><strong>Thessalonicae</strong></span> <span class='ocrx_word' id='word_1_69' title='bbox 990 1004 1104 1038; x_wconf 90' lang='lat' dir='ltr'><strong>cru-</strong></span> 
     </span>
     <span class='ocr_line' id='line_1_12' title="bbox 162 1057 1100 1119; baseline -0.001 -12"><span class='ocrx_word' id='word_1_70' title='bbox 162 1058 424 1107; x_wconf 84' lang='lat' dir='ltr'><strong>delissime</strong></span> <span class='ocrx_word' id='word_1_71' title='bbox 454 1064 685 1116; x_wconf 81' lang='lat' dir='ltr'><strong>necatuS,</strong></span> <span class='ocrx_word' id='word_1_72' title='bbox 726 1058 778 1105; x_wconf 91' lang='lat' dir='ltr'><strong>in</strong></span> <span class='ocrx_word' id='word_1_73' title='bbox 810 1057 983 1107; x_wconf 86' lang='lat' dir='ltr'><strong>Pison.</strong></span> <span class='ocrx_word' id='word_1_74' title='bbox 1017 1058 1100 1119; x_wconf 85' lang='lat'><strong>34,</strong></span> 
     </span>
     <span class='ocr_line' id='line_1_13' title="bbox 162 1124 1043 1190; baseline -0.006 -14"><span class='ocrx_word' id='word_1_75' title='bbox 162 1127 247 1177; x_wconf 89' lang='lat'><strong>83.</strong></span> <span class='ocrx_word' id='word_1_76' title='bbox 293 1125 353 1173; x_wconf 89' lang='lat' dir='ltr'><strong>cl.</strong></span> <span class='ocrx_word' id='word_1_77' title='bbox 378 1126 444 1175; x_wconf 90' lang='lat' dir='ltr'><strong>de</strong></span> <span class='ocrx_word' id='word_1_78' title='bbox 461 1126 672 1189; x_wconf 88' lang='lat' dir='ltr'><strong>harusp.</strong></span> <span class='ocrx_word' id='word_1_79' title='bbox 698 1140 832 1190; x_wconf 85' lang='lat' dir='ltr'><strong>resp.</strong></span> <span class='ocrx_word' id='word_1_80' title='bbox 859 1125 939 1186; x_wconf 84' lang='lat'><strong>16,</strong></span> <span class='ocrx_word' id='word_1_81' title='bbox 958 1124 1043 1176; x_wconf 86' lang='lat'><strong>35.</strong></span> 
     </span>
    </p>

    <p class='ocr_par' dir='ltr' id='par_1_6' title="bbox 92 1192 896 1245">
     <span class='ocr_line' id='line_1_14' title="bbox 92 1192 896 1245; baseline 0 -2"><span class='ocrx_word' id='word_1_82' title='bbox 92 1192 322 1245; x_wconf 81' lang='lat' dir='ltr'><strong>Plautia</strong></span> <span class='ocrx_word' id='word_1_83' title='bbox 338 1193 449 1243; x_wconf 84' lang='lat' dir='ltr'><strong>lex.</strong></span> <span class='ocrx_word' id='word_1_84' title='bbox 489 1197 554 1245; x_wconf 91' lang='lat' dir='ltr'><strong>V.</strong></span> <span class='ocrx_word' id='word_1_85' title='bbox 578 1192 767 1243; x_wconf 76' lang='lat' dir='ltr'><strong>Plotia</strong></span> <span class='ocrx_word' id='word_1_86' title='bbox 785 1194 896 1244; x_wconf 83' lang='lat' dir='ltr'><strong>lex.</strong></span> 
     </span>
    </p>

    <p class='ocr_par' dir='ltr' id='par_1_7' title="bbox 92 1260 905 1316">
     <span class='ocr_line' id='line_1_15' title="bbox 92 1260 905 1316; baseline -0.004 -3"><span class='ocrx_word' id='word_1_87' title='bbox 92 1260 376 1313; x_wconf 83' lang='lat' dir='ltr'><strong>Plautius.</strong></span> <span class='ocrx_word' id='word_1_88' title='bbox 406 1262 647 1316; x_wconf 78' lang='lat' dir='ltr'><strong>V.‘etiam</strong></span> <span class='ocrx_word' id='word_1_89' title='bbox 665 1260 905 1312; x_wconf 80' lang='lat' dir='ltr'><strong>Plotius,</strong></span> 
     </span>
    </p>

    <p class='ocr_par' dir='ltr' id='par_1_8' title="bbox 92 1329 903 1382">
     <span class='ocr_line' id='line_1_16' title="bbox 92 1329 903 1382; baseline 0 -3"><span class='ocrx_word' id='word_1_90' title='bbox 92 1330 157 1380; x_wconf 88' lang='lat' dir='ltr'><strong>A.</strong></span> <span class='ocrx_word' id='word_1_91' title='bbox 180 1329 457 1381; x_wconf 83' lang='lat' dir='ltr'><strong>Plautius.</strong></span> <span class='ocrx_word' id='word_1_92' title='bbox 487 1334 552 1382; x_wconf 88' lang='lat' dir='ltr'><strong>V.</strong></span> <span class='ocrx_word' id='word_1_93' title='bbox 574 1330 639 1380; x_wconf 87' lang='lat' dir='ltr'><strong>A.</strong></span> <span class='ocrx_word' id='word_1_94' title='bbox 663 1329 903 1380; x_wconf 84' lang='lat' dir='ltr'><strong>Plotius.</strong></span> 
     </span>
    </p>

    <p class='ocr_par' dir='ltr' id='par_1_9' title="bbox 93 1397 1102 1597">
     <span class='ocr_line' id='line_1_17' title="bbox 93 1397 1099 1466; baseline -0.004 -17"><span class='ocrx_word' id='word_1_95' title='bbox 93 1398 170 1449; x_wconf 90' lang='grc' dir='ltr'><strong>Μ.</strong></span> <span class='ocrx_word' id='word_1_96' title='bbox 205 1397 467 1449; x_wconf 83' lang='lat' dir='ltr'><strong>Plautius</strong></span> <span class='ocrx_word' id='word_1_97' title='bbox 498 1399 799 1466; x_wconf 80' lang='lat' dir='ltr'><strong>Hypsaeus</strong></span> <span class='ocrx_word' id='word_1_98' title='bbox 828 1413 934 1449; x_wconf 76' lang='lat' dir='ltr'><strong>coa.</strong></span> <span class='ocrx_word' id='word_1_99' title='bbox 972 1414 1017 1447; x_wconf 89' lang='lat' dir='ltr'><strong>a.</strong></span> <span class='ocrx_word' id='word_1_100' title='bbox 1049 1415 1099 1447; x_wconf 91' lang='lat' dir='ltr'><strong>u.</strong></span> 
     </span>
     <span class='ocr_line' id='line_1_18' title="bbox 164 1468 1102 1532; baseline -0.001 -16"><span class='ocrx_word' id='word_1_101' title='bbox 164 1484 208 1520; x_wconf 85' lang='lat' dir='ltr'><strong>c.</strong></span> <span class='ocrx_word' id='word_1_102' title='bbox 231 1468 355 1519; x_wconf 82' lang='lat'><strong>629.</strong></span> <span class='ocrx_word' id='word_1_103' title='bbox 382 1470 644 1532; x_wconf 81' lang='lat' dir='ltr'><strong>imperitus</strong></span> <span class='ocrx_word' id='word_1_104' title='bbox 665 1470 788 1517; x_wconf 87' lang='lat' dir='ltr'><strong>iuris</strong></span> <span class='ocrx_word' id='word_1_105' title='bbox 810 1468 1005 1526; x_wconf 86' lang='lat' dir='ltr'><strong>civilis,</strong></span> <span class='ocrx_word' id='word_1_106' title='bbox 1041 1468 1102 1516; x_wconf 87' lang='lat' dir='ltr'><strong>dc</strong></span> 
     </span>
     <span class='ocr_line' id='line_1_19' title="bbox 163 1536 609 1597; baseline 0.009 -11"><span class='ocrx_word' id='word_1_107' title='bbox 163 1544 291 1586; x_wconf 79' lang='lat' dir='ltr'><strong>orat.</strong></span> <span class='ocrx_word' id='word_1_108' title='bbox 318 1538 365 1596; x_wconf 93' lang='lat'><strong>1,</strong></span> <span class='ocrx_word' id='word_1_109' title='bbox 386 1538 471 1597; x_wconf 89' lang='grc'><strong>36,</strong></span> <span class='ocrx_word' id='word_1_110' title='bbox 494 1536 609 1590; x_wconf 89' lang='grc'><strong>166.</strong></span> 
     </span>
    </p>

    <p class='ocr_par' dir='ltr' id='par_1_10' title="bbox 91 1602 1105 2015">
     <span class='ocr_line' id='line_1_20' title="bbox 91 1602 1100 1671; baseline 0.005 -19"><span class='ocrx_word' id='word_1_111' title='bbox 91 1602 156 1653; x_wconf 85' lang='grc' dir='ltr'><strong>Ρ.</strong></span> <span class='ocrx_word' id='word_1_112' title='bbox 177 1602 441 1655; x_wconf 82' lang='lat' dir='ltr'><strong>Plautius</strong></span> <span class='ocrx_word' id='word_1_113' title='bbox 460 1604 760 1671; x_wconf 73' lang='lat' dir='ltr'><strong>Hypsaeus</strong></span> <span class='ocrx_word' id='word_1_114' title='bbox 780 1642 793 1669; x_wconf 94' lang='lat'><strong>,</strong></span> <span class='ocrx_word' id='word_1_115' title='bbox 808 1606 933 1655; x_wconf 56' lang='lat' dir='ltr'><strong>trib.</strong></span> <span class='ocrx_word' id='word_1_116' title='bbox 956 1605 1027 1670; x_wconf 82' lang='lat' dir='ltr'><strong>pl.</strong></span> <span class='ocrx_word' id='word_1_117' title='bbox 1052 1620 1100 1657; x_wconf 87' lang='lat' dir='ltr'><strong>a.</strong></span> 
     </span>
     <span class='ocr_line' id='line_1_21' title="bbox 158 1674 1105 1741; baseline -0.002 -18"><span class='ocrx_word' id='word_1_118' title='bbox 158 1690 213 1726; x_wconf 96' lang='grc' dir='ltr'><strong>ιι.</strong></span> <span class='ocrx_word' id='word_1_119' title='bbox 236 1690 280 1723; x_wconf 86' lang='lat' dir='ltr'><strong>c.</strong></span> <span class='ocrx_word' id='word_1_120' title='bbox 304 1674 422 1727; x_wconf 82' lang='lat'><strong>698.</strong></span> <span class='ocrx_word' id='word_1_121' title='bbox 448 1690 545 1737; x_wconf 90' lang='lat' dir='ltr'><strong>quo</strong></span> <span class='ocrx_word' id='word_1_122' title='bbox 568 1676 718 1725; x_wconf 89' lang='lat' dir='ltr'><strong>modo</strong></span> <span class='ocrx_word' id='word_1_123' title='bbox 740 1690 797 1724; x_wconf 88' lang='lat' dir='ltr'><strong>se</strong></span> <span class='ocrx_word' id='word_1_124' title='bbox 815 1676 1030 1741; x_wconf 83' lang='lat' dir='ltr'>gesserit</span> <span class='ocrx_word' id='word_1_125' title='bbox 1052 1675 1105 1722; x_wconf 86' lang='lat' dir='ltr'><strong>in</strong></span> 
     </span>
     <span class='ocr_line' id='line_1_22' title="bbox 162 1743 1103 1809; baseline 0.001 -19"><span class='ocrx_word' id='word_1_126' title='bbox 162 1757 320 1791; x_wconf 86' lang='lat' dir='ltr'><strong>causa</strong></span> <span class='ocrx_word' id='word_1_127' title='bbox 360 1743 638 1795; x_wconf 82' lang='lat' dir='ltr'><strong>Ptolemaei</strong></span> <span class='ocrx_word' id='word_1_128' title='bbox 680 1747 819 1809; x_wconf 84' lang='lat' dir='ltr'><strong>regis</strong></span> <span class='ocrx_word' id='word_1_129' title='bbox 864 1744 1103 1809; x_wconf 71' lang='lat' dir='ltr'><strong>Aegypti,</strong></span> 
     </span>
     <span class='ocr_line' id='line_1_23' title="bbox 162 1812 1103 1879; baseline 0.002 -20"><span class='ocrx_word' id='word_1_130' title='bbox 162 1812 230 1861; x_wconf 87' lang='lat' dir='ltr'><strong>ad</strong></span> <span class='ocrx_word' id='word_1_131' title='bbox 250 1812 371 1861; x_wconf 86' lang='lat' dir='ltr'><strong>fam.</strong></span> <span class='ocrx_word' id='word_1_132' title='bbox 405 1814 431 1863; x_wconf 92' lang='lat'><strong>1</strong></span> <span class='ocrx_word' id='word_1_133' title='bbox 452 1850 463 1869; x_wconf 94' lang='lat'><strong>,</strong></span> <span class='ocrx_word' id='word_1_134' title='bbox 498 1813 525 1862; x_wconf 93' lang='grc'><strong>1</strong></span> <span class='ocrx_word' id='word_1_135' title='bbox 542 1850 555 1873; x_wconf 93' lang='grc'><strong>,</strong></span> <span class='ocrx_word' id='word_1_136' title='bbox 588 1813 637 1863; x_wconf 90' lang='grc'><strong>3.</strong></span> <span class='ocrx_word' id='word_1_137' title='bbox 671 1840 737 1849; x_wconf 92' lang='lat'><strong>——-</strong></span> <span class='ocrx_word' id='word_1_138' title='bbox 755 1814 985 1863; x_wconf 83' lang='lat' dir='ltr'><strong>Plautius</strong></span> <span class='ocrx_word' id='word_1_139' title='bbox 1004 1812 1103 1879; x_wconf 71' lang='lat' dir='ltr'><strong>Hy-</strong></span> 
     </span>
     <span class='ocr_line' id='line_1_24' title="bbox 158 1882 1104 1947; baseline 0.001 -16"><span class='ocrx_word' id='word_1_140' title='bbox 158 1894 351 1943; x_wconf 86' lang='lat' dir='ltr'><strong>psaeus</strong></span> <span class='ocrx_word' id='word_1_141' title='bbox 368 1918 383 1942; x_wconf 91' lang='lat'><strong>,</strong></span> <span class='ocrx_word' id='word_1_142' title='bbox 441 1882 670 1947; x_wconf 88' lang='lat' dir='ltr'><strong>Pompeii</strong></span> <span class='ocrx_word' id='word_1_143' title='bbox 717 1890 979 1947; x_wconf 81' lang='lat' dir='ltr'><strong>quaestor,</strong></span> <span class='ocrx_word' id='word_1_144' title='bbox 1038 1882 1104 1932; x_wconf 84' lang='lat' dir='ltr'><strong>ad</strong></span> 
     </span>
     <span class='ocr_line' id='line_1_25' title="bbox 160 1947 998 2015; baseline 0.004 -17"><span class='ocrx_word' id='word_1_145' title='bbox 160 1953 269 1998; x_wconf 79' lang='lat' dir='ltr'><strong>Att.</strong></span> <span class='ocrx_word' id='word_1_146' title='bbox 288 1947 339 2011; x_wconf 90' lang='lat'><strong>3,</strong></span> <span class='ocrx_word' id='word_1_147' title='bbox 362 1951 411 2010; x_wconf 90' lang='lat'><strong>8,</strong></span> <span class='ocrx_word' id='word_1_148' title='bbox 433 1950 485 2001; x_wconf 87' lang='lat'><strong>3.</strong></span> <span class='ocrx_word' id='word_1_149' title='bbox 526 1967 618 2015; x_wconf 88' lang='lat' dir='ltr'><strong>pro</strong></span> <span class='ocrx_word' id='word_1_150' title='bbox 640 1953 817 2002; x_wconf 84' lang='lat' dir='ltr'><strong>Flacco</strong></span> <span class='ocrx_word' id='word_1_151' title='bbox 840 1953 889 2015; x_wconf 89' lang='lat'><strong>9,</strong></span> <span class='ocrx_word' id='word_1_152' title='bbox 913 1951 998 2002; x_wconf 92' lang='grc'><strong>20.</strong></span> 
     </span>
    </p>

    <p class='ocr_par' dir='ltr' id='par_1_11' title="bbox 91 2013 1105 2428">
     <span class='ocr_line' id='line_1_26' title="bbox 91 2013 1100 2085; baseline 0.004 -21"><span class='ocrx_word' id='word_1_153' title='bbox 91 2013 167 2064; x_wconf 88' lang='grc' dir='ltr'><strong>Μ.</strong></span> <span class='ocrx_word' id='word_1_154' title='bbox 187 2016 451 2070; x_wconf 83' lang='lat' dir='ltr'><strong>Plautius</strong></span> <span class='ocrx_word' id='word_1_155' title='bbox 482 2018 743 2070; x_wconf 82' lang='lat' dir='ltr'><strong>Silvanus</strong></span> <span class='ocrx_word' id='word_1_156' title='bbox 773 2023 888 2071; x_wconf 83' lang='lat' dir='ltr'><strong>trib.</strong></span> <span class='ocrx_word' id='word_1_157' title='bbox 912 2021 987 2085; x_wconf 89' lang='lat' dir='ltr'><strong>pl.</strong></span> <span class='ocrx_word' id='word_1_158' title='bbox 1010 2021 1100 2070; x_wconf 88' lang='lat' dir='ltr'><strong>Gn.</strong></span> 
     </span>
     <span class='ocr_line' id='line_1_27' title="bbox 161 2088 1103 2152; baseline 0.004 -16"><span class='ocrx_word' id='word_1_159' title='bbox 161 2088 409 2152; x_wconf 87' lang='lat' dir='ltr'><strong>Pompeio</strong></span> <span class='ocrx_word' id='word_1_160' title='bbox 435 2089 683 2139; x_wconf 82' lang='lat' dir='ltr'>Strabone</span> <span class='ocrx_word' id='word_1_161' title='bbox 713 2091 769 2138; x_wconf 90' lang='lat' dir='ltr'><strong>L.</strong></span> <span class='ocrx_word' id='word_1_162' title='bbox 796 2091 975 2141; x_wconf 88' lang='lat' dir='ltr'><strong>Porcio</strong></span> <span class='ocrx_word' id='word_1_163' title='bbox 1006 2090 1103 2140; x_wconf 85' lang='lat' dir='ltr'><strong>Ca-</strong></span> 
     </span>
     <span class='ocr_line' id='line_1_28' title="bbox 158 2158 1103 2211; baseline 0.004 -7"><span class='ocrx_word' id='word_1_164' title='bbox 158 2164 277 2206; x_wconf 84' lang='lat' dir='ltr'><strong>tone</strong></span> <span class='ocrx_word' id='word_1_165' title='bbox 308 2173 441 2210; x_wconf 77' lang='lat' dir='ltr'><strong>coss,</strong></span> <span class='ocrx_word' id='word_1_166' title='bbox 464 2173 509 2206; x_wconf 86' lang='lat' dir='ltr'><strong>a.</strong></span> <span class='ocrx_word' id='word_1_167' title='bbox 534 2173 587 2206; x_wconf 92' lang='lat' dir='ltr'><strong>u.</strong></span> <span class='ocrx_word' id='word_1_168' title='bbox 612 2173 656 2211; x_wconf 87' lang='lat' dir='ltr'><strong>e.</strong></span> <span class='ocrx_word' id='word_1_169' title='bbox 678 2158 799 2210; x_wconf 84' lang='lat'><strong>665.</strong></span> <span class='ocrx_word' id='word_1_170' title='bbox 827 2187 897 2195; x_wconf 90' lang='lat'><strong>—-</strong></span> <span class='ocrx_word' id='word_1_171' title='bbox 914 2159 1103 2208; x_wconf 85' lang='lat' dir='ltr'><strong>Foede-</strong></span> 
     </span>
     <span class='ocr_line' id='line_1_29' title="bbox 160 2227 1103 2278; baseline 0.004 -6"><span class='ocrx_word' id='word_1_172' title='bbox 160 2227 284 2274; x_wconf 77' lang='lat' dir='ltr'><strong>ratis</strong></span> <span class='ocrx_word' id='word_1_173' title='bbox 323 2227 613 2276; x_wconf 78' lang='lat' dir='ltr'><strong>civitatibus</strong></span> <span class='ocrx_word' id='word_1_174' title='bbox 659 2227 777 2276; x_wconf 77' lang='lat' dir='ltr'><strong>data</strong></span> <span class='ocrx_word' id='word_1_175' title='bbox 814 2236 887 2276; x_wconf 82' lang='lat' dir='ltr'><strong>est</strong></span> <span class='ocrx_word' id='word_1_176' title='bbox 928 2229 1103 2278; x_wconf 83' lang='lat' dir='ltr'><strong>civitas</strong></span> 
     </span>
     <span class='ocr_line' id='line_1_30' title="bbox 165 2292 1105 2360; baseline 0.002 -18"><span class='ocrx_word' id='word_1_177' title='bbox 165 2292 361 2343; x_wconf 85' lang='lat' dir='ltr'><strong>Silvani</strong></span> <span class='ocrx_word' id='word_1_178' title='bbox 381 2294 497 2359; x_wconf 85' lang='lat' dir='ltr'><strong>lege</strong></span> <span class='ocrx_word' id='word_1_179' title='bbox 516 2301 565 2341; x_wconf 81' lang='lat' dir='ltr'><strong>et</strong></span> <span class='ocrx_word' id='word_1_180' title='bbox 586 2292 845 2354; x_wconf 78' lang='lat' dir='ltr'><strong>CarboniS,</strong></span> <span class='ocrx_word' id='word_1_181' title='bbox 864 2295 901 2344; x_wconf 90' lang='lat' dir='ltr'><strong>i.</strong></span> <span class='ocrx_word' id='word_1_182' title='bbox 921 2311 967 2345; x_wconf 88' lang='lat' dir='ltr'><strong>e.</strong></span> <span class='ocrx_word' id='word_1_183' title='bbox 989 2296 1105 2360; x_wconf 89' lang='lat' dir='ltr'><strong>lege</strong></span> 
     </span>
     <span class='ocr_line' id='line_1_31' title="bbox 161 2362 1103 2428; baseline 0.002 -18"><span class='ocrx_word' id='word_1_184' title='bbox 161 2362 359 2412; x_wconf 81' lang='lat' dir='ltr'><strong>Plautia</strong></span> <span class='ocrx_word' id='word_1_185' title='bbox 379 2363 583 2426; x_wconf 87' lang='lat' dir='ltr'><strong>Papiria</strong></span> <span class='ocrx_word' id='word_1_186' title='bbox 618 2379 665 2414; x_wconf 85' lang='lat' dir='ltr'><strong>a.</strong></span> <span class='ocrx_word' id='word_1_187' title='bbox 691 2378 742 2415; x_wconf 87' lang='lat' dir='ltr'><strong>u.</strong></span> <span class='ocrx_word' id='word_1_188' title='bbox 774 2379 817 2413; x_wconf 86' lang='lat' dir='ltr'><strong>e.</strong></span> <span class='ocrx_word' id='word_1_189' title='bbox 840 2362 957 2414; x_wconf 84' lang='lat'><strong>665.</strong></span> <span class='ocrx_word' id='word_1_190' title='bbox 976 2401 989 2425; x_wconf 90' lang='lat'><strong><em>‚</em></strong></span> <span class='ocrx_word' id='word_1_191' title='bbox 1010 2377 1103 2428; x_wconf 88' lang='lat' dir='ltr'><strong>pro</strong></span> 
     </span>
    </p>

    <p class='ocr_par' dir='ltr' id='par_1_12' title="bbox 15 2430 475 2491">
     <span class='ocr_line' id='line_1_32' title="bbox 15 2430 475 2491; baseline 0.011 -17"><span class='ocrx_word' id='word_1_192' title='bbox 15 2441 17 2474; x_wconf 83' lang='grc' dir='ltr'>ἰ</span> <span class='ocrx_word' id='word_1_193' title='bbox 163 2430 320 2484; x_wconf 87' lang='lat' dir='ltr'><strong>Arch.</strong></span> <span class='ocrx_word' id='word_1_194' title='bbox 346 2434 398 2491; x_wconf 93' lang='grc'><strong>4,</strong></span> <span class='ocrx_word' id='word_1_195' title='bbox 426 2433 475 2481; x_wconf 82' lang='grc'><strong>7.</strong></span> 
     </span>
    </p>

    <p class='ocr_par' dir='ltr' id='par_1_13' title="bbox 15 2477 1106 3528">
     <span class='ocr_line' id='line_1_33' title="bbox 15 2477 1106 2550; baseline 0.001 -4"><span class='ocrx_word' id='word_1_196' title='bbox 15 2477 19 2528; x_wconf 70' lang='lat'><strong>·¹</strong></span> <span class='ocrx_word' id='word_1_197' title='bbox 95 2493 347 2550; x_wconf 85' lang='lat' dir='ltr'><strong>Plautus.</strong></span> <span class='ocrx_word' id='word_1_198' title='bbox 375 2500 431 2548; x_wconf 89' lang='lat' dir='ltr'><strong>P.</strong></span> <span class='ocrx_word' id='word_1_199' title='bbox 458 2499 667 2550; x_wconf 86' lang='lat' dir='ltr'><strong>Claudio</strong></span> <span class='ocrx_word' id='word_1_200' title='bbox 698 2499 876 2550; x_wconf 88' lang='lat' dir='ltr'><strong>Pulcro</strong></span> <span class='ocrx_word' id='word_1_201' title='bbox 905 2501 960 2550; x_wconf 92' lang='lat' dir='ltr'><strong>L.</strong></span> <span class='ocrx_word' id='word_1_202' title='bbox 982 2501 1106 2550; x_wconf 90' lang='lat' dir='ltr'><strong>Por-</strong></span> 
     </span>
     <span class='ocr_line' id='line_1_34' title="bbox 163 2567 1105 2628; baseline 0.002 -12"><span class='ocrx_word' id='word_1_203' title='bbox 163 2570 240 2616; x_wconf 89' lang='lat' dir='ltr'><strong>cio</strong></span> <span class='ocrx_word' id='word_1_204' title='bbox 266 2567 441 2620; x_wconf 81' lang='lat' dir='ltr'><strong>Licino</strong></span> <span class='ocrx_word' id='word_1_205' title='bbox 464 2584 597 2619; x_wconf 73' lang='lat'><strong>0055.</strong></span> <span class='ocrx_word' id='word_1_206' title='bbox 620 2585 667 2618; x_wconf 88' lang='lat' dir='ltr'><strong>a.</strong></span> <span class='ocrx_word' id='word_1_207' title='bbox 688 2584 741 2616; x_wconf 94' lang='lat' dir='ltr'><strong>u.</strong></span> <span class='ocrx_word' id='word_1_208' title='bbox 766 2584 810 2618; x_wconf 89' lang='lat' dir='ltr'><strong>c.</strong></span> <span class='ocrx_word' id='word_1_209' title='bbox 838 2568 957 2619; x_wconf 93' lang='grc'><strong>570.</strong></span> <span class='ocrx_word' id='word_1_210' title='bbox 977 2605 990 2628; x_wconf 95' lang='grc'><strong>,</strong></span> <span class='ocrx_word' id='word_1_211' title='bbox 1013 2567 1105 2618; x_wconf 85' lang='lat' dir='ltr'><strong>Ga-</strong></span> 
     </span>
     <span class='ocr_line' id='line_1_35' title="bbox 162 2637 1102 2699; baseline 0.007 -16"><span class='ocrx_word' id='word_1_212' title='bbox 162 2644 280 2686; x_wconf 83' lang='lat' dir='ltr'><strong>tone</strong></span> <span class='ocrx_word' id='word_1_213' title='bbox 314 2653 523 2688; x_wconf 79' lang='lat' dir='ltr'><strong>censore</strong></span> <span class='ocrx_word' id='word_1_214' title='bbox 555 2646 784 2689; x_wconf 83' lang='lat' dir='ltr'><strong>mortuus</strong></span> <span class='ocrx_word' id='word_1_215' title='bbox 818 2645 920 2699; x_wconf 78' lang='lat' dir='ltr'><strong>est,</strong></span> <span class='ocrx_word' id='word_1_216' title='bbox 960 2637 1102 2690; x_wconf 82' lang='lat' dir='ltr'><strong>Brut.</strong></span> 
     </span>
     <span class='ocr_line' id='line_1_36' title="bbox 167 2704 1105 2765; baseline 0.003 -12"><span class='ocrx_word' id='word_1_217' title='bbox 167 2704 258 2765; x_wconf 86' lang='lat'><strong>15,</strong></span> <span class='ocrx_word' id='word_1_218' title='bbox 290 2707 379 2760; x_wconf 90' lang='grc'><strong>60.</strong></span> <span class='ocrx_word' id='word_1_219' title='bbox 403 2733 471 2746; x_wconf 87' lang='lat'><strong>-·</strong></span> <span class='ocrx_word' id='word_1_220' title='bbox 494 2708 563 2757; x_wconf 84' lang='lat' dir='ltr'><strong>Eo</strong></span> <span class='ocrx_word' id='word_1_221' title='bbox 592 2709 756 2757; x_wconf 89' lang='lat' dir='ltr'><strong>maior</strong></span> <span class='ocrx_word' id='word_1_222' title='bbox 784 2715 906 2757; x_wconf 82' lang='lat' dir='ltr'><strong>natu</strong></span> <span class='ocrx_word' id='word_1_223' title='bbox 923 2706 1105 2756; x_wconf 86' lang='lat' dir='ltr'><strong>Livius</strong></span> 
     </span>
     <span class='ocr_line' id='line_1_37' title="bbox 162 2773 1104 2840; baseline 0.004 -19"><span class='ocrx_word' id='word_1_224' title='bbox 162 2773 513 2840; x_wconf 70' lang='lat' dir='ltr'><strong>Andromene,</strong></span> <span class='ocrx_word' id='word_1_225' title='bbox 544 2776 748 2828; x_wconf 88' lang='lat' dir='ltr'><strong>Tuscul.</strong></span> <span class='ocrx_word' id='word_1_226' title='bbox 776 2777 831 2840; x_wconf 90' lang='lat'><strong>1,</strong></span> <span class='ocrx_word' id='word_1_227' title='bbox 865 2777 891 2827; x_wconf 93' lang='lat'>1</span> <span class='ocrx_word' id='word_1_228' title='bbox 916 2813 930 2836; x_wconf 95' lang='lat'><strong>,</strong></span> <span class='ocrx_word' id='word_1_229' title='bbox 962 2777 1011 2828; x_wconf 85' lang='lat'><strong>3.</strong></span> <span class='ocrx_word' id='word_1_230' title='bbox 1034 2805 1104 2816; x_wconf 81' lang='lat'><strong>-—</strong></span> 
     </span>
     <span class='ocr_line' id='line_1_38' title="bbox 162 2842 1101 2898; baseline 0.004 -8"><span class='ocrx_word' id='word_1_231' title='bbox 162 2842 370 2893; x_wconf 83' lang='lat' dir='ltr'><strong>Plautus</strong></span> <span class='ocrx_word' id='word_1_232' title='bbox 390 2854 439 2896; x_wconf 80' lang='lat' dir='ltr'><strong>et</strong></span> <span class='ocrx_word' id='word_1_233' title='bbox 458 2846 681 2895; x_wconf 87' lang='lat' dir='ltr'><strong>Naevius</strong></span> <span class='ocrx_word' id='word_1_234' title='bbox 701 2846 883 2895; x_wconf 85' lang='lat' dir='ltr'><strong>multas</strong></span> <span class='ocrx_word' id='word_1_235' title='bbox 903 2844 1101 2898; x_wconf 83' lang='lat' dir='ltr'><strong>fabulas</strong></span> 
     </span>
     <span class='ocr_line' id='line_1_39' title="bbox 166 2910 1095 2978; baseline 0.009 -19"><span class='ocrx_word' id='word_1_236' title='bbox 166 2910 440 2962; x_wconf 81' lang='lat' dir='ltr'><strong>docuerant</strong></span> <span class='ocrx_word' id='word_1_237' title='bbox 456 2921 569 2964; x_wconf 86' lang='lat' dir='ltr'><strong>ante</strong></span> <span class='ocrx_word' id='word_1_238' title='bbox 591 2929 639 2967; x_wconf 84' lang='lat' dir='ltr'><strong>a.</strong></span> <span class='ocrx_word' id='word_1_239' title='bbox 658 2931 710 2964; x_wconf 90' lang='grc' dir='ltr'><strong>ιι.</strong></span> <span class='ocrx_word' id='word_1_240' title='bbox 735 2931 779 2964; x_wconf 90' lang='lat' dir='ltr'><strong>c.</strong></span> <span class='ocrx_word' id='word_1_241' title='bbox 796 2915 897 2966; x_wconf 85' lang='lat'><strong>557</strong></span> <span class='ocrx_word' id='word_1_242' title='bbox 903 2951 937 2978; x_wconf 89' lang='lat'><strong>.,</strong></span> <span class='ocrx_word' id='word_1_243' title='bbox 958 2915 1095 2967; x_wconf 84' lang='lat' dir='ltr'><strong>Brut.</strong></span> 
     </span>
     <span class='ocr_line' id='line_1_40' title="bbox 166 2977 1101 3046; baseline 0.007 -19"><span class='ocrx_word' id='word_1_244' title='bbox 166 2977 257 3037; x_wconf 87' lang='lat'><strong>18,</strong></span> <span class='ocrx_word' id='word_1_245' title='bbox 290 2981 466 3032; x_wconf 85' lang='lat'><strong>73..-—</strong></span> <span class='ocrx_word' id='word_1_246' title='bbox 486 2983 609 3040; x_wconf 82' lang='lat' dir='ltr'><strong>Eius</strong></span> <span class='ocrx_word' id='word_1_247' title='bbox 639 2985 798 3034; x_wconf 84' lang='lat' dir='ltr'><strong>oratio</strong></span> <span class='ocrx_word' id='word_1_248' title='bbox 830 2985 1101 3046; x_wconf 77' lang='lat' dir='ltr'><strong>antiquita-</strong></span> 
     </span>
     <span class='ocr_line' id='line_1_41' title="bbox 162 3051 1098 3116; baseline 0.007 -21"><span class='ocrx_word' id='word_1_249' title='bbox 162 3055 263 3097; x_wconf 71' lang='lat' dir='ltr'><strong>tem</strong></span> <span class='ocrx_word' id='word_1_250' title='bbox 281 3051 543 3114; x_wconf 82' lang='lat' dir='ltr'><strong>redolens,</strong></span> <span class='ocrx_word' id='word_1_251' title='bbox 576 3052 639 3100; x_wconf 91' lang='lat' dir='ltr'><strong>de</strong></span> <span class='ocrx_word' id='word_1_252' title='bbox 660 3059 783 3102; x_wconf 84' lang='lat' dir='ltr'><strong>orat.</strong></span> <span class='ocrx_word' id='word_1_253' title='bbox 806 3052 865 3114; x_wconf 88' lang='grc'><strong>3,</strong></span> <span class='ocrx_word' id='word_1_254' title='bbox 889 3054 983 3116; x_wconf 88' lang='grc'><strong>12,</strong></span> <span class='ocrx_word' id='word_1_255' title='bbox 1011 3055 1098 3104; x_wconf 88' lang='grc'><strong>44.</strong></span> 
     </span>
     <span class='ocr_line' id='line_1_42' title="bbox 162 3119 1100 3184; baseline 0.005 -19"><span class='ocrx_word' id='word_1_256' title='bbox 162 3137 228 3152; x_wconf 62' lang='grc' dir='ltr'><strong>ν·-</strong></span> <span class='ocrx_word' id='word_1_257' title='bbox 248 3119 457 3169; x_wconf 80' lang='lat' dir='ltr'><strong>Plautus</strong></span> <span class='ocrx_word' id='word_1_258' title='bbox 482 3122 706 3170; x_wconf 86' lang='lat' dir='ltr'><strong>urbanus</strong></span> <span class='ocrx_word' id='word_1_259' title='bbox 726 3130 773 3172; x_wconf 84' lang='lat' dir='ltr'><strong>et</strong></span> <span class='ocrx_word' id='word_1_260' title='bbox 794 3121 1013 3184; x_wconf 77' lang='lat' dir='ltr'><strong>facetuS,</strong></span> <span class='ocrx_word' id='word_1_261' title='bbox 1038 3122 1100 3171; x_wconf 88' lang='lat' dir='ltr'><strong>de</strong></span> 
     </span>
     <span class='ocr_line' id='line_1_43' title="bbox 160 3185 1101 3248; baseline 0.005 -15"><span class='ocrx_word' id='word_1_262' title='bbox 160 3185 249 3236; x_wconf 82' lang='lat' dir='ltr'><strong>off.</strong></span> <span class='ocrx_word' id='word_1_263' title='bbox 289 3188 314 3236; x_wconf 89' lang='lat'><strong>1</strong></span> <span class='ocrx_word' id='word_1_264' title='bbox 338 3224 351 3248; x_wconf 93' lang='lat'>‚</span> <span class='ocrx_word' id='word_1_265' title='bbox 383 3187 478 3247; x_wconf 85' lang='lat'><strong>29,</strong></span> <span class='ocrx_word' id='word_1_266' title='bbox 517 3191 635 3241; x_wconf 90' lang='grc'><strong>104.</strong></span> <span class='ocrx_word' id='word_1_267' title='bbox 668 3217 733 3227; x_wconf 88' lang='lat'><strong>-—</strong></span> <span class='ocrx_word' id='word_1_268' title='bbox 763 3191 1101 3241; x_wconf 83' lang='lat' dir='ltr'><strong>Vehementer</strong></span> 
     </span>
     <span class='ocr_line' id='line_1_44' title="bbox 162 3256 1101 3316; baseline 0.006 -14"><span class='ocrx_word' id='word_1_269' title='bbox 162 3256 419 3316; x_wconf 82' lang='lat' dir='ltr'><strong>gaudebat</strong></span> <span class='ocrx_word' id='word_1_270' title='bbox 460 3256 763 3309; x_wconf 85' lang='lat' dir='ltr'><strong>Truculento</strong></span> <span class='ocrx_word' id='word_1_271' title='bbox 801 3260 1010 3310; x_wconf 82' lang='lat' dir='ltr'><strong>Plautus</strong></span> <span class='ocrx_word' id='word_1_272' title='bbox 1052 3265 1101 3309; x_wconf 84' lang='lat' dir='ltr'><strong>et</strong></span> 
     </span>
     <span class='ocr_line' id='line_1_45' title="bbox 163 3322 1101 3390; baseline 0.005 -19"><span class='ocrx_word' id='word_1_273' title='bbox 163 3322 441 3385; x_wconf 81' lang='lat' dir='ltr'><strong>Pseudolo,</strong></span> <span class='ocrx_word' id='word_1_274' title='bbox 465 3326 527 3376; x_wconf 91' lang='lat' dir='ltr'><strong>de</strong></span> <span class='ocrx_word' id='word_1_275' title='bbox 547 3343 654 3376; x_wconf 85' lang='lat' dir='ltr'><strong>sen.</strong></span> <span class='ocrx_word' id='word_1_276' title='bbox 681 3329 762 3390; x_wconf 90' lang='grc'><strong>14,</strong></span> <span class='ocrx_word' id='word_1_277' title='bbox 784 3326 869 3379; x_wconf 87' lang='grc'><strong>50.</strong></span> <span class='ocrx_word' id='word_1_278' title='bbox 894 3355 967 3368; x_wconf 88' lang='lat'><strong>—·</strong></span> <span class='ocrx_word' id='word_1_279' title='bbox 986 3328 1101 3378; x_wconf 90' lang='lat' dir='ltr'><strong>Ser-</strong></span> 
     </span>
     <span class='ocr_line' id='line_1_46' title="bbox 164 3393 1101 3446; baseline 0.004 -7"><span class='ocrx_word' id='word_1_280' title='bbox 164 3395 281 3441; x_wconf 85' lang='lat' dir='ltr'><strong>vius</strong></span> <span class='ocrx_word' id='word_1_281' title='bbox 300 3393 509 3444; x_wconf 79' lang='lat' dir='ltr'><strong>Clodius</strong></span> <span class='ocrx_word' id='word_1_282' title='bbox 531 3396 753 3446; x_wconf 84' lang='lat' dir='ltr'><strong>dicebat:</strong></span> <span class='ocrx_word' id='word_1_283' title='bbox 778 3403 794 3429; x_wconf 75' lang='lat'><em>‘</em></span> <span class='ocrx_word' id='word_1_284' title='bbox 810 3397 905 3446; x_wconf 90' lang='lat' dir='ltr'><strong>Hic</strong></span> <span class='ocrx_word' id='word_1_285' title='bbox 925 3410 1101 3446; x_wconf 86' lang='lat' dir='ltr'><strong>versus</strong></span> 
     </span>
     <span class='ocr_line' id='line_1_47' title="bbox 160 3459 1103 3528; baseline 0.003 -20"><span class='ocrx_word' id='word_1_286' title='bbox 160 3459 329 3510; x_wconf 88' lang='lat' dir='ltr'><strong>Plauti</strong></span> <span class='ocrx_word' id='word_1_287' title='bbox 350 3477 448 3514; x_wconf 88' lang='lat' dir='ltr'><strong>non</strong></span> <span class='ocrx_word' id='word_1_288' title='bbox 470 3471 572 3525; x_wconf 73' lang='lat' dir='ltr'><strong>est,</strong></span> <span class='ocrx_word' id='word_1_289' title='bbox 598 3465 683 3514; x_wconf 87' lang='lat' dir='ltr'><strong>hic</strong></span> <span class='ocrx_word' id='word_1_290' title='bbox 703 3471 779 3515; x_wconf 86' lang='lat' dir='ltr'><strong>est</strong></span> <span class='ocrx_word' id='word_1_291' title='bbox 792 3468 831 3528; x_wconf 75' lang='lat'><strong>⁹,</strong></span> <span class='ocrx_word' id='word_1_292' title='bbox 853 3465 992 3528; x_wconf 84' lang='lat' dir='ltr'><strong>quod</strong></span> <span class='ocrx_word' id='word_1_293' title='bbox 1012 3463 1103 3512; x_wconf 78' lang='lat' dir='ltr'><strong>tri-</strong></span> 
     </span>
    </p>
   </div>
   <div class='ocr_carea' id='block_1_3' title="bbox 2057 200 2175 260">
    <p class='ocr_par' dir='ltr' id='par_1_14' title="bbox 2057 200 2175 260">
     <span class='ocr_line' id='line_1_48' title="bbox 2057 200 2175 260; baseline 0.017 -2"><span class='ocrx_word' id='word_1_294' title='bbox 2057 200 2175 260; x_wconf 83' lang='lat'><strong>301</strong></span> 
     </span>
    </p>
   </div>
   <div class='ocr_carea' id='block_1_4' title="bbox 1241 366 2181 634">
    <p class='ocr_par' dir='ltr' id='par_1_15' title="bbox 1241 366 2181 634">
     <span class='ocr_line' id='line_1_49' title="bbox 1242 366 2181 432; baseline 0.002 -17"><span class='ocrx_word' id='word_1_295' title='bbox 1242 375 1320 416; x_wconf 86' lang='lat' dir='ltr'><strong>tas</strong></span> <span class='ocrx_word' id='word_1_296' title='bbox 1341 380 1488 415; x_wconf 88' lang='lat' dir='ltr'><strong>aures</strong></span> <span class='ocrx_word' id='word_1_297' title='bbox 1522 366 1731 415; x_wconf 83' lang='lat' dir='ltr'><strong>haberet</strong></span> <span class='ocrx_word' id='word_1_298' title='bbox 1763 368 1995 416; x_wconf 79' lang='lat' dir='ltr'><strong>notandis</strong></span> <span class='ocrx_word' id='word_1_299' title='bbox 2027 382 2181 432; x_wconf 87' lang='lat' dir='ltr'><strong>gene-</strong></span> 
     </span>
     <span class='ocr_line' id='line_1_50' title="bbox 1241 437 2179 498; baseline 0.002 -15"><span class='ocrx_word' id='word_1_300' title='bbox 1241 438 1382 485; x_wconf 87' lang='lat' dir='ltr'><strong>ribus</strong></span> <span class='ocrx_word' id='word_1_301' title='bbox 1425 437 1686 498; x_wconf 73' lang='lat' dir='ltr'><strong>poetarum</strong></span> <span class='ocrx_word' id='word_1_302' title='bbox 1732 443 1778 483; x_wconf 83' lang='lat' dir='ltr'><strong>et</strong></span> <span class='ocrx_word' id='word_1_303' title='bbox 1817 437 2179 486; x_wconf 82' lang='lat' dir='ltr'><strong>consuetudine</strong></span> 
     </span>
     <span class='ocr_line' id='line_1_51' title="bbox 1241 503 2180 569; baseline 0 -16"><span class='ocrx_word' id='word_1_304' title='bbox 1241 505 1477 569; x_wconf 87' lang='lat' dir='ltr'><strong>legendi,</strong></span> <span class='ocrx_word' id='word_1_305' title='bbox 1501 504 1565 553; x_wconf 91' lang='lat' dir='ltr'><strong>ad</strong></span> <span class='ocrx_word' id='word_1_306' title='bbox 1589 504 1710 553; x_wconf 85' lang='lat' dir='ltr'><strong>fam.</strong></span> <span class='ocrx_word' id='word_1_307' title='bbox 1732 503 1780 564; x_wconf 85' lang='lat'><strong>9,</strong></span> <span class='ocrx_word' id='word_1_308' title='bbox 1809 506 1889 567; x_wconf 90' lang='grc'><strong>16,</strong></span> <span class='ocrx_word' id='word_1_309' title='bbox 1912 507 1962 558; x_wconf 88' lang='grc'><strong>4.</strong></span> <span class='ocrx_word' id='word_1_310' title='bbox 1977 507 2180 554; x_wconf 85' lang='lat' dir='ltr'><strong>—Ver-</strong></span> 
     </span>
     <span class='ocr_line' id='line_1_52' title="bbox 1242 572 2177 634; baseline 0.001 -12"><span class='ocrx_word' id='word_1_311' title='bbox 1242 574 1430 623; x_wconf 88' lang='lat' dir='ltr'><strong>siculus</strong></span> <span class='ocrx_word' id='word_1_312' title='bbox 1451 588 1514 621; x_wconf 84' lang='lat' dir='ltr'><strong>ex</strong></span> <span class='ocrx_word' id='word_1_313' title='bbox 1537 572 1796 621; x_wconf 82' lang='lat' dir='ltr'><strong>Aulularia</strong></span> <span class='ocrx_word' id='word_1_314' title='bbox 1812 610 1824 631; x_wconf 93' lang='lat'><strong>,</strong></span> <span class='ocrx_word' id='word_1_315' title='bbox 1860 574 1923 622; x_wconf 86' lang='lat' dir='ltr'><strong>de</strong></span> <span class='ocrx_word' id='word_1_316' title='bbox 1942 574 2103 627; x_wconf 88' lang='lat' dir='ltr'><strong>divin.</strong></span> <span class='ocrx_word' id='word_1_317' title='bbox 2129 575 2177 634; x_wconf 86' lang='lat'><strong>1,</strong></span> 
     </span>
    </p>
   </div>
   <div class='ocr_carea' id='block_1_5' title="bbox 1240 640 2178 706">
    <p class='ocr_par' dir='ltr' id='par_1_16' title="bbox 1240 640 2178 706">
     <span class='ocr_line' id='line_1_53' title="bbox 1240 640 2178 706; baseline 0.002 -13"><span class='ocrx_word' id='word_1_318' title='bbox 1240 642 1337 706; x_wconf 85' lang='lat'><strong>31,</strong></span> <span class='ocrx_word' id='word_1_319' title='bbox 1361 640 1446 691; x_wconf 88' lang='grc'><strong>65.</strong></span> <span class='ocrx_word' id='word_1_320' title='bbox 1474 668 1542 677; x_wconf 78' lang='lat'><strong>——-</strong></span> <span class='ocrx_word' id='word_1_321' title='bbox 1573 642 1927 705; x_wconf 88' lang='lat' dir='ltr'><strong>Trinummus,</strong></span> <span class='ocrx_word' id='word_1_322' title='bbox 1961 644 2022 692; x_wconf 92' lang='lat' dir='ltr'><strong>de</strong></span> <span class='ocrx_word' id='word_1_323' title='bbox 2053 654 2178 695; x_wconf 83' lang='lat' dir='ltr'><strong>orat.</strong></span> 
     </span>
    </p>
   </div>
   <div class='ocr_carea' id='block_1_6' title="bbox 1170 710 2230 3530">
    <p class='ocr_par' dir='ltr' id='par_1_17' title="bbox 1240 710 2182 1051">
     <span class='ocr_line' id='line_1_54' title="bbox 1240 710 2182 776; baseline 0 -15"><span class='ocrx_word' id='word_1_324' title='bbox 1240 712 1292 776; x_wconf 87' lang='grc'><strong>2,</strong></span> <span class='ocrx_word' id='word_1_325' title='bbox 1317 710 1398 769; x_wconf 93' lang='grc'><strong>10,</strong></span> <span class='ocrx_word' id='word_1_326' title='bbox 1420 710 1505 762; x_wconf 92' lang='grc'><strong>39.</strong></span> <span class='ocrx_word' id='word_1_327' title='bbox 1534 736 1603 747; x_wconf 89' lang='lat'><strong>—</strong></span> <span class='ocrx_word' id='word_1_328' title='bbox 1622 711 1874 760; x_wconf 80' lang='lat' dir='ltr'><strong>Versiculi</strong></span> <span class='ocrx_word' id='word_1_329' title='bbox 1896 727 1923 760; x_wconf 90' lang='lat' dir='ltr'><strong>e</strong></span> <span class='ocrx_word' id='word_1_330' title='bbox 1949 712 2182 761; x_wconf 86' lang='lat' dir='ltr'><strong>Trinum-</strong></span> 
     </span>
     <span class='ocr_line' id='line_1_55' title="bbox 1241 779 2181 841; baseline 0.002 -13"><span class='ocrx_word' id='word_1_331' title='bbox 1241 796 1324 828; x_wconf 91' lang='lat' dir='ltr'><strong>mo</strong></span> <span class='ocrx_word' id='word_1_332' title='bbox 1343 818 1356 841; x_wconf 94' lang='lat'><strong>,</strong></span> <span class='ocrx_word' id='word_1_333' title='bbox 1379 780 1443 829; x_wconf 89' lang='lat' dir='ltr'><strong>ad</strong></span> <span class='ocrx_word' id='word_1_334' title='bbox 1461 779 1574 829; x_wconf 85' lang='lat' dir='ltr'><strong>Her.</strong></span> <span class='ocrx_word' id='word_1_335' title='bbox 1597 782 1658 839; x_wconf 87' lang='grc'><strong>2,</strong></span> <span class='ocrx_word' id='word_1_336' title='bbox 1682 780 1776 838; x_wconf 89' lang='grc'><strong>23,</strong></span> <span class='ocrx_word' id='word_1_337' title='bbox 1799 779 1898 830; x_wconf 80' lang='lat'><strong>35.-</strong></span> <span class='ocrx_word' id='word_1_338' title='bbox 1925 781 1987 829; x_wconf 91' lang='lat' dir='ltr'><strong>de</strong></span> <span class='ocrx_word' id='word_1_339' title='bbox 2006 782 2107 830; x_wconf 89' lang='lat' dir='ltr'><strong>inv.</strong></span> <span class='ocrx_word' id='word_1_340' title='bbox 2135 781 2181 839; x_wconf 91' lang='lat'><strong>1,</strong></span> 
     </span>
     <span class='ocr_line' id='line_1_56' title="bbox 1241 848 2182 908; baseline 0.002 -11"><span class='ocrx_word' id='word_1_341' title='bbox 1241 848 1328 908; x_wconf 91' lang='grc'><strong>50,</strong></span> <span class='ocrx_word' id='word_1_342' title='bbox 1350 849 1434 900; x_wconf 86' lang='grc'><strong>95.</strong></span> <span class='ocrx_word' id='word_1_343' title='bbox 1450 849 1652 897; x_wconf 87' lang='lat' dir='ltr'><strong>——Eius</strong></span> <span class='ocrx_word' id='word_1_344' title='bbox 1675 863 1848 899; x_wconf 86' lang='lat' dir='ltr'><strong>versus</strong></span> <span class='ocrx_word' id='word_1_345' title='bbox 1871 851 1933 899; x_wconf 89' lang='lat' dir='ltr'><strong>de</strong></span> <span class='ocrx_word' id='word_1_346' title='bbox 1952 849 2182 899; x_wconf 88' lang='lat' dir='ltr'><strong>Trinum-</strong></span> 
     </span>
     <span class='ocr_line' id='line_1_57' title="bbox 1242 918 2182 981; baseline 0.002 -16"><span class='ocrx_word' id='word_1_347' title='bbox 1242 932 1353 980; x_wconf 89' lang='lat' dir='ltr'><strong>mo,</strong></span> <span class='ocrx_word' id='word_1_348' title='bbox 1389 933 1468 981; x_wconf 92' lang='lat' dir='ltr'><strong>ep.</strong></span> <span class='ocrx_word' id='word_1_349' title='bbox 1509 919 1574 967; x_wconf 90' lang='lat' dir='ltr'><strong>ad</strong></span> <span class='ocrx_word' id='word_1_350' title='bbox 1597 918 1734 969; x_wconf 79' lang='lat' dir='ltr'><strong>Brut.</strong></span> <span class='ocrx_word' id='word_1_351' title='bbox 1760 920 1786 967; x_wconf 93' lang='grc'><strong>1</strong></span> <span class='ocrx_word' id='word_1_352' title='bbox 1807 956 1820 978; x_wconf 95' lang='grc'><strong>,</strong></span> <span class='ocrx_word' id='word_1_353' title='bbox 1853 920 1902 968; x_wconf 91' lang='grc'><strong>2.</strong></span> <span class='ocrx_word' id='word_1_354' title='bbox 1928 945 1997 956; x_wconf 90' lang='grc'><strong>--</strong></span> <span class='ocrx_word' id='word_1_355' title='bbox 2015 919 2182 969; x_wconf 87' lang='lat' dir='ltr'><strong>Plauti</strong></span> 
     </span>
     <span class='ocr_line' id='line_1_58' title="bbox 1240 986 1986 1051; baseline 0.004 -15"><span class='ocrx_word' id='word_1_356' title='bbox 1240 1002 1450 1048; x_wconf 86' lang='lat' dir='ltr'><strong>versus,</strong></span> <span class='ocrx_word' id='word_1_357' title='bbox 1477 988 1540 1035; x_wconf 83' lang='lat' dir='ltr'><strong>de</strong></span> <span class='ocrx_word' id='word_1_358' title='bbox 1565 1003 1604 1039; x_wconf 90' lang='lat' dir='ltr'><strong>r.</strong></span> <span class='ocrx_word' id='word_1_359' title='bbox 1631 1003 1682 1051; x_wconf 87' lang='lat' dir='ltr'><strong>p.</strong></span> <span class='ocrx_word' id='word_1_360' title='bbox 1713 990 1762 1046; x_wconf 88' lang='grc'><strong>4,</strong></span> <span class='ocrx_word' id='word_1_361' title='bbox 1792 986 1873 1048; x_wconf 92' lang='grc'><strong>10,</strong></span> <span class='ocrx_word' id='word_1_362' title='bbox 1905 990 1986 1039; x_wconf 89' lang='grc'><strong>11.</strong></span> 
     </span>
    </p>

    <p class='ocr_par' dir='ltr' id='par_1_18' title="bbox 1171 1054 2180 1322">
     <span class='ocr_line' id='line_1_59' title="bbox 1171 1054 2180 1119; baseline -0.001 -13"><span class='ocrx_word' id='word_1_363' title='bbox 1171 1054 1438 1119; x_wconf 87' lang='lat' dir='ltr'><strong>Plautus,</strong></span> <span class='ocrx_word' id='word_1_364' title='bbox 1464 1056 1620 1105; x_wconf 85' lang='lat' dir='ltr'><strong>iudex</strong></span> <span class='ocrx_word' id='word_1_365' title='bbox 1642 1058 1692 1104; x_wconf 90' lang='lat' dir='ltr'><strong>in</strong></span> <span class='ocrx_word' id='word_1_366' title='bbox 1712 1058 1900 1106; x_wconf 85' lang='lat' dir='ltr'><strong>iudicio</strong></span> <span class='ocrx_word' id='word_1_367' title='bbox 1929 1056 2094 1111; x_wconf 89' lang='lat' dir='ltr'><strong>Clodii</strong></span> <span class='ocrx_word' id='word_1_368' title='bbox 2119 1058 2180 1107; x_wconf 90' lang='lat' dir='ltr'><strong>de</strong></span> 
     </span>
     <span class='ocr_line' id='line_1_60' title="bbox 1242 1126 2179 1189; baseline 0.002 -16"><span class='ocrx_word' id='word_1_369' title='bbox 1242 1127 1401 1173; x_wconf 88' lang='lat' dir='ltr'><strong>sacris</strong></span> <span class='ocrx_word' id='word_1_370' title='bbox 1441 1126 1642 1175; x_wconf 83' lang='lat' dir='ltr'><strong>violatis</strong></span> <span class='ocrx_word' id='word_1_371' title='bbox 1677 1127 1751 1174; x_wconf 88' lang='lat' dir='ltr'><strong>rei</strong></span> <span class='ocrx_word' id='word_1_372' title='bbox 1791 1134 2058 1189; x_wconf 82' lang='lat' dir='ltr'><strong>corruptus</strong></span> <span class='ocrx_word' id='word_1_373' title='bbox 2093 1127 2179 1174; x_wconf 87' lang='lat' dir='ltr'><strong>ab·</strong></span> 
     </span>
     <span class='ocr_line' id='line_1_61' title="bbox 1244 1194 2178 1256; baseline 0.003 -15"><span class='ocrx_word' id='word_1_374' title='bbox 1244 1194 1395 1242; x_wconf 83' lang='lat' dir='ltr'><strong>solvit</strong></span> <span class='ocrx_word' id='word_1_375' title='bbox 1417 1194 1651 1244; x_wconf 86' lang='lat' dir='ltr'><strong>Clodium</strong></span> <span class='ocrx_word' id='word_1_376' title='bbox 1688 1210 1732 1243; x_wconf 88' lang='lat' dir='ltr'><strong>a.</strong></span> <span class='ocrx_word' id='word_1_377' title='bbox 1766 1210 1816 1245; x_wconf 87' lang='grc' dir='ltr'><strong>ιι.</strong></span> <span class='ocrx_word' id='word_1_378' title='bbox 1857 1210 1901 1248; x_wconf 85' lang='lat' dir='ltr'><strong>e.</strong></span> <span class='ocrx_word' id='word_1_379' title='bbox 1930 1194 2051 1245; x_wconf 88' lang='grc'><strong>693.</strong></span> <span class='ocrx_word' id='word_1_380' title='bbox 2068 1231 2085 1256; x_wconf 94' lang='grc'><strong>,</strong></span> <span class='ocrx_word' id='word_1_381' title='bbox 2111 1196 2178 1244; x_wconf 84' lang='lat' dir='ltr'><strong>ad</strong></span> 
     </span>
     <span class='ocr_line' id='line_1_62' title="bbox 1242 1263 1609 1322; baseline 0.016 -13"><span class='ocrx_word' id='word_1_382' title='bbox 1242 1264 1346 1310; x_wconf 80' lang='lat' dir='ltr'><strong>Att.</strong></span> <span class='ocrx_word' id='word_1_383' title='bbox 1373 1264 1419 1322; x_wconf 92' lang='lat'><strong>1,</strong></span> <span class='ocrx_word' id='word_1_384' title='bbox 1451 1263 1533 1322; x_wconf 83' lang='lat'><strong>16,</strong></span> <span class='ocrx_word' id='word_1_385' title='bbox 1559 1263 1609 1316; x_wconf 93' lang='grc'><strong>6.</strong></span> 
     </span>
    </p>

    <p class='ocr_par' dir='ltr' id='par_1_19' title="bbox 1172 1328 2176 1463">
     <span class='ocr_line' id='line_1_63' title="bbox 1172 1328 2176 1395; baseline 0 -14"><span class='ocrx_word' id='word_1_386' title='bbox 1172 1328 1470 1381; x_wconf 82' lang='lat' dir='ltr'><strong>Pleiadum</strong></span> <span class='ocrx_word' id='word_1_387' title='bbox 1510 1332 1619 1381; x_wconf 87' lang='lat' dir='ltr'><strong>sive</strong></span> <span class='ocrx_word' id='word_1_388' title='bbox 1645 1332 1984 1395; x_wconf 81' lang='lat' dir='ltr'><strong>Vergiliarum</strong></span> <span class='ocrx_word' id='word_1_389' title='bbox 2017 1334 2176 1381; x_wconf 88' lang='lat' dir='ltr'><strong>nomi-</strong></span> 
     </span>
     <span class='ocr_line' id='line_1_64' title="bbox 1242 1398 1712 1463; baseline -0.006 -15"><span class='ocrx_word' id='word_1_390' title='bbox 1242 1415 1334 1463; x_wconf 90' lang='lat' dir='ltr'><strong>na,</strong></span> <span class='ocrx_word' id='word_1_391' title='bbox 1357 1402 1497 1449; x_wconf 82' lang='lat' dir='ltr'><strong>Arat.</strong></span> <span class='ocrx_word' id='word_1_392' title='bbox 1520 1415 1566 1451; x_wconf 80' lang='lat' dir='ltr'><strong>V.</strong></span> <span class='ocrx_word' id='word_1_393' title='bbox 1593 1398 1712 1449; x_wconf 88' lang='grc'><strong>269.</strong></span> 
     </span>
    </p>

    <p class='ocr_par' dir='ltr' id='par_1_20' title="bbox 1173 1466 2230 1668">
     <span class='ocr_line' id='line_1_65' title="bbox 1173 1466 2230 1532; baseline 0.001 -17"><span class='ocrx_word' id='word_1_394' title='bbox 1173 1466 1475 1518; x_wconf 82' lang='lat' dir='ltr'><strong>Pleuratus</strong></span> <span class='ocrx_word' id='word_1_395' title='bbox 1497 1503 1513 1529; x_wconf 94' lang='lat'><strong>,</strong></span> <span class='ocrx_word' id='word_1_396' title='bbox 1579 1466 1961 1532; x_wconf 66' lang='lat' dir='ltr'><strong>Dyrrhachinus</strong></span> <span class='ocrx_word' id='word_1_397' title='bbox 1987 1504 1998 1527; x_wconf 88' lang='lat'><strong>,</strong></span> <span class='ocrx_word' id='word_1_398' title='bbox 2065 1468 2181 1517; x_wconf 88' lang='lat' dir='ltr'><strong>Pla-</strong></span> <span class='ocrx_word' id='word_1_399' title='bbox 2223 1485 2230 1491; x_wconf 95' lang='lat'><em>·</em></span> 
     </span>
     <span class='ocr_line' id='line_1_66' title="bbox 1240 1536 2182 1599; baseline 0.001 -15"><span class='ocrx_word' id='word_1_400' title='bbox 1240 1538 1369 1586; x_wconf 88' lang='lat' dir='ltr'><strong>toris</strong></span> <span class='ocrx_word' id='word_1_401' title='bbox 1408 1550 1608 1599; x_wconf 88' lang='lat' dir='ltr'><strong>comes,</strong></span> <span class='ocrx_word' id='word_1_402' title='bbox 1649 1536 1940 1585; x_wconf 84' lang='lat' dir='ltr'><strong>verberibus</strong></span> <span class='ocrx_word' id='word_1_403' title='bbox 1975 1544 2182 1585; x_wconf 83' lang='lat' dir='ltr'><strong>necatus</strong></span> 
     </span>
     <span class='ocr_line' id='line_1_67' title="bbox 1242 1603 2085 1668; baseline 0.004 -15"><span class='ocrx_word' id='word_1_404' title='bbox 1242 1620 1272 1653; x_wconf 91' lang='lat' dir='ltr'><strong>a</strong></span> <span class='ocrx_word' id='word_1_405' title='bbox 1298 1606 1357 1657; x_wconf 89' lang='lat' dir='ltr'><strong>L.</strong></span> <span class='ocrx_word' id='word_1_406' title='bbox 1384 1604 1592 1668; x_wconf 85' lang='lat' dir='ltr'><strong>Pisone,</strong></span> <span class='ocrx_word' id='word_1_407' title='bbox 1622 1606 1674 1653; x_wconf 82' lang='lat' dir='ltr'><strong>in</strong></span> <span class='ocrx_word' id='word_1_408' title='bbox 1692 1605 1862 1656; x_wconf 88' lang='lat' dir='ltr'><strong>Pison.</strong></span> <span class='ocrx_word' id='word_1_409' title='bbox 1891 1603 1976 1663; x_wconf 89' lang='grc'><strong>34,</strong></span> <span class='ocrx_word' id='word_1_410' title='bbox 1998 1606 2085 1657; x_wconf 87' lang='grc'><strong>84.</strong></span> 
     </span>
    </p>

    <p class='ocr_par' dir='ltr' id='par_1_21' title="bbox 1172 1671 2179 1738">
     <span class='ocr_line' id='line_1_68' title="bbox 1172 1671 2179 1738; baseline 0.003 -15"><span class='ocrx_word' id='word_1_411' title='bbox 1172 1671 1366 1723; x_wconf 75' lang='lat' dir='ltr'><strong>Plotia</strong></span> <span class='ocrx_word' id='word_1_412' title='bbox 1384 1674 1469 1721; x_wconf 84' lang='lat' dir='ltr'><strong>lex</strong></span> <span class='ocrx_word' id='word_1_413' title='bbox 1491 1674 1718 1738; x_wconf 87' lang='lat' dir='ltr'><strong>agraria,</strong></span> <span class='ocrx_word' id='word_1_414' title='bbox 1739 1675 1804 1723; x_wconf 89' lang='lat' dir='ltr'><strong>ad</strong></span> <span class='ocrx_word' id='word_1_415' title='bbox 1826 1674 1926 1723; x_wconf 68' lang='lat' dir='ltr'><strong>Ait.</strong></span> <span class='ocrx_word' id='word_1_416' title='bbox 1953 1674 1999 1735; x_wconf 90' lang='lat'><strong>1,</strong></span> <span class='ocrx_word' id='word_1_417' title='bbox 2026 1673 2107 1734; x_wconf 87' lang='lat'><strong>18,</strong></span> <span class='ocrx_word' id='word_1_418' title='bbox 2127 1676 2179 1728; x_wconf 88' lang='grc'><strong>6.</strong></span> 
     </span>
    </p>

    <p class='ocr_par' dir='ltr' id='par_1_22' title="bbox 1173 1740 2176 1876">
     <span class='ocr_line' id='line_1_69' title="bbox 1173 1740 2176 1807; baseline 0.001 -15"><span class='ocrx_word' id='word_1_419' title='bbox 1173 1740 1366 1792; x_wconf 83' lang='lat' dir='ltr'><strong>Plotia</strong></span> <span class='ocrx_word' id='word_1_420' title='bbox 1407 1742 1491 1791; x_wconf 85' lang='lat' dir='ltr'><strong>lex</strong></span> <span class='ocrx_word' id='word_1_421' title='bbox 1535 1744 1597 1791; x_wconf 90' lang='lat' dir='ltr'><strong>de</strong></span> <span class='ocrx_word' id='word_1_422' title='bbox 1645 1744 1722 1803; x_wconf 72' lang='lat' dir='ltr'><strong>vi,</strong></span> <span class='ocrx_word' id='word_1_423' title='bbox 1781 1742 1980 1793; x_wconf 87' lang='lat' dir='ltr'><strong>Cornel.</strong></span> <span class='ocrx_word' id='word_1_424' title='bbox 2024 1745 2176 1807; x_wconf 85' lang='lat' dir='ltr'><strong>prim.</strong></span> 
     </span>
     <span class='ocr_line' id='line_1_70' title="bbox 1241 1810 1760 1876; baseline 0.008 -17"><span class='ocrx_word' id='word_1_425' title='bbox 1241 1812 1425 1876; x_wconf 85' lang='lat' dir='ltr'><strong>fragm.</strong></span> <span class='ocrx_word' id='word_1_426' title='bbox 1450 1811 1532 1860; x_wconf 91' lang='grc'><strong>27.</strong></span> <span class='ocrx_word' id='word_1_427' title='bbox 1561 1826 1614 1875; x_wconf 88' lang='lat' dir='ltr'><strong>p.</strong></span> <span class='ocrx_word' id='word_1_428' title='bbox 1641 1810 1760 1863; x_wconf 89' lang='grc'><strong>213.</strong></span> 
     </span>
    </p>

    <p class='ocr_par' dir='ltr' id='par_1_23' title="bbox 1173 1878 2183 2014">
     <span class='ocr_line' id='line_1_71' title="bbox 1173 1878 2183 1942; baseline 0.001 -11"><span class='ocrx_word' id='word_1_429' title='bbox 1173 1878 1437 1931; x_wconf 84' lang='lat' dir='ltr'><strong>Plotiana</strong></span> <span class='ocrx_word' id='word_1_430' title='bbox 1456 1881 1588 1930; x_wconf 87' lang='lat' dir='ltr'><strong>bona</strong></span> <span class='ocrx_word' id='word_1_431' title='bbox 1601 1918 1615 1942; x_wconf 91' lang='lat'><strong>,</strong></span> <span class='ocrx_word' id='word_1_432' title='bbox 1647 1896 1676 1930; x_wconf 83' lang='lat' dir='ltr'><strong>a</strong></span> <span class='ocrx_word' id='word_1_433' title='bbox 1697 1880 1910 1932; x_wconf 85' lang='lat' dir='ltr'><strong>Caesare</strong></span> <span class='ocrx_word' id='word_1_434' title='bbox 1928 1881 1996 1934; x_wconf 89' lang='lat' dir='ltr'><strong>M.</strong></span> <span class='ocrx_word' id='word_1_435' title='bbox 2019 1882 2183 1932; x_wconf 87' lang='lat' dir='ltr'><strong>Labe-</strong></span> 
     </span>
     <span class='ocr_line' id='line_1_72' title="bbox 1242 1949 2061 2014; baseline -0.001 -16"><span class='ocrx_word' id='word_1_436' title='bbox 1242 1953 1322 1999; x_wconf 91' lang='lat' dir='ltr'><strong>rio</strong></span> <span class='ocrx_word' id='word_1_437' title='bbox 1343 1951 1574 2009; x_wconf 85' lang='lat' dir='ltr'><strong>vendita,</strong></span> <span class='ocrx_word' id='word_1_438' title='bbox 1598 1951 1662 1999; x_wconf 90' lang='lat' dir='ltr'><strong>ad</strong></span> <span class='ocrx_word' id='word_1_439' title='bbox 1683 1950 1805 2003; x_wconf 85' lang='lat' dir='ltr'><strong>fam.</strong></span> <span class='ocrx_word' id='word_1_440' title='bbox 1839 1949 1918 2014; x_wconf 85' lang='lat'><strong>13,</strong></span> <span class='ocrx_word' id='word_1_441' title='bbox 1941 1949 1992 2010; x_wconf 89' lang='lat'><strong>8,</strong></span> <span class='ocrx_word' id='word_1_442' title='bbox 2015 1951 2061 1998; x_wconf 94' lang='grc'><strong>2.</strong></span> 
     </span>
    </p>

    <p class='ocr_par' dir='ltr' id='par_1_24' title="bbox 1173 2016 2183 2701">
     <span class='ocr_line' id='line_1_73' title="bbox 1173 2016 2182 2082; baseline 0.003 -15"><span class='ocrx_word' id='word_1_443' title='bbox 1173 2017 1236 2067; x_wconf 91' lang='lat' dir='ltr'><strong>A.</strong></span> <span class='ocrx_word' id='word_1_444' title='bbox 1264 2017 1486 2068; x_wconf 80' lang='lat' dir='ltr'><strong>Plotius</strong></span> <span class='ocrx_word' id='word_1_445' title='bbox 1517 2035 1560 2071; x_wconf 81' lang='lat'><strong>5.</strong></span> <span class='ocrx_word' id='word_1_446' title='bbox 1583 2016 1873 2082; x_wconf 85' lang='lat' dir='ltr'><strong>Plautius,</strong></span> <span class='ocrx_word' id='word_1_447' title='bbox 1914 2019 2182 2070; x_wconf 85' lang='lat' dir='ltr'><strong>familiaris</strong></span> 
     </span>
     <span class='ocr_line' id='line_1_74' title="bbox 1244 2087 2178 2149; baseline 0 -11"><span class='ocrx_word' id='word_1_448' title='bbox 1244 2088 1502 2138; x_wconf 86' lang='lat' dir='ltr'><strong>Ciceronis</strong></span> <span class='ocrx_word' id='word_1_449' title='bbox 1517 2125 1531 2149; x_wconf 93' lang='lat'><strong>,</strong></span> <span class='ocrx_word' id='word_1_450' title='bbox 1555 2088 1736 2137; x_wconf 85' lang='lat' dir='ltr'><strong>aedilis</strong></span> <span class='ocrx_word' id='word_1_451' title='bbox 1757 2088 1920 2137; x_wconf 85' lang='lat' dir='ltr'><strong>factus</strong></span> <span class='ocrx_word' id='word_1_452' title='bbox 1949 2103 2062 2137; x_wconf 87' lang='lat' dir='ltr'><strong>cum</strong></span> <span class='ocrx_word' id='word_1_453' title='bbox 2087 2087 2178 2141; x_wconf 86' lang='lat' dir='ltr'><strong>Cn.</strong></span> 
     </span>
     <span class='ocr_line' id='line_1_75' title="bbox 1241 2156 2179 2222; baseline 0.004 -15"><span class='ocrx_word' id='word_1_454' title='bbox 1241 2156 1451 2207; x_wconf 87' lang='lat' dir='ltr'><strong>Plancio</strong></span> <span class='ocrx_word' id='word_1_455' title='bbox 1484 2173 1531 2211; x_wconf 90' lang='lat' dir='ltr'><strong>a.</strong></span> <span class='ocrx_word' id='word_1_456' title='bbox 1564 2173 1615 2211; x_wconf 90' lang='lat' dir='ltr'><strong>u.</strong></span> <span class='ocrx_word' id='word_1_457' title='bbox 1650 2173 1695 2211; x_wconf 87' lang='lat' dir='ltr'><strong>c.</strong></span> <span class='ocrx_word' id='word_1_458' title='bbox 1721 2156 1840 2211; x_wconf 91' lang='grc'><strong>700.</strong></span> <span class='ocrx_word' id='word_1_459' title='bbox 1859 2194 1873 2218; x_wconf 90' lang='grc'><strong>,</strong></span> <span class='ocrx_word' id='word_1_460' title='bbox 1895 2172 1987 2222; x_wconf 87' lang='lat' dir='ltr'><strong>pro</strong></span> <span class='ocrx_word' id='word_1_461' title='bbox 2006 2157 2179 2211; x_wconf 83' lang='lat' dir='ltr'><strong>Plane.</strong></span> 
     </span>
     <span class='ocr_line' id='line_1_76' title="bbox 1243 2224 2180 2288; baseline 0.003 -13"><span class='ocrx_word' id='word_1_462' title='bbox 1243 2227 1304 2286; x_wconf 88' lang='lat'><strong>7,</strong></span> <span class='ocrx_word' id='word_1_463' title='bbox 1329 2227 1410 2278; x_wconf 78' lang='lat'><strong>17.</strong></span> <span class='ocrx_word' id='word_1_464' title='bbox 1452 2228 1524 2280; x_wconf 87' lang='lat' dir='ltr'><strong>lb.</strong></span> <span class='ocrx_word' id='word_1_465' title='bbox 1547 2228 1642 2286; x_wconf 82' lang='lat'><strong>22,</strong></span> <span class='ocrx_word' id='word_1_466' title='bbox 1676 2224 1760 2280; x_wconf 84' lang='grc'><strong>53.</strong></span> <span class='ocrx_word' id='word_1_467' title='bbox 1785 2253 1853 2263; x_wconf 86' lang='lat'>—</span> <span class='ocrx_word' id='word_1_468' title='bbox 1881 2227 1942 2277; x_wconf 89' lang='lat' dir='ltr'><strong>A.</strong></span> <span class='ocrx_word' id='word_1_469' title='bbox 1966 2226 2180 2288; x_wconf 84' lang='lat' dir='ltr'><strong>Plotius,</strong></span> 
     </span>
     <span class='ocr_line' id='line_1_77' title="bbox 1242 2296 2182 2360; baseline 0.007 -17"><span class='ocrx_word' id='word_1_470' title='bbox 1242 2303 1448 2360; x_wconf 84' lang='lat' dir='ltr'><strong>praetor</strong></span> <span class='ocrx_word' id='word_1_471' title='bbox 1469 2297 1692 2345; x_wconf 85' lang='lat' dir='ltr'><strong>urbanus</strong></span> <span class='ocrx_word' id='word_1_472' title='bbox 1719 2311 1764 2344; x_wconf 89' lang='lat' dir='ltr'><strong>a.</strong></span> <span class='ocrx_word' id='word_1_473' title='bbox 1798 2311 1848 2344; x_wconf 89' lang='lat' dir='ltr'><strong>u.</strong></span> <span class='ocrx_word' id='word_1_474' title='bbox 1884 2312 1927 2348; x_wconf 91' lang='lat' dir='ltr'><strong>c.</strong></span> <span class='ocrx_word' id='word_1_475' title='bbox 1963 2296 2080 2350; x_wconf 88' lang='grc'><strong>703.</strong></span> <span class='ocrx_word' id='word_1_476' title='bbox 2116 2323 2182 2333; x_wconf 90' lang='grc'><strong>--</strong></span> 
     </span>
     <span class='ocr_line' id='line_1_78' title="bbox 1245 2365 2182 2427; baseline 0.001 -15"><span class='ocrx_word' id='word_1_477' title='bbox 1245 2365 1360 2414; x_wconf 75' lang='lat' dir='ltr'><strong>‘Ius</strong></span> <span class='ocrx_word' id='word_1_478' title='bbox 1378 2365 1662 2415; x_wconf 85' lang='lat' dir='ltr'><strong>Laodiceae</strong></span> <span class='ocrx_word' id='word_1_479' title='bbox 1693 2379 1774 2412; x_wconf 90' lang='lat' dir='ltr'><strong>me</strong></span> <span class='ocrx_word' id='word_1_480' title='bbox 1797 2365 1992 2424; x_wconf 86' lang='lat' dir='ltr'><strong>dicere,</strong></span> <span class='ocrx_word' id='word_1_481' title='bbox 2027 2381 2182 2427; x_wconf 89' lang='lat' dir='ltr'><strong>quum</strong></span> 
     </span>
     <span class='ocr_line' id='line_1_79' title="bbox 1242 2433 2179 2486; baseline -0.002 -5"><span class='ocrx_word' id='word_1_482' title='bbox 1242 2433 1435 2482; x_wconf 87' lang='lat' dir='ltr'><strong>Romae</strong></span> <span class='ocrx_word' id='word_1_483' title='bbox 1462 2436 1526 2486; x_wconf 82' lang='lat' dir='ltr'><strong>A.</strong></span> <span class='ocrx_word' id='word_1_484' title='bbox 1549 2433 1741 2483; x_wconf 86' lang='lat' dir='ltr'><strong>Plotius</strong></span> <span class='ocrx_word' id='word_1_485' title='bbox 1768 2433 1938 2481; x_wconf 80' lang='lat' dir='ltr'><strong>dicat?</strong></span> <span class='ocrx_word' id='word_1_486' title='bbox 1953 2439 1967 2462; x_wconf 90' lang='lat'>’</span> <span class='ocrx_word' id='word_1_487' title='bbox 1991 2433 2058 2482; x_wconf 90' lang='lat' dir='ltr'><strong>ad</strong></span> <span class='ocrx_word' id='word_1_488' title='bbox 2076 2433 2179 2480; x_wconf 73' lang='lat' dir='ltr'><strong>Aa.</strong></span> 
     </span>
     <span class='ocr_line' id='line_1_80' title="bbox 1243 2501 2183 2564; baseline -0.003 -13"><span class='ocrx_word' id='word_1_489' title='bbox 1243 2501 1296 2562; x_wconf 89' lang='grc'><strong>5,</strong></span> <span class='ocrx_word' id='word_1_490' title='bbox 1319 2501 1384 2554; x_wconf 90' lang='grc'><strong>15</strong></span> <span class='ocrx_word' id='word_1_491' title='bbox 1398 2539 1412 2564; x_wconf 94' lang='grc'><strong>,</strong></span> <span class='ocrx_word' id='word_1_492' title='bbox 1444 2505 1491 2553; x_wconf 95' lang='grc'><strong>1.</strong></span> <span class='ocrx_word' id='word_1_493' title='bbox 1512 2529 1582 2540; x_wconf 85' lang='lat'><strong>—-</strong></span> <span class='ocrx_word' id='word_1_494' title='bbox 1599 2501 1927 2550; x_wconf 87' lang='lat' dir='ltr'><strong>Necessarius</strong></span> <span class='ocrx_word' id='word_1_495' title='bbox 1948 2501 2010 2549; x_wconf 87' lang='lat' dir='ltr'><strong>T.</strong></span> <span class='ocrx_word' id='word_1_496' title='bbox 2033 2501 2183 2550; x_wconf 80' lang='lat' dir='ltr'><strong>Anti-</strong></span> 
     </span>
     <span class='ocr_line' id='line_1_81' title="bbox 1244 2570 2183 2634; baseline 0.002 -16"><span class='ocrx_word' id='word_1_497' title='bbox 1244 2571 1330 2618; x_wconf 84' lang='lat' dir='ltr'><strong>stii</strong></span> <span class='ocrx_word' id='word_1_498' title='bbox 1377 2570 1659 2634; x_wconf 81' lang='lat' dir='ltr'><strong>quaestoris</strong></span> <span class='ocrx_word' id='word_1_499' title='bbox 1710 2570 2066 2632; x_wconf 85' lang='lat' dir='ltr'><strong>Macedoniae,</strong></span> <span class='ocrx_word' id='word_1_500' title='bbox 2117 2571 2183 2620; x_wconf 88' lang='lat' dir='ltr'><strong>ad</strong></span> 
     </span>
     <span class='ocr_line' id='line_1_82' title="bbox 1244 2639 1655 2701; baseline -0.005 -9"><span class='ocrx_word' id='word_1_501' title='bbox 1244 2639 1368 2692; x_wconf 77' lang='lat' dir='ltr'><strong>fam.</strong></span> <span class='ocrx_word' id='word_1_502' title='bbox 1396 2639 1478 2701; x_wconf 89' lang='grc'><strong>13,</strong></span> <span class='ocrx_word' id='word_1_503' title='bbox 1499 2639 1584 2700; x_wconf 85' lang='grc'><strong>29,</strong></span> <span class='ocrx_word' id='word_1_504' title='bbox 1603 2641 1655 2690; x_wconf 88' lang='grc'><strong>4.</strong></span> 
     </span>
    </p>

    <p class='ocr_par' dir='ltr' id='par_1_25' title="bbox 1173 2705 2178 2842">
     <span class='ocr_line' id='line_1_83' title="bbox 1173 2705 2178 2775; baseline 0.006 -19"><span class='ocrx_word' id='word_1_505' title='bbox 1173 2705 1400 2758; x_wconf 84' lang='lat' dir='ltr'><strong>Plotius</strong></span> <span class='ocrx_word' id='word_1_506' title='bbox 1445 2711 1814 2775; x_wconf 79' lang='lat' dir='ltr'><strong>unguentarius</strong></span> <span class='ocrx_word' id='word_1_507' title='bbox 1853 2709 2178 2772; x_wconf 76' lang='lat' dir='ltr'><strong>PuteolanuS,</strong></span> 
     </span>
     <span class='ocr_line' id='line_1_84' title="bbox 1242 2779 1722 2842; baseline 0.002 -16"><span class='ocrx_word' id='word_1_508' title='bbox 1242 2779 1310 2827; x_wconf 85' lang='lat' dir='ltr'><strong>ad</strong></span> <span class='ocrx_word' id='word_1_509' title='bbox 1334 2780 1431 2827; x_wconf 82' lang='lat' dir='ltr'><strong>Att.</strong></span> <span class='ocrx_word' id='word_1_510' title='bbox 1457 2779 1540 2842; x_wconf 87' lang='lat'><strong>13,</strong></span> <span class='ocrx_word' id='word_1_511' title='bbox 1564 2781 1651 2841; x_wconf 89' lang='grc'><strong>46,</strong></span> <span class='ocrx_word' id='word_1_512' title='bbox 1673 2779 1722 2832; x_wconf 91' lang='grc'><strong>3.</strong></span> 
     </span>
    </p>

    <p class='ocr_par' dir='ltr' id='par_1_26' title="bbox 1175 2843 2180 3048">
     <span class='ocr_line' id='line_1_85' title="bbox 1175 2843 2179 2912; baseline 0.001 -17"><span class='ocrx_word' id='word_1_513' title='bbox 1175 2844 1235 2895; x_wconf 87' lang='lat' dir='ltr'><strong>G.</strong></span> <span class='ocrx_word' id='word_1_514' title='bbox 1269 2843 1520 2912; x_wconf 84' lang='lat' dir='ltr'><strong>Plotius,</strong></span> <span class='ocrx_word' id='word_1_515' title='bbox 1549 2865 1702 2912; x_wconf 89' lang='lat' dir='ltr'><strong>eques</strong></span> <span class='ocrx_word' id='word_1_516' title='bbox 1730 2849 1877 2900; x_wconf 87' lang='lat' dir='ltr'><strong>Rom.</strong></span> <span class='ocrx_word' id='word_1_517' title='bbox 1910 2848 2179 2900; x_wconf 87' lang='lat' dir='ltr'><strong>Nursinus.</strong></span> 
     </span>
     <span class='ocr_line' id='line_1_86' title="bbox 1241 2916 2180 2968; baseline 0 -4"><span class='ocrx_word' id='word_1_518' title='bbox 1241 2917 1364 2965; x_wconf 89' lang='lat' dir='ltr'><strong>Eius</strong></span> <span class='ocrx_word' id='word_1_519' title='bbox 1395 2916 1653 2968; x_wconf 80' lang='lat' dir='ltr'><strong>hereditas</strong></span> <span class='ocrx_word' id='word_1_520' title='bbox 1685 2918 1889 2968; x_wconf 87' lang='lat' dir='ltr'><strong>mulieri</strong></span> <span class='ocrx_word' id='word_1_521' title='bbox 1923 2917 2123 2967; x_wconf 88' lang='lat' dir='ltr'><strong>reddita</strong></span> <span class='ocrx_word' id='word_1_522' title='bbox 2149 2931 2180 2964; x_wconf 88' lang='lat' dir='ltr'><strong>a</strong></span> 
     </span>
     <span class='ocr_line' id='line_1_87' title="bbox 1244 2983 2176 3048; baseline 0 -14"><span class='ocrx_word' id='word_1_523' title='bbox 1244 2983 1364 3038; x_wconf 82' lang='lat' dir='ltr'><strong>Sex,</strong></span> <span class='ocrx_word' id='word_1_524' title='bbox 1387 2985 1648 3037; x_wconf 88' lang='lat' dir='ltr'><strong>Peducaeo</strong></span> <span class='ocrx_word' id='word_1_525' title='bbox 1664 3024 1679 3048; x_wconf 92' lang='lat'><strong>,</strong></span> <span class='ocrx_word' id='word_1_526' title='bbox 1701 2988 1766 3037; x_wconf 90' lang='lat' dir='ltr'><strong>de</strong></span> <span class='ocrx_word' id='word_1_527' title='bbox 1782 2987 1867 3036; x_wconf 89' lang='lat' dir='ltr'><strong>fin.</strong></span> <span class='ocrx_word' id='word_1_528' title='bbox 1892 2987 1924 3035; x_wconf 91' lang='grc'><strong>2</strong></span> <span class='ocrx_word' id='word_1_529' title='bbox 1939 3023 1952 3046; x_wconf 96' lang='grc'><strong>,</strong></span> <span class='ocrx_word' id='word_1_530' title='bbox 1984 2985 2066 3044; x_wconf 89' lang='grc'><strong>18,</strong></span> <span class='ocrx_word' id='word_1_531' title='bbox 2089 2984 2176 3034; x_wconf 88' lang='grc'><strong>58.</strong></span> 
     </span>
    </p>

    <p class='ocr_par' dir='ltr' id='par_1_27' title="bbox 1173 3051 2183 3188">
     <span class='ocr_line' id='line_1_88' title="bbox 1173 3051 2183 3119; baseline -0.005 -17"><span class='ocrx_word' id='word_1_532' title='bbox 1173 3051 1234 3102; x_wconf 87' lang='lat' dir='ltr'><strong>G.</strong></span> <span class='ocrx_word' id='word_1_533' title='bbox 1257 3051 1502 3119; x_wconf 82' lang='lat' dir='ltr'><strong>Plotius,</strong></span> <span class='ocrx_word' id='word_1_534' title='bbox 1525 3063 1740 3116; x_wconf 85' lang='lat' dir='ltr'><strong>senator,</strong></span> <span class='ocrx_word' id='word_1_535' title='bbox 1766 3055 1963 3118; x_wconf 82' lang='lat' dir='ltr'><strong>legatus</strong></span> <span class='ocrx_word' id='word_1_536' title='bbox 1982 3053 2035 3099; x_wconf 89' lang='lat' dir='ltr'><strong>in</strong></span> <span class='ocrx_word' id='word_1_537' title='bbox 2056 3051 2183 3099; x_wconf 88' lang='lat' dir='ltr'><strong>Asia</strong></span> 
     </span>
     <span class='ocr_line' id='line_1_89' title="bbox 1240 3118 1952 3188; baseline 0 -16"><span class='ocrx_word' id='word_1_538' title='bbox 1240 3123 1430 3188; x_wconf 84' lang='lat' dir='ltr'><strong>fuerat,</strong></span> <span class='ocrx_word' id='word_1_539' title='bbox 1452 3139 1546 3187; x_wconf 88' lang='lat' dir='ltr'><strong>pro</strong></span> <span class='ocrx_word' id='word_1_540' title='bbox 1564 3124 1741 3172; x_wconf 87' lang='lat' dir='ltr'><strong>Flacco</strong></span> <span class='ocrx_word' id='word_1_541' title='bbox 1761 3121 1844 3178; x_wconf 87' lang='lat'><strong>21,</strong></span> <span class='ocrx_word' id='word_1_542' title='bbox 1866 3118 1952 3172; x_wconf 88' lang='lat'><strong>50.</strong></span> 
     </span>
    </p>

    <p class='ocr_par' dir='ltr' id='par_1_28' title="bbox 1175 3185 2175 3256">
     <span class='ocr_line' id='line_1_90' title="bbox 1175 3185 2175 3256; baseline -0.006 -16"><span class='ocrx_word' id='word_1_543' title='bbox 1175 3188 1237 3240; x_wconf 81' lang='lat' dir='ltr'><strong>G.</strong></span> <span class='ocrx_word' id='word_1_544' title='bbox 1253 3189 1476 3242; x_wconf 84' lang='lat' dir='ltr'><strong>Plotius</strong></span> <span class='ocrx_word' id='word_1_545' title='bbox 1500 3189 1815 3256; x_wconf 83' lang='lat' dir='ltr'><strong>significatur</strong></span> <span class='ocrx_word' id='word_1_546' title='bbox 1833 3203 1925 3252; x_wconf 89' lang='lat' dir='ltr'><strong>pro</strong></span> <span class='ocrx_word' id='word_1_547' title='bbox 1937 3187 2044 3238; x_wconf 88' lang='lat' dir='ltr'><strong>Mil.</strong></span> <span class='ocrx_word' id='word_1_548' title='bbox 2062 3188 2112 3246; x_wconf 88' lang='grc'><strong>4,</strong></span> <span class='ocrx_word' id='word_1_549' title='bbox 2126 3185 2175 3235; x_wconf 92' lang='grc'><strong>9.</strong></span> 
     </span>
    </p>

    <p class='ocr_par' dir='ltr' id='par_1_29' title="bbox 1170 3254 2182 3530">
     <span class='ocr_line' id='line_1_91' title="bbox 1170 3254 2178 3310; baseline -0.009 0"><span class='ocrx_word' id='word_1_550' title='bbox 1170 3259 1232 3310; x_wconf 83' lang='lat' dir='ltr'><strong>L.</strong></span> <span class='ocrx_word' id='word_1_551' title='bbox 1275 3258 1518 3309; x_wconf 85' lang='lat' dir='ltr'><strong>Plotius.</strong></span> <span class='ocrx_word' id='word_1_552' title='bbox 1571 3258 1626 3308; x_wconf 87' lang='lat' dir='ltr'><strong>G.</strong></span> <span class='ocrx_word' id='word_1_553' title='bbox 1668 3258 1858 3306; x_wconf 87' lang='lat' dir='ltr'><strong>Marius</strong></span> <span class='ocrx_word' id='word_1_554' title='bbox 1903 3255 2084 3304; x_wconf 83' lang='lat' dir='ltr'><strong>eximie</strong></span> <span class='ocrx_word' id='word_1_555' title='bbox 2119 3254 2178 3303; x_wconf 91' lang='lat' dir='ltr'><strong>L.</strong></span> 
     </span>
     <span class='ocr_line' id='line_1_92' title="bbox 1239 3325 2182 3389; baseline -0.004 -14"><span class='ocrx_word' id='word_1_556' title='bbox 1239 3327 1454 3376; x_wconf 85' lang='lat' dir='ltr'><strong>Plotium</strong></span> <span class='ocrx_word' id='word_1_557' title='bbox 1477 3327 1678 3388; x_wconf 83' lang='lat' dir='ltr'><strong>dilexit,</strong></span> <span class='ocrx_word' id='word_1_558' title='bbox 1701 3327 1844 3375; x_wconf 89' lang='lat' dir='ltr'><strong>cuius</strong></span> <span class='ocrx_word' id='word_1_559' title='bbox 1863 3325 2065 3389; x_wconf 85' lang='lat' dir='ltr'><strong>ingenio</strong></span> <span class='ocrx_word' id='word_1_560' title='bbox 2086 3337 2182 3388; x_wconf 90' lang='lat' dir='ltr'><strong>pu-</strong></span> 
     </span>
     <span class='ocr_line' id='line_1_93' title="bbox 1238 3395 2182 3460; baseline -0.003 -17"><span class='ocrx_word' id='word_1_561' title='bbox 1238 3395 1380 3444; x_wconf 83' lang='lat' dir='ltr'><strong>tabat</strong></span> <span class='ocrx_word' id='word_1_562' title='bbox 1399 3409 1485 3456; x_wconf 87' lang='lat' dir='ltr'><strong>ea,</strong></span> <span class='ocrx_word' id='word_1_563' title='bbox 1506 3409 1634 3458; x_wconf 87' lang='lat' dir='ltr'><strong>quae</strong></span> <span class='ocrx_word' id='word_1_564' title='bbox 1653 3400 1896 3460; x_wconf 80' lang='lat' dir='ltr'><strong>gesserat,</strong></span> <span class='ocrx_word' id='word_1_565' title='bbox 1923 3407 2076 3458; x_wconf 86' lang='lat' dir='ltr'><strong>posse</strong></span> <span class='ocrx_word' id='word_1_566' title='bbox 2097 3405 2182 3441; x_wconf 88' lang='lat' dir='ltr'><strong>ce-</strong></span> 
     </span>
     <span class='ocr_line' id='line_1_94' title="bbox 1241 3461 1935 3530; baseline -0.001 -18"><span class='ocrx_word' id='word_1_567' title='bbox 1241 3463 1428 3513; x_wconf 88' lang='lat' dir='ltr'><strong>lebrari</strong></span> <span class='ocrx_word' id='word_1_568' title='bbox 1443 3500 1457 3525; x_wconf 91' lang='lat'><strong>,</strong></span> <span class='ocrx_word' id='word_1_569' title='bbox 1477 3478 1568 3530; x_wconf 89' lang='lat' dir='ltr'><strong>pro</strong></span> <span class='ocrx_word' id='word_1_570' title='bbox 1590 3463 1746 3516; x_wconf 84' lang='lat' dir='ltr'><strong>Arch.</strong></span> <span class='ocrx_word' id='word_1_571' title='bbox 1768 3463 1828 3525; x_wconf 85' lang='lat'><strong>9,</strong></span> <span class='ocrx_word' id='word_1_572' title='bbox 1849 3461 1935 3514; x_wconf 88' lang='grc'><strong>20.</strong></span> 
     </span>
    </p>
   </div>
  </div>
 </body>
</html>
