2500 3850
744 239 811 285 L.
840 239 1071 314 IULIUS
1106 239 1374 286 CAESAR
1393 259 1478 269 —
1495 240 1570 287 M.
1595 241 1852 288 IUNIUS.

263 394 455 444 fectum
490 395 620 443 vidit
656 392 860 456 Cicero,
890 395 957 443 ad
984 396 1090 446 Att.
1126 395 1207 457 14,

265 465 347 525 17,
360 464 412 514 2.
435 463 511 516 lb.
530 461 679 524 15,4,
697 461 945 512 5.—-Eius
964 465 1211 512 sententia

2166 231 2284 292 195

1351 411 1454 446 cos,
1485 399 1686 446 tertium
1720 405 1768 446 et
1804 397 1860 444 P.
1891 395 2124 460 Papirius
2155 415 2285 452 cose.

1349 479 1394 512 a.
1421 481 1474 516 u.
1501 483 1540 516 c.
1564 466 1681 516 324.
1697 502 1714 523 ,
1735 467 1798 514 de
1817 481 1858 512 r.
1878 480 1930 528 p.
1953 467 2002 529 2,
2023 467 2106 530 35,
2132 467 2216 517 60.

147 587 159 592 ,
264 545 504 598 agrorum
533 532 825 597 adsignatio
857 531 1102 582 dissoluta
1133 539 1211 581 est
1280 530 1460 584 Iulius
1486 534 1777 584 Proculus.
1817 535 1879 582 V.
1901 531 2193 585 Proculus.

266 615 311 648 a.
342 615 395 649 u.
432 616 476 650 c.
514 600 639 650 711.
659 636 673 662 ,
710 599 935 664 Philipp.
959 599 1021 663 6,
1046 603 1094 663 5,
1116 601 1203 650 14.

263 695 333 704 ·—-
362 669 423 717 L.
460 667 693 718 Caesaris
714 667 873 718 lenior
902 669 963 717 de
986 670 1206 720 Antonio

266 739 516 792 sententia
551 739 672 787 vicit
706 738 759 785 in
790 745 967 788 senatu
994 752 1040 786 a.
1070 754 1122 791 u.
1157 753 1201 803 e.

268 807 409 870 711„
428 814 485 854 ut
504 807 759 856 contentio
780 821 893 856 eum
904 806 971 854 M.
992 808 1206 858 Antonio

264 883 509 940 suscepta
555 875 826 935 tumultuS,
880 889 982 924 non
1018 876 1206 926 bellum

222 973 227 982 ·
264 945 608 1009 appellaretur
627 981 641 1003 ,
674 945 747 992 Ib.
768 942 820 1004 8,
846 944 872 993 1
890 980 905 1007 ,
932 943 956 992 1
982 959 1093 1007 sqq.
1127 945 1203 994 lb.

264 1013 327 1074 8,
350 1015 409 1074 7,
434 1014 517 1064 22.
542 1039 609 1048 --
638 1013 698 1063 L.
722 1013 908 1063 Caesar
928 1013 1207 1062 nominavit

264 1082 321 1130 P.
348 1081 626 1132 Servilium
656 1081 1000 1141 consularem,
1041 1081 1204 1131 homi-

264 1165 379 1200 nem
432 1151 687 1214 privatum
706 1189 721 1214 ,
790 1151 875 1212 qui
930 1152 1204 1214 proconsul

262 1221 420 1269 Asiae
475 1218 557 1268 vel
610 1217 785 1284 Syriae
835 1226 883 1267 et
932 1220 1207 1283 imperator

266 1296 445 1338 contra
461 1289 519 1340 P.
546 1287 861 1339 Dolabellam
883 1303 927 1336 a.
950 1303 1001 1336 u.
1018 1304 1061 1336 c.
1081 1288 1200 1340 711.

262 1366 407 1407 extra
427 1358 656 1407 ordinem
676 1357 995 1422 deligeretur,
1019 1357 1205 1422 impro-

260 1427 414 1475 bante
448 1425 717 1487 Cicerone,
756 1425 983 1490 Philipp.
1016 1425 1077 1476 11
1097 1461 1111 1488 ,
1151 1425 1202 1483 8,

264 1493 349 1549 19.
373 1521 441 1531 -
462 1495 535 1545 De
566 1495 625 1544 L.
658 1495 902 1557 Caesare,
940 1495 1063 1543 forti
1092 1497 1204 1557 qui-

264 1565 379 1614 dem
427 1562 518 1614 illo
562 1572 611 1614 et.
653 1561 900 1613 constanti
952 1571 1200 1623 senatore,

262 1633 513 1682 avunculo
544 1641 713 1682 tamen
744 1632 983 1692 Antonii,
1015 1633 1089 1680 lb.
1118 1634 1198 1694 12,

260 1703 312 1763 7,
342 1701 425 1753 18.

189 1767 254 1820 L.
317 1769 499 1821 lulius
560 1765 795 1835 caesar,
850 1771 1201 1835 praecedentis

258 1839 415 1894 filius,
464 1838 526 1892 L.
559 1839 826 1890 Caesarem
864 1840 993 1889 vidit
1030 1839 1200 1890 Cicero

260 1909 534 1959 Minturnis
570 1926 617 1959 a.
650 1911 703 1959 d.
734 1910 869 1961 VIlI.
902 1909 1014 1959 Kal.
1051 1909 1197 1959 Febr.

261 1994 311 2031 a.
343 1995 395 2027 u.
429 1995 475 2027 c.
508 1978 628 2029 705.
666 1994 779 2027 cum
819 1979 1199 2029 absurdissimis

259 2048 542 2109 mandatis,
565 2048 633 2097 ad
648 2048 752 2097 Att.
776 2048 826 2108 7,
850 2048 934 2099 13.
958 2048 1029 2107 b..
1048 2048 1101 2099 6.
1130 2076 1201 2087 --

258 2117 318 2165 L.
348 2117 535 2167 Caesar
556 2117 791 2166 mandata
810 2132 840 2165 a
873 2115 1087 2167 Caesare
1112 2119 1200 2167 de-

260 2186 377 2234 tulit.
417 2186 484 2235 ad
531 2187 829 2250 Pompeium
876 2202 923 2236 a.
961 2188 1011 2236 d.
1058 2188 1193 2237 VIII.

256 2254 368 2309 Kal.
384 2292 398 2314 ,
421 2256 497 2305 Ib.
516 2257 567 2318 7,
590 2255 671 2313 14,
693 2256 739 2305 1.
779 2257 851 2305 Ib.
878 2256 930 2319 7,
952 2255 1036 2316 16,
1058 2255 1109 2305 2.
1132 2283 1197 2291 --

258 2324 317 2373 L.
341 2323 528 2375 Caesar
547 2324 603 2374 L.
624 2325 679 2373 F.
700 2323 995 2374 interfectus
1022 2339 1052 2373 a
1078 2324 1198 2374 Cae-

260 2408 374 2444 sare
394 2408 443 2443 a.
463 2408 515 2445 u.
538 2410 579 2445 c.
602 2394 741 2455 708„
771 2393 838 2442 ad
856 2393 981 2445 fam.
1004 2392 1055 2454 9,
1077 2394 1126 2456 7,
1151 2394 1198 2443 1.

190 2460 317 2513 Sex.
350 2459 530 2512 Iulius
566 2460 695 2513 Sex.
723 2460 787 2511 F.
810 2460 936 2513 Sex.
959 2460 1025 2511 N.
1056 2460 1199 2511 Cae-

258 2544 353 2582 sar
362 2539 567 2597 praetor
581 2532 717 2592 urb„
734 2531 869 2593 quod
882 2546 996 2579 cum
1014 2530 1201 2580 herede

258 2601 489 2651 mandati
523 2607 788 2667 ageretur,
822 2600 1069 2649 iudicium
1101 2614 1201 2648 non

257 2671 509 2732 reddidit,
546 2670 612 2720 ad
644 2670 761 2722 Her.
799 2669 859 2728 2,
897 2668 987 2729 13,
1028 2667 1109 2721 19.
1132 2694 1201 2703 -

256 2738 465 2789 Praetor
485 2740 576 2789 fuit
595 2756 639 2789 a.
662 2756 712 2787 u.
736 2754 779 2789 c.
799 2736 940 2797 631„
962 2737 1027 2787 de
1048 2738 1197 2789 domo

258 2822 352 2858 sua
377 2809 464 2867 53,
489 2807 605 2861 136.
1176 2808 1184 2814 ’

190 2875 315 2927 Sex.
345 2875 524 2927 Iulius
546 2875 609 2926 G.
630 2875 693 2925 F.
716 2874 847 2926 Sex.
870 2875 936 2929 N.
966 2874 1195 2940 Caesar,

258 2946 434 2995 consul
466 2962 575 2995 cum
594 2946 656 2995 L.
677 2944 865 2994 Marcio
886 2944 1125 3011 Philippo
1146 2962 1193 2996 a.

257 3032 312 3068 u.
351 3031 397 3068 c.
432 3015 550 3067 663.
590 3014 787 3064 cornel.
824 3016 971 3078 prim.
1009 3014 1193 3082 fragm.

258 3084 341 3137 11.
360 3098 414 3148 p.
436 3082 555 3134 210.
606 3084 670 3133 V.
690 3081 755 3133 L.
777 3082 1045 3133 Marcius.

190 3150 318 3204 Sex.
342 3151 579 3216 (Iulius)
607 3150 846 3217 Caesar,
866 3153 1047 3204 flamen
1075 3154 1195 3212 Qui-

257 3221 438 3271 rinalis
470 3238 518 3275 a.
541 3238 591 3271 u.
626 3238 669 3271 c.
700 3220 821 3275 697.
842 3259 856 3283 ,
892 3222 954 3271 de
982 3222 1191 3288 harusp.

258 3304 395 3355 resp.
417 3291 468 3351 6,
494 3292 577 3342 12.

188 3357 255 3411 1..
291 3357 469 3410 Iulius
503 3358 694 3423 Iulus,
734 3360 989 3409 decemvir
1024 3374 1089 3407 ex
1117 3374 1195 3409 se-

1280 601 1442 653 Iunia
1473 619 1598 670 gens
1625 605 1870 668 patricia,
1902 617 1966 650 ex
1995 619 2092 665 qua
2125 605 2181 652 L.
2205 607 2284 654 Iu-

1347 674 1462 720 nius
1486 673 1692 732 Brutus,
1713 671 1916 736 plebeia
1931 708 1946 730 ,
1971 687 2032 720 ex
2054 689 2149 734 qua
2171 675 2284 722 reli·

1348 743 1434 803 qui
1455 742 1616 790 Bruti.
1655 743 1720 790 V.
1744 738 1937 791 Iunius
1963 739 2193 792 Brutus.

1277 807 1438 858 Iunia
1460 825 1586 858 anus
1609 810 1784 859 funere
1805 809 1964 868 elata,
1999 809 2061 858 de
2082 821 2207 864 orat.
2231 813 2281 875 2,

1277 944 1437 996 Iunia
1453 985 1466 1010 ,
1513 963 1647 996 uxor
1695 945 1747 995 C.
1794 944 2018 995 Marcelli
2057 951 2283 1013 auguriS,

1346 1025 1508 1064 mater
1530 1017 1582 1067 C.
1609 1014 1836 1064 Marcelli
1858 1015 2079 1065 consulis
2102 1033 2150 1070 a.
2167 1034 2218 1068 u.
2236 1034 2280 1073 c.

1346 1085 1463 1134 704.
1483 1124 1496 1148 ,
1521 1087 1584 1134 ad
1607 1085 1728 1133 fain.
1757 1085 1838 1148 15,
1869 1084 1918 1134 8.
2186 1117 2191 1122 -

1276 1152 1467 1216 Iunia,
1509 1155 1574 1203 M.
1603 1155 1744 1204 Bruti
1783 1168 1953 1216 soror,
1994 1155 2060 1204 M.
2097 1156 2281 1220 Lepidi

1346 1237 1500 1282 uxor,
1523 1225 1586 1272 ad
1607 1227 1710 1272 Att.
1737 1223 1819 1281 14,
1842 1221 1892 1284 8,
1916 1223 1962 1271 1.

1276 1290 1392 1342 Lex
1421 1289 1581 1341 Iunia
1612 1295 1668 1341 et
1702 1287 1948 1353 Licinia,
1979 1307 2008 1339 a
2041 1293 2104 1340 D.
2137 1295 2280 1344 Iunio

1344 1359 1520 1410 Silano
1541 1368 1588 1408 et
1608 1361 1666 1413 L,
1689 1359 1887 1408 Licinio
1916 1359 2122 1409 Murena
2145 1377 2277 1410 coss,

1347 1445 1393 1482 a.
1417 1445 1466 1477 u.
1490 1446 1533 1477 c.
1556 1427 1678 1482 692.
1707 1428 1849 1491 data,
1873 1427 1938 1475 ad
1955 1428 2060 1480 Att.
2084 1431 2135 1487 2,
2155 1429 2204 1488 9,
2230 1431 2277 1478 1.

1346 1499 1422 1551 lb.
1443 1501 1492 1560 4,
1515 1497 1596 1558 16,
1617 1497 1670 1549 5.
1710 1497 1760 1543 in
1781 1496 1954 1549 Vatin.
1979 1498 2037 1556 4,
2067 1495 2150 1547 33.
2190 1513 2278 1561 pro

1345 1567 1480 1616 Sest.
1505 1566 1589 1628 64,
1618 1564 1734 1616 135.
1774 1565 1999 1630 Philipp.
2023 1567 2074 1626 5,
2095 1565 2144 1627 3,
2168 1567 2218 1616 8.

1273 1650 1570 1702 Iunianum
1604 1651 1863 1702 iudicium.
1909 1651 2032 1701 Eius
2070 1653 2278 1712 invidia,

1341 1737 1432 1786 pro
1456 1721 1647 1770 Cluent.
1672 1721 1720 1780 1,
1743 1722 1790 1770 1.
1815 1722 1961 1770 Verr.
1982 1721 2095 1776 Act..
2124 1722 2171 1781 1,
2197 1723 2276 1772 10.

1345 1791 1428 1841 29.
1452 1819 1522 1828 —-
1540 1791 1604 1839 V.
1638 1788 1700 1838 C.
1721 1786 1932 1840 Iunius.

1273 1857 1494 1923 Iuniae,
1518 1859 1783 1908 familiaris
1805 1859 2008 1908 Avianii
2029 1861 2278 1919 statuarii,

1345 1933 1408 1979 ad
1431 1930 1548 1979 farn.
1574 1932 1622 1989 7,
1642 1928 1728 1988 23,
1751 1930 1802 1983 3.

1274 1998 1470 2049 Iunius
1486 2034 1500 2060 ,
1522 1999 1778 2047 Ciceronis
1800 2000 2020 2047 creditor
2037 2034 2050 2055 ,
2087 1999 2149 2045 ad
2175 2002 2272 2046 Au.

1343 2068 1426 2127 12,
1449 2067 1532 2127 14,
1552 2068 1604 2119 2.

1274 2134 1336 2185 G.
1367 2133 1591 2199 Iuniae,
1625 2136 1881 2197 quaesitor
1905 2136 1958 2184 in
1981 2150 2132 2185 causa
2155 2134 2277 2185 Sca-

1339 2206 1565 2267 mandri,
1596 2220 1688 2270 pro
1721 2205 1916 2256 Cluent.
1952 2204 2044 2266 20,
2085 2204 2170 2255 55.
2211 2232 2276 2241 ——

1337 2274 1498 2323 Iudex
1549 2275 1857 2335 quaestionis
1905 2276 1958 2323 in
2011 2272 2276 2339 Oppianici

1341 2358 1520 2407 causa,
1539 2344 1700 2393 Verre
1718 2350 1965 2406 praetore,
1987 2342 2058 2391 Ib.
2081 2343 2166 2401 27,
2191 2343 2274 2393 74.

1342 2438 1406 2448 ·—-
1427 2412 1586 2461 Homo
1621 2411 1887 2460 aedilicius
1906 2446 1920 2470 ,
1949 2411 2051 2459 iam
2073 2417 2277 2472 praetor

1337 2480 1660 2545 opinionibus
1677 2479 1938 2529 hominum
1955 2479 2275 2539 constitutuS,

1339 2564 1440 2599 non
1494 2548 1860 2611 disceptatione
1907 2546 2140 2605 dicendi,
2184 2548 2275 2596 sed

1340 2619 1562 2667 clamore·
1582 2618 1644 2667 de
1663 2617 1772 2667 foro
1797 2624 1945 2678 atque
1963 2616 2089 2665 adeo
2117 2615 2178 2665 de
2208 2618 2276 2665 ci·

1343 2690 1495 2738 vitate
1533 2686 1792 2744 sublatus,
1827 2687 1900 2735 Ib.
1935 2684 2034 2745 29,
2066 2685 2153 2737 79.
2199 2685 2271 2734 lb.

1339 2756 1432 2817 33,
1465 2757 1550 2807 84.
1575 2784 1638 2791 —-
1663 2755 1716 2809 C.
1739 2757 1912 2805 lunius
1933 2756 2126 2805 invidia
2157 2771 2276 2807 con-

1303 2879 1306 2883 ,
1335 2827 1596 2891 flagravit,
1647 2827 1789 2875 Verr.
1830 2834 2048 2875 accusat.
2091 2824 2118 2875 1
2137 2862 2150 2885 ,
2187 2824 2272 2886 61,

1342 2896 1460 2946 157.
1497 2896 1560 2948 V.
1585 2892 1881 2946 Iunianum
1899 2892 2192 2945 Iudicium.

1273 2978 1338 3029 G.
1357 2976 1550 3034 Iunius
1565 2978 1718 3044 filius,
1731 2993 1820 3043 pro
1836 2978 2030 3030 Cluent.
2046 2976 2130 3036 49,
2154 2976 2270 3027 137.

1267 3062 1331 3117 L.
1356 3064 1550 3116 Iunius
1571 3073 1715 3132 pater
1742 3066 1802 3117 T.
1825 3066 1983 3128 Iunii,
2019 3064 2155 3113 Brut.
2181 3062 2268 3122 48,

1266 3136 1588 3267 M.1181(1)nius,
1624 3202 1684 3259 Q.
1707 3201 1964 3251 Publicius
1995 3210 2272 3266 praetores,

1336 3273 1474 3337 apud
1495 3286 1620 3333 quos
1641 3269 1812 3319 Cicero
1833 3270 2058 3319 defendit
2079 3269 2142 3322 D.
2168 3270 2273 3317 Ma·

1334 3344 1570 3400 trinium,
1594 3354 1684 3403 pro
1705 3338 1894 3388 Cluent.
1921 3338 2004 3397 45,
2030 3338 2144 3391 126.

260 3430 421 3479 cundo
444 3428 663 3494 collegio
684 3444 731 3478 a.
756 3445 807 3477 u.
832 3444 876 3481 c.
900 3426 1041 3488 304„
1067 3428 1129 3477 de
1150 3444 1192 3477 r.
1264 3426 1341 3479 Μ.
1365 3424 1559 3478 Iunius
1575 3464 1590 3490 ,
1614 3426 1766 3475 homo
1798 3427 1849 3474 in
1881 3428 2050 3477 causis
2078 3429 2246 3477 exerci

258 3512 310 3561 p.
342 3498 405 3564 2,
439 3496 535 3561 36,
564 3497 648 3550 61.
685 3524 756 3535 -
779 3496 834 3547 C.
874 3496 1033 3547 lulius
1054 3496 1193 3547 Iulus

1332 3503 1490 3558 tatus,
1509 3512 1603 3563 pro
1625 3496 1824 3617 Quina).
1834 3497 1897 3594 *1,
1919 3497 1970 3550 3.
