2500 3850
294 167 425 228 416

371 337 566 384 natoria
604 335 782 384 llorere
821 335 1052 392 deberet,
1103 345 1190 384 aut
1237 335 1312 383 so-

369 405 502 453 rensi
525 404 696 454 labore
717 406 892 454 iactari
913 413 996 456 aut
1020 405 1311 455 domesticis

371 473 552 524 litteris
573 476 861 535 sustentari,
885 475 948 522 ad
971 472 1028 532 Q.
1046 473 1106 522 fr.
1125 472 1174 532 3,
1189 473 1240 535 5,
1259 475 1308 524 4.

439 544 500 590 A.
535 558 586 591 u.
621 559 666 594 c.
695 543 810 594 701.
841 549 921 592 aet
969 543 1097 592 LIV.
1136 541 1309 591 Cicero

369 612 421 659 in
443 611 607 660 locum
629 611 694 662 M.
720 610 887 660 Crassi
917 613 966 660 in
987 611 1311 677 expeditione

371 681 618 730 adversus
637 681 848 730 Parthos
872 681 1120 731 interfecti
1149 695 1315 744 augur

365 747 422 797 fit
453 765 483 798 a
509 757 611 798 toto
632 749 852 814 collegio
874 751 1172 815 expeditne,
1195 749 1313 799 Phi-

279 853 284 858 .
371 817 496 884 lipp.
529 819 578 877 2,
601 820 651 883 2,
673 822 724 870 4.
766 819 902 868 Brut.
929 819 978 880 1,
1002 819 1047 870 1.

439 890 498 936 A.
526 903 572 938 u.
595 903 637 935 c.
663 887 777 937 702.
804 895 901 937 act.
924 889 1028 938 LV.
1047 903 1094 936 a.
1111 886 1311 937 «LXIII.

366 955 480 1006 Kal.
517 957 662 1005 Febr.
695 959 749 1007 P.
778 957 986 1006 Clodius
1019 958 1071 1005 in
1101 957 1184 1006 via
1209 957 1318 1021 Ap-

367 1028 458 1090 pia
489 1024 662 1073 Miloni
698 1027 898 1074 obviam
933 1025 1096 1074 factus
1125 1025 1317 1075 occidi-

369 1105 470 1143 tur.
514 1095 576 1142 V.
613 1093 726 1145 Kal.
761 1095 906 1146 Mart.
941 1094 1216 1158 Pompeius
1251 1095 1315 1142 ab

367 1165 620 1225 intertege
651 1162 826 1211 consul
859 1170 1056 1210 creatur
1075 1163 1187 1212 sine
1212 1162 1315 1212 col-

367 1232 511 1296 lega,
536 1231 745 1293 eiusque
775 1231 890 1296 lege
912 1231 974 1279 de
997 1232 1048 1280 vi
1079 1231 1198 1282 Milo
1231 1246 1315 1280 ac-

367 1308 575 1352 cusatur
610 1299 673 1348 ob
714 1300 922 1350 caedem
961 1295 1153 1353 Clodii·
1201 1315 1316 1349 eum

370 1369 600 1421 defendit
622 1368 826 1430 Cicero,
865 1385 1014 1432 quam
1037 1370 1316 1420 orationem

369 1448 548 1505 postea
582 1440 816 1504 scripsit,
857 1454 1010 1502 quum
1044 1438 1165 1488 Milo
1197 1453 1321 1488 con-

365 1511 635 1558 demnatus
665 1508 923 1558 Massiliae
954 1508 1224 1558 exsularet.
1247 1533 1319 1542 --

368 1579 545 1626 'Mense
602 1576 867 1627 Decembri
934 1577 994 1631 T.
1059 1577 1316 1626 Munatius

367 1646 584 1695 Plancus
603 1645 764 1696 Bursa
794 1661 823 1694 a
847 1645 1087 1696 Cicerone
1106 1661 1316 1695 accusa·

360 1723 468 1777 tus,
492 1729 521 1762 a
543 1713 630 1763 Cn.
652 1714 895 1779 Pompeio
918 1714 1174 1768 defensus,
1197 1730 1315 1764 con·

365 1783 638 1832 deuinctus
671 1792 774 1843 est,
800 1782 1022 1848 Philipp.
1045 1783 1104 1847 6,
1137 1785 1202 1848 4,
1231 1783 1311 1836 10.

373 1851 454 1910 13,
479 1851 560 1912 12,
593 1853 674 1901 27.
713 1852 780 1902 ad
804 1852 928 1902 fam.
949 1855 1000 1908 7,
1026 1854 1074 1914 2,
1097 1855 1146 1902 2.

439 1920 501 1972 A.
525 1938 576 1970 u.
609 1938 650 1970 c.
686 1921 801 1973 703.
835 1930 933 1975 aet.
951 1919 1082 1975 LVI.
1109 1921 1312 1972 Procos.

365 1991 423 2040 fit
453 1990 686 2055 Ciliciae,
715 1993 780 2042 ad
802 1990 924 2046 fam.
949 1990 998 2052 3,
1027 1991 1077 2041 2.
1099 2020 1167 2031 --
1191 1992 1314 2042 Eius

368 2062 420 2177 iili
441 2061 706 2176 provtincia
719 2062 956 2179 ᾶίιὲξῖὶῑίἓ,
973 2060 1311 2179 1ῗεὲίηεηῑῐίἔ,

367 2146 394 2178 c
421 2144 562 2178 einen
591 2144 663 2189 ia,
686 2144 713 2176 a
845 2137 876 2178 t.
935 2167 949 2190 ,
1042 2166 1054 2191 ,
1131 2143 1208 2191 sq.
1300 2166 1313 2179 .

363 2198 417 2261 6,
439 2200 488 2256 2,
511 2198 546 2245 4
563 2211 640 2259 sq.
668 2198 741 2249 Ib.
766 2198 818 2258 5,
841 2196 926 2247 20.
950 2224 1017 2233 -
1039 2197 1194 2246 Multo
1215 2200 1317 2247 mi-

367 2279 463 2315 nus
502 2266 573 2313 ait
619 2280 676 2315 se
725 2266 786 2315 de
834 2266 1040 2315 iudiciis
1085 2264 1317 2317 laborare

367 2349 520 2399 quam
551 2334 613 2385 de
645 2335 972 2401 possessione
991 2333 1313 2399 urbanitatis,

369 2406 434 2455 ad
456 2404 576 2455 sam.
605 2406 663 2462 7,
687 2405 754 2457 32
772 2442 784 2461 .
809 2405 860 2455 2.
885 2432 950 2441 —
975 2403 1317 2456 Vehementer

366 2476 586 2535 laborat,
622 2490 684 2541 ne
717 2474 814 2525 sibi
847 2476 1106 2539 provincia
1135 2489 1317 2539 proro-

363 2552 544 2611 getur,
569 2546 635 2595 ad
664 2547 767 2597 Att.
800 2544 848 2606 5,
873 2544 966 2609 21,
989 2544 1039 2595 3.
1063 2571 1128 2581 --
1151 2545 1313 2609 Impe-

361 2622 502 2663 rator
537 2614 816 2673 salutatur,
855 2614 926 2663 lb.
961 2614 1023 2675 6,
1059 2613 1122 2679 l,
1161 2612 1210 2664 9.
1243 2639 1314 2651 -—-

363 2682 490 2731 Eius
509 2684 637 2731 ratio
657 2683 953 2745 publicanos
974 2684 1023 2731 in
1046 2683 1313 2745 provincia

365 2751 640 2811 tractandi,
666 2752 739 2802 Ib.
769 2752 827 2809 6,
853 2751 878 2799 1
897 2788 910 2809 ‚
934 2751 1016 2801 16.
1039 2776 1110 2785 —
1127 2751 1313 2817 Magno

368 2818 509 2866 urbis
541 2818 794 2866 desiderio
835 2825 882 2864 et
921 2820 1153 2868 satietate
1193 2834 1313 2884 pro-

364 2884 560 2935 xinciae
579 2890 799 2940 tenetur,
821 2883 884 2932 nd
905 2884 1024 2933 fam.
1053 2886 1112 2942 2,
1142 2888 1235 2950 11,
1262 2891 1308 2939 1.

358 2977 435 2989 --
476 2952 685 3001 Dubitat
733 2966 879 3015 quem
930 2953 1180 3019 relinquat
1223 2960 1312 3021 qui

359 3020 652 3087 provinciae
671 3023 890 3087 praesit,
909 3023 972 3072 ad
991 3024 1091 3073 Att.
1113 3024 1165 3089 6,
1185 3024 1235 3086 3,
1259 3028 1304 3077 1.

362 3117 431 3128 --
453 3088 553 3140 Res
587 3106 616 3141 a
648 3106 704 3142 se
734 3099 905 3158 gestas
929 3092 1112 3159 dignas
1131 3096 1308 3145 trium-

362 3158 467 3226 pho
489 3168 648 3226 putat,
673 3162 741 3213 lb.
764 3161 814 3222 6,
837 3161 890 3225 3,
916 3161 964 3213 3.
987 3164 1133 3213 —In
1156 3164 1308 3215 disci-

363 3229 464 3279 diis
509 3229 736 3281 Caesaris
781 3241 829 3280 et
872 3232 1101 3297 Pompeii
1143 3235 1213 3283 ait
1251 3248 1307 3283 se

363 3297 552 3346 nullum
595 3300 876 3363 peticulum
925 3302 1095 3351 videre
1143 3308 1307 3351 stante

319 3369 323 3372 ’
363 3366 604 3429 Pompeio
625 3368 706 3416 vel
729 3369 876 3417 etnam
899 3370 1134 3431 sedente,
1157 3370 1227 3418 Ib.
1251 3368 1303 3429 6,

354 3430 416 3493 ’3,
435 3433 486 3481 4.
507 3458 574 3470 —
593 3435 666 3485 De
687 3436 1056 3500 supplicatione
1077 3438 1305 3489 Ciceroni

812 181 885 228 M.
912 180 1206 226 TULLIUS
1231 181 1305 227 M.
1328 181 1391 227 1³¹.
1416 181 1489 226 M.
1516 179 1582 226 N.
1610 177 1884 226 CICERO.

1452 335 1799 396 decernenda,
1830 349 1961 396 quae
1994 336 2043 384 in
2080 344 2265 386 senatu
2294 347 2399 387 acta
2467 371 2468 386 i

1450 405 1577 461 sint,
1599 403 1664 452 ad
1686 403 1806 456 fam.
1828 403 1883 462 8,
1912 403 1997 462 11,
2024 405 2049 454 1
2076 419 2191 466 sqq.
2224 406 2300 454 Ib.
2320 407 2395 466 15,

1450 473 1503 535 5,
1527 475 1575 522 2.
1592 501 1663 510 -
1683 472 1885 522 Catonis
1905 473 1953 520 ei
1973 473 2395 537 supplicationem

1450 556 1549 590 non
1582 542 1897 590 decernentis
1928 543 2187 591 sententia
2220 552 2396 594 cetero-

1452 611 1570 672 quin
1594 610 1893 667 honoriflca‚
1922 611 1996 659 [b.
2028 609 2095 660 15
2114 649 2128 673 ,
2163 611 2197 661 5
2214 649 2230 671 ,
2252 612 2305 663 6.
2340 615 2395 661 ad

1454 685 1557 728 Att.
1582 681 1631 740 7,
1656 680 1704 742 1,
1725 681 1775 731 7.
1796 707 1861 714 —
1884 681 2013 728 Eum
2034 687 2209 729 tamen
2234 679 2391 730 Cicero

1455 763 1609 811 quum
1661 748 1995 813 comperisset
2050 747 2243 798 Bibulo
2286 750 2388 803 XX.

1458 817 1654 866 dierum
1684 818 2114 882 supplicationem
2148 819 2391 868 decrevis-

1458 902 1541 949 se,
1569 887 1786 950 turpiter
1805 887 1929 937 dicit
1954 885 2301 951 malevolum,
2328 890 2387 937 Ib.

1456 957 1521 1015 7,
1564 957 1625 1016 2,
1658 957 1691 1006 6
1718 970 1797 1018 sq.
1828 983 1893 991 —
1926 955 2052 1004 Eius
2094 955 2161 1006 de
2200 959 2389 1022 provin-

1458 1027 1537 1074 cia
1560 1025 1818 1074 decessuri
1839 1023 2240 1084 sollicitudines,
2264 1027 2329 1074 lb.
2348 1029 2389 1086 6,
2467 1039 2468 1044 ’

1456 1097 1505 1152 5,
1526 1092 1576 1144 3.
1609 1119 1676 1130 --
1702 1093 1936 1152 Queritur
1962 1093 2139 1142 Bibuli
2179 1093 2393 1144 volunta-
2467 1097 2468 1116 l

1454 1171 1552 1212 tem
1585 1177 1614 1210 a
1648 1177 1703 1210 se
1738 1162 2012 1211 abhorrere
2034 1199 2050 1226 ‚
2088 1165 2157 1213 ad
2196 1164 2315 1214 sam.
2349 1165 2389 1225 2,
2467 1169 2468 1202 l

1459 1233 1541 1295 17,
1561 1229 1613 1283 6.
1643 1257 1711 1268 —
1732 1229 1832 1280 Cur
1858 1233 2132 1297 provincia
2154 1233 2390 1283 decedens
2467 1275 2468 1278 ,

1456 1300 1674 1350 noluerit
1688 1300 1891 1350 fratrem
1910 1301 2211 1366 praeficere,
2224 1302 2287 1350 ad
2302 1305 2388 1350 An.
2467 1319 2468 1326 ¹

1454 1369 1505 1428 6,
1538 1367 1589 1429 6,
1627 1369 1676 1419 3.
1710 1396 1774 1404 —
1815 1369 1915 1419 Cur
1962 1373 2143 1434 potius
2180 1370 2387 1420 Caelium

1458 1446 1775 1501 quaestorem
1811 1439 1861 1487 in
1904 1453 1962 1488 ea
1996 1439 2295 1502 reliquerit,
2336 1441 2389 1487 ad

1456 1509 1579 1558 fam.
1597 1507 1653 1568 2,
1670 1506 1763 1568 15,
1786 1509 1837 1556 4.
1877 1507 1943 1556 ad
1968 1509 2075 1557 Att.
2100 1507 2153 1567 6,
2174 1507 2227 1568 6,
2249 1506 2296 1558 3.
2334 1535 2391 1545 -

1456 1574 1791 1640 Triumphum
1812 1577 1968 1641 cupit,
2000 1579 2067 1626 ad
2089 1577 2197 1629 Au.
2222 1576 2273 1636 6,
2290 1578 2333 1641 6,
2346 1579 2387 1625 4.

1456 1646 1528 1694 lb.
1561 1645 1691 1709 6,6,
1715 1645 1763 1696 5.
1807 1646 1882 1697 lb.
1910 1645 1960 1707 7,
1982 1647 2033 1707 2,
2058 1645 2111 1697 6.
2148 1645 2390 1710 -Negat

1453 1715 1503 1762 in
1546 1728 1605 1764 eo
1642 1715 1927 1794 expetendo
1978 1730 2037 1765 se
2075 1729 2299 1776 vanum,
2348 1718 2387 1761 in

1456 1782 1742 1834 abiiciendo
1769 1772 1996 1847 ἄτυφον
2028 1784 2289 1846 futurum,
2328 1784 2386 1832 lb

1456 1851 1507 1912 6,
1542 1849 1593 1913 9,
1620 1851 1670 1902 2.
1704 1878 1774 1888 -
1799 1851 2149 1902 Vehementer
2190 1861 2387 1911 aestuat,

1457 1936 1583 1987 quas
1604 1929 1769 1987 partes
1796 1930 2067 1974 secuturus
2096 1923 2164 1971 sit
2194 1923 2247 1971 in
2278 1922 2390 1973 Cae·
2467 1976 2468 1987 γ

1458 1992 1588 2040 saris
1608 1998 1657 2039 et
1682 1990 1914 2057 Pompeii
1936 1992 2285 2051 dimicatione,
2322 1990 2385 2039 lb.
2467 1996 2468 2045 ᾗ

1457 2061 1507 2120 7,
1537 2058 1585 2121 1,
1616 2062 1667 2120 2,
1693 2075 1805 2124 sqq.
1828 2088 1899 2097 —
1919 2061 2196 2111 Pecuniam
2221 2062 2284 2111 ad
2312 2074 2389 2123 ap·
2467 2080 2468 2083 ¹

1454 2136 1688 2193 paratum
1752 2130 1999 2195 triumphi
2062 2129 2386 2179 necessariam
2467 2176 2468 2199 ἶ

1454 2198 1521 2247 ad
1553 2197 1774 2247 Atticum
1812 2199 2050 2265 redigere
2085 2198 2217 2247 vult.
2290 2198 2383 2246 Μο-
2467 2206 2468 2211 ’

1454 2265 1637 2315 lestum
1678 2281 1799 2316 vero
1847 2277 1951 2329 est,
1994 2269 2132 2331 quod
2169 2266 2383 2317 solvendi
2467 2318 2468 2335 ᾗ

1454 2342 1573 2386 sunt
1592 2337 1783 2385 nummi
1800 2335 2005 2387 Caesari
2028 2344 2079 2386 et
2095 2338 2385 2387 instrumen-

1455 2412 1563 2454 tum
1602 2405 1847 2471 triumphi
1896 2422 1956 2457 eo
2012 2406 2382 2462 conferendum,
2467 2406 2468 2469 ζ

1454 2474 1528 2522 lb.
1552 2474 1601 2536 7,
1628 2472 1680 2534 8,
1701 2474 1751 2523 5.
1772 2501 1839 2511 ·—
1860 2474 2005 2525 Putat
2032 2472 2314 2537 Caesarem,
2347 2473 2383 2520 si

1454 2543 1657 2605 vicerit,
1694 2544 1741 2593 in
1769 2544 1924 2593 caede
1950 2544 2238 2609 principum
2262 2542 2383 2591 haud

1454 2612 1822 2662 clementiorem
1861 2612 1999 2675 fore,
2038 2628 2193 2675 quam
2238 2610 2380 2660 Cinna

1452 2680 1576 2740 fuit,
1627 2697 1719 2731 nec
1760 2682 2187 2742 moderatiorem,
2240 2695 2379 2743 quam

1454 2748 1594 2800 Sulla
1623 2751 1675 2799 in
1694 2752 1923 2816 pecuniis
1946 2751 2289 2815 locupletium,
2313 2748 2375 2798 lb.

1451 2820 1503 2883 7,
1524 2819 1571 2878 7,
1592 2820 1644 2870 7.
1834 2844 1839 2849 ·

1521 2890 1583 2941 A.
1620 2904 1669 2937 u.
1709 2904 1754 2939 c.
1790 2887 1908 2939 705.
1944 2895 2045 2938 aet.
2076 2888 2235 2937 LVIIl
2299 2886 2379 2935 Se-

1450 2964 1597 3007 natus
1626 2958 1673 3007 ei
1709 2956 2021 3021 triumphum
2061 2958 2286 3023 flagitat,
2322 2954 2376 3002 ad

1449 3024 1571 3077 fam.
1596 3026 1691 3085 16,
1736 3026 1830 3090 11,
1862 3029 1913 3081 2.
1954 3052 2021 3062 —-
2050 3025 2156 3076 Sub
2194 3025 2375 3075 initium

1447 3094 1571 3145 belli
1591 3092 1757 3145 civilis
1779 3093 2001 3159 Capuam
2031 3094 2276 3145 tuendam
2306 3108 2379 3142 su-

1447 3164 1556 3230 mit,
1575 3164 1649 3214 Ib.
1672 3164 1895 3214 Excusat
1914 3178 1969 3213 se
1990 3165 2233 3214 Mescinio
2256 3161 2377 3213 Rufo

1446 3234 1733 3297 quaestori,
1770 3233 1907 3297 quod
1933 3234 2158 3284 rationes
2190 3248 2253 3283 ex
2276 3247 2380 3297 pro--

1446 3304 1613 3352 vincia
1646 3320 1705 3353 eo
1744 3318 1841 3351 non
1873 3310 2167 3367 exspectato
2201 3302 2268 3351 ad
2304 3316 2379 3349 ae-

1445 3372 1635 3421 rat-ium
1677 3370 1969 3433 detulisset,
2016 3372 2093 3421 1b.
2128 3372 2192 3430 5,
2226 3368 2319 3429 20,
2352 3371 2377 3417 2

1443 3453 1556 3501 sqq.
1599 3466 1664 3474 —
1708 3438 1968 3489 Invehitur
2003 3441 2052 3489 in
2098 3439 2377 3501 Caesarem,
