2500 3850
268 196 394 259 428

342 364 410 413 ad
422 364 526 412 Att.
557 362 642 423 13,
662 360 748 423 37,
771 363 902 414 2.-
921 362 1042 411 Eius
1065 360 1283 425 epistola

342 430 710 481 contumeliosa
729 430 796 479 ad
826 438 1060 494 patruum
1101 432 1280 493 missa,

338 503 409 551 lb.
437 501 520 561 13,
543 499 630 561 38,
660 500 706 552 1.
728 525 798 536 --
827 498 949 549 Eius
971 499 1283 548 incredibilis

343 572 556 628 vanitas,
575 570 644 622 lb.
670 568 752 629 13,
767 566 852 627 39,
869 568 917 619 l.
943 569 1015 616 lb.
1033 566 1280 630 13,41,1.

341 664 404 676 -
439 638 559 687 Eius
597 637 904 698 colloquium
935 652 1048 685 cum
1079 643 1281 700 patruo,

335 708 407 756 lb.
429 705 511 767 13,
526 708 611 758 42.
635 706 710 757 1b.
731 705 812 765 13,
828 706 1046 761 51,2.·-
1063 703 1119 762 Q.
1138 711 1283 768 pater

337 777 514 841 gravia
535 776 598 824 de
611 775 734 833 filio,
750 775 970 823 maxime
985 774 1120 836 quod
1135 775 1281 821 matri

335 860 471 895 nuuc
485 844 763 909 indulgeat,
779 843 868 906 qui
881 850 1026 892 antea
1037 843 1166 891 bene
1177 856 1282 890 me-

334 916 464 964 renti
485 913 638 964 fuerit
667 912 903 961 inimicus
927 926 974 963 a.
992 928 1044 960 u.
1069 928 1116 961 c.
1139 911 1280 972 710„

331 984 498 1046 Ib.14,
519 981 601 1039 10,
618 984 668 1031 4.
691 1008 756 1016 -
771 979 1051 1031 Coronatus
1065 980 1281 1039 Quintus

333 1058 506 1100 noster
517 1048 770 1098 Parilibus
785 1048 926 1098 solus
951 1064 1000 1100 a.
1017 1064 1068 1096 u.
1084 1046 1252 1098 0.710.
1264 1083 1277 1106 ‚

331 1121 406 1170 Ib.
434 1119 516 1173 14,
559 1117 640 1175 14,
690 1116 738 1164 1.
795 1115 862 1164 cf.
886 1116 952 1165 ib.
985 1118 1067 1177 14,
1103 1114 1202 1177 19,
1221 1114 1277 1167 3.

333 1214 400 1225 -
440 1185 498 1244 Q.
519 1185 655 1234 filius
675 1183 742 1233 ad
765 1192 963 1249 patrem
984 1185 1190 1249 scripsit
1221 1198 1278 1233 se

335 1255 594 1318 Aquiliam
633 1268 906 1303 novercam
927 1268 1028 1303 non
1047 1270 1161 1304 esse
1200 1252 1278 1301 la-

332 1334 503 1375 turum
521 1361 534 1384 ,
588 1338 644 1372 se
680 1324 744 1371 ab
783 1320 996 1373 Caesare
1037 1323 1278 1372 habuisse

332 1395 521 1454 omnia,
561 1390 689 1441 nihil
710 1407 741 1440 a
761 1401 926 1456 patre,
945 1393 1142 1455 reliqua
1163 1407 1278 1459 spe-

331 1478 444 1513 rare
465 1465 527 1512 ab
548 1462 790 1520 Antonio,
823 1464 896 1511 lb.
920 1461 1002 1521 14,
1027 1463 1109 1523 17,
1134 1461 1278 1512 3.·-

331 1532 392 1591 Q.
416 1532 553 1581 iilius
578 1530 788 1579 Antonii
809 1538 884 1579 est
905 1530 1129 1581 dextella
1146 1567 1160 1591 ‚
1199 1530 1274 1581 Ib.

334 1602 418 1659 14,
437 1600 524 1659 20,
550 1599 599 1650 5.
645 1625 714 1634 -
751 1598 944 1649 Statius
973 1600 1182 1664 scripsit
1209 1598 1278 1648 ad

333 1668 625 1719 Ciceronem
649 1668 874 1717 locutum
894 1683 1064 1718 secum
1087 1680 1200 1718 esse
1215 1668 1276 1726 Q.

333 1737 630 1787 Ciceronem
653 1736 805 1787 valde
826 1738 1204 1799 adseveranter,
1219 1750 1276 1785 se

329 1806 458 1856 haec
479 1808 612 1857 ferre
634 1820 733 1855 non
759 1821 940 1871 posse:
963 1816 1155 1855 certum
1177 1806 1277 1855 sibi

333 1890 448 1926 esse
469 1877 536 1927 ad
555 1874 768 1926 Brutum
790 1885 838 1926 et
860 1874 1092 1926 Cassium
1109 1884 1278 1925 trans-

332 1947 408 1995 ire
433 1955 526 1995 etc.
547 1981 561 2002 ‚
603 1946 676 1994 lb.
704 1945 787 2007 15,
812 1943 896 2005 19,
917 1947 968 1996 2.
1013 1946 1075 1995 cl.
1097 1946 1166 1995 ib.
1193 1944 1273 2008 15,

331 2016 416 2074 21,
447 2016 490 2064 l.
523 2041 593 2050 -—
613 2015 672 2074 Q.
703 2015 840 2064 iilius
873 2015 1062 2076 exivit,
1090 2017 1164 2064 Ib.
1191 2013 1273 2074 15,

329 2085 416 2142 22,
441 2083 487 2134 1.
529 2083 674 2133 cl.ib.
693 2085 776 2145 15,
789 2085 876 2144 27,
896 2083 946 2136 3.
963 2085 1105 2144 —Q.
1121 2083 1275 2145 filius,

331 2149 678 2200 σπείσασθαι
715 2151 824 2200 vult
867 2167 983 2201 cum
1027 2153 1178 2202 Bruto
1225 2160 1275 2201 et

333 2221 527 2280 Cassio,
552 2221 622 2272 lb.
652 2220 734 2281 15,
757 2220 842 2278 29,
867 2223 916 2270 2.
950 2247 1019 2257 --
1052 2221 1127 2270 De
1146 2220 1277 2269 Iulia

331 2291 382 2338 in
409 2289 786 2338 matrimonium
823 2289 1054 2338 ducenda
1085 2290 1276 2355 cogita-

330 2359 432 2421 bat,
455 2359 526 2408 Ib.
546 2359 657 2408 ead.
674 2361 725 2420 S.
741 2357 883 2416 -Ο,
906 2358 1041 2407 filius
1062 2358 1277 2422 pollice-

329 2437 410 2476 tur
426 2444 484 2477 >se
509 2429 748 2477 Catonem
768 2467 781 2489 ,
815 2429 888 2477 Ib.
918 2427 1000 2489 16,
1027 2428 1075 2492 1,
1097 2428 1148 2478 6.
1197 2429 1273 2476 Ib.

331 2497 416 2556 16,
441 2497 492 2559 3,
513 2496 563 2548 3.
599 2525 663 2533 -—
686 2496 744 2555 Q.
767 2497 908 2546 filius
937 2505 1275 2546 commutatus

329 2649 445 2681 cum
471 2635 536 2682 ad
557 2634 767 2684 Brutum
789 2645 903 2684 etc..
941 2635 1015 2686 lb.
1041 2635 1124 2693 16,
1147 2636 1196 2696 5,
1217 2637 1270 2683 2.

329 2727 395 2736 —-
417 2702 475 2759 Q.
515 2701 709 2760 Cicero,
751 2701 810 2760 Q.
845 2703 901 2750 F.
937 2703 1270 2766 compellatus

328 2769 491 2817 edicto
515 2783 545 2816 a
565 2769 633 2819 M.
661 2771 884 2818 Antonio
905 2784 950 2818 a.
975 2787 1026 2818 u.
1050 2786 1093 2818 c.
1127 2769 1268 2828 710..

657 208 730 253 M.
756 205 1048 253 TULLIUS
1075 204 1238 253 Tnto
1270 226 1354 237 --
1388 204 1537 251 SEX.
1566 202 1951 251 TURPILIUS.

1421 360 1538 410 Tiro
1581 361 1739 408 instar
1774 360 2133 425 septuaginta,
2176 362 2246 411 lb.
2280 362 2349 419 16,

1421 429 1471 491 5,
1496 430 1548 482 5.
1584 428 1769 493 fragm.
1799 442 1848 493 p.
1870 428 1990 480 343.
2024 456 2092 465 -
2122 430 2238 479 Fuit
2254 446 2349 480 ser-

1421 512 1549 559 vuS,
1605 498 1788 547 deiude
1840 497 2048 546 libertus
2086 496 2351 557 Ciceronis»,

1423 567 1709 616 studiorum
1748 568 1919 616 socius
1962 576 2011 615 et
2046 568 2353 629 administer,

1424 637 1541 683 item
1563 642 1611 683 et
1621 634 1727 683 filio
1748 637 1865 694 etQ.
1882 634 2022 685 fratri
2040 637 2351 687 carissimus.

1423 704 1504 753 Ad
1520 717 1633 753 eum
1648 704 1843 753 suntad
1856 704 2349 770 fam-16.ep.omneS.

1422 778 1484 821 A.
1509 787 1559 821 u.
1581 790 1625 823 c.
1659 772 1779 825 700.
1813 774 1990 823 incidit
2016 776 2069 823 in
2110 776 2350 837 morbum,

1422 844 1487 891 de
1507 857 1607 903 quo
1624 841 1796 891 Cicero
1828 842 1893 891 ad
1915 858 2027 891 eum
2058 846 2265 907 scripsit
2295 847 2352 895 ad

1424 911 1545 960 fam.
1590 910 1670 961 16.
1730 926 1810 976 ep.
1844 912 1927 961 10.
1981 912 2238 964 13—15.
2279 913 2349 963 18.

1422 980 1622 1029 Deinde
1670 978 1959 1030 Ciceronem
2005 983 2351 1046 proconsulem

1423 1051 1474 1098 in
1494 1048 1725 1099 Ciliciam
1753 1050 2021 1098 comitatus
2037 1086 2051 1111 ,
2086 1066 2246 1113 quum
2267 1051 2342 1099 ille

1419 1119 1683 1181 provincia
1712 1118 2049 1178 decessisset,
2090 1120 2142 1167 in
2180 1122 2350 1169 itinere

1415 1186 1577 1235 Patris
1596 1188 1648 1235 in
1672 1188 1902 1237 morbum
1933 1189 2127 1238 incidit.
2185 1190 2260 1239 lbi
2280 1188 2349 1237 Ci-

1416 1270 1530 1304 cero
1560 1271 1675 1305 eum
1696 1255 1886 1319 Lysoni
1920 1256 2108 1321 hospiti
2132 1256 2350 1307 Patrensi

1414 1326 1804 1383 commendavit,
1832 1326 1897 1373 ad
1926 1325 2045 1374 fam.
2076 1326 2158 1390 13,
2192 1328 2274 1379 19.
2309 1337 2349 1375 et

1416 1393 1567 1444 Curio
1588 1395 1660 1444 Ib.
1685 1396 1738 1455 7,
1772 1393 1857 1446 28.
1898 1394 1973 1444 lb.
2000 1394 2080 1457 13,
2100 1394 2182 1445 19.
2217 1396 2350 1445 item-

1414 1478 1516 1523 que
1552 1463 1830 1527 Asclaponi
1885 1464 2117 1524 medion,
2179 1464 2246 1513 cl.
2286 1467 2347 1513 ib.

1420 1530 1502 1581 13.
1542 1545 1623 1596 ep.
1647 1534 1699 1582 4.
1736 1531 1788 1581 5.
1821 1530 1872 1583 9.
1947 1532 2023 1579 Ex
2054 1532 2151 1581 hoc
2182 1534 2350 1581 morbo

1422 1602 1625 1649 demum
1650 1638 1664 1662 ,
1698 1615 1854 1662 quum
1876 1601 2051 1651 Cicero
2080 1602 2146 1650 ad
2184 1602 2347 1653 urbem
2440 1600 2445 1605 ’

1418 1671 1670 1732 venisset,
1708 1669 1983 1722 convaluit.
2055 1669 2211 1719 Tertii
2244 1672 2347 1718 eius

1415 1738 1577 1788 morbi
1652 1740 1837 1787 mentio
1894 1738 1951 1787 fit
2008 1739 2059 1787 in
2123 1738 2351 1803 epistolis

1416 1822 1463 1859 a.
1488 1823 1537 1855 u.
1558 1822 1605 1860 c.
1632 1806 1774 1867 709„
1806 1815 1859 1855 ut
1882 1807 2097 1866 videtur,
2130 1809 2349 1873 scriptis,

1418 1876 1484 1926 ad
1506 1876 1626 1926 fam.
1644 1876 1726 1929 16.
1756 1892 1838 1942 ep.
1857 1877 1938 1927 17.
1962 1877 2045 1928 20.
2064 1878 2151 1927 22.
2202 1878 2351 1926 Manu

1416 1947 1627 1995 missum
1666 1961 1778 1996 esse
1814 1963 1845 1994 a
1874 1945 2115 1996 Cicerone
2158 1961 2207 1996 a.
2231 1962 2281 1995 u.
2308 1964 2349 1994 c.

1415 2014 1531 2065 700.
1566 2031 1629 2065 ex
1646 2015 1862 2080 epistola
1881 2015 1938 2075 Q.
1955 2016 2127 2066 fratris
2144 2017 2208 2066 ad
2232 2015 2348 2065 fam.

1417 2083 1499 2144 16,
1524 2084 1605 2136 16.
1647 2085 1961 2150 intelligitur,
1988 2085 2050 2133 cl.
2067 2086 2135 2138 ib.
2161 2085 2246 2144 16,
2270 2085 2349 2136 18.

1346 2151 1552 2204 Tullus
1582 2151 1845 2204 Cluilius.
1886 2155 1948 2202 V.
1990 2152 2253 2205 Cluilius.

1344 2219 1578 2282 Tullus,
1620 2225 1686 2272 ad
1721 2225 1823 2272 Att.
1846 2223 1896 2285 8,
1926 2223 1979 2279 9,
2014 2221 2063 2272 3.
2118 2224 2188 2273 lb.
2219 2223 2269 2284 8,
2304 2225 2351 2282 8,

1415 2291 1518 2408 {Q
1572 2294 1623 2342 2.
1677 2293 1741 2341 V.
1776 2291 1841 2341 L.
1884 2287 2171 2342 Volcatius
2211 2290 2354 2342 Tul-

1440 2376 1521 2410 us.

1348 2426 1654 2478 Tur-anius.
1692 2431 1755 2481 V.
1780 2425 2113 2480 Turranius.

1347 2496 1547 2547 Turdi.
1580 2499 1643 2544 V.
1664 2494 1898 2562 Papirii.

330 2572 406 2613 cst
423 2573 576 2618 totus.
624 2565 776 2614 Duxit
807 2581 922 2614 eum
959 2576 1170 2630 patruus
1193 2581 1274 2616 sc·
1346 2564 1529 2616 Turia
1582 2568 1766 2615 fluvius
1822 2565 2128 2630 Hispaniae,

2200 2566 2352 2615 hodie

1414 2636 1775 2686 Guadalavior.
1804 2635 1929 2684 Hinc
1939 2635 2184 2684 Turiense
2205 2650 2352 2700 proe-

1410 2704 1533 2754 lium
1594 2707 1894 2754 acerrimum
1967 2711 2013 2752 et
2068 2707 2348 2753 maximum

1410 2774 1461 2821 in
1507 2773 1639 2823 bello
1678 2773 1998 2836 SertorianO,
2053 2789 2145 2838 pro
2194 2773 2352 2824 Balbo

323 2836 549 2898 Philipp.
567 2836 617 2897 3,
637 2837 684 2894 7,
711 2838 792 2889 17.
832 2837 897 2886 cf.
921 2839 1072 2887 etiam
1089 2839 1154 2888 ad
1167 2840 1267 2888 Att.
1413 2843 1469 2898 2,
1495 2844 1541 2892 5.

327 2908 376 2964 2,
403 2909 454 2962 2,
479 2905 526 2953 1.
563 2905 629 2954 ad
650 2905 708 2962 Q.
729 2905 788 2954 fr.
814 2906 862 2968 1,
884 2905 934 2967 3,
953 2905 1005 2958 3.
1340 2909 1401 2958 L.
1431 2909 1641 2960 Turius
1659 2948 1672 2973 ,
1718 2920 1885 2960 orator
1906 2911 2184 2973 RomanuS,
2208 2913 2350 2962 Brut.

260 2968 338 3024 M.
365 2971 595 3024 Tullius
635 2971 794 3024 Tiro.
854 2975 915 3023 V.
955 2971 1168 3026 Alexis.
1202 3003 1272 3019 -—-
1408 2979 1492 3040 67,
1515 2979 1635 3032 237.

325 3043 557 3093 Graviter
586 3059 740 3107 aeger
774 3059 820 3096 a.
853 3059 906 3096 u.
930 3058 974 3096 c.
1011 3044 1163 3109 704„
1203 3047 1271 3097 ad
1342 3045 1409 3110 Q.
1437 3046 1645 3098 Turius
1672 3048 1957 3114 negotiator
1987 3051 2039 3098 in
2059 3049 2252 3109 Africa,
2290 3049 2355 3098 ad

327 3114 432 3161 Att.
459 3111 511 3171 6,
555 3114 601 3173 7,
639 3113 692 3162 2.
720 3137 784 3150 —--
822 3112 1058 3162 Tironem
1097 3116 1263 3166 Patris
1410 3115 1528 3164 fam.
1560 3117 1641 3179 12,
1672 3119 1759 3178 26,
1787 3119 1831 3170 1.

325 3195 532 3244 aegrum
555 3182 758 3244 reliquit
778 3180 970 3242 Cicero,
987 3184 1055 3232 lb.
1073 3186 1124 3244 7,
1141 3188 1190 3248 2,
1207 3184 1259 3238 3.
1336 3182 1547 3236 Turius
1568 3185 1728 3250 Eros,
1764 3187 1823 3246 Q.
1845 3187 1986 3237 Turii
2020 3187 2251 3249 libertus,
2288 3187 2354 3234 ad

325 3275 388 3286 ——-
412 3251 532 3298 Eius
552 3251 808 3312 valetudo,
831 3252 905 3303 Ib.
933 3252 983 3315 9,
1011 3253 1157 3307 17,2.
1186 3255 1259 3303 lb.
1406 3255 1521 3302 Γειιιι.
1548 3257 1599 3316 7,
1622 3255 1707 3308 26.
1730 3259 1780 3307 2.

333 3318 407 3369 12,
432 3317 513 3367 10.
554 3319 625 3366 Ib.
648 3321 697 3381 7,
712 3319 762 3380 5,
783 3320 828 3368 l.
866 3320 936 3370 lb.
960 3321 1012 3379 8,
1035 3322 1086 3379 5,
1106 3324 1156 3372 2.
1186 3325 1259 3372 lb.
1336 3322 1618 3390 Turpilia.
1664 3325 1737 3374 De
1766 3327 1875 3374 eius
1901 3333 2207 3376 testamento
2229 3338 2353 3375 con«

325 3385 375 3444 8,
404 3385 455 3445 6,
480 3385 530 3436 3.
561 3413 627 3422 -—
649 3385 908 3436 Ciceronis
931 3391 1263 3452 epistolarum
1400 3397 1662 3453 troversia,
1684 3395 1750 3443 ad
1769 3395 1890 3444 fam.
1914 3396 1963 3454 7,
1985 3396 2069 3448 21.

323 3453 460 3501 nulla
499 3461 574 3502 est
619 3449 936 3518 συναγωγή,
976 3459 1070 3506 sed
1109 3459 1263 3508 habet
1335 3458 1463 3512 Sex.
1514 3460 1835 3526 Turpilius,
1896 3467 2047 3528 poeta
2094 3462 2347 3512 comicus·
