2500 3850
124 169 204 230 52
303 182 370 242 Q.
399 180 592 232 CAEO.
623 183 786 231 ΜΕΤ.
815 183 880 230 ι..
911 182 976 231 F.
1011 185 1180 231 Num.
1211 205 1295 218 -
1330 185 1396 244 Q.
1432 185 1629 233 cfflc.
1662 187 1828 234 MET.
1852 187 2027 236 Pms.

191 353 369 390 censor
380 353 532 387 a.u.c.
547 337 666 388 638.
680 338 1014 402 Triumphum
1027 340 1132 403 egit

189 409 252 457 de
277 408 550 466 DalmatiS,
575 423 642 455 ex
667 407 921 474 manubiis
951 407 1132 458 refecit

190 477 371 527 aedem
391 475 632 539 Castoris,
657 477 805 526 Verr.
832 485 1051 527 accusat.
1077 477 1126 542 1,

189 544 285 606 59,
323 545 438 596 154.
473 545 537 598 cl.
572 560 665 609 pro
696 543 888 594 Scauro
921 545 1016 609 23,
1037 545 1124 600 46.

185 615 368 680 fragm.
393 629 446 678 p.
469 613 590 665 238.
615 641 680 650 -
699 613 760 663 L.
782 613 1014 665 Metellus
1037 614 1125 664 Cn.

186 683 440 734 Domitius
469 697 705 733 censores
741 699 789 736 a.
819 699 868 732 ιι.
902 700 949 735 c.
985 683 1125 745 638.,

183 755 332 806 Verr.
359 759 580 806 accusat.
609 753 634 802 1
654 787 668 814 ,
693 752 778 817 55,
803 751 922 804 143.
946 779 1012 789 ——
1033 769 1127 818 pro

185 821 414 872 Cluentio
445 823 540 884 42,
576 820 692 873 119.
715 849 778 856 --
811 821 870 875 L.
895 822 1126 872 Metellus

186 891 469 941 consularis
494 927 508 951 ,
587 905 704 940 cum
764 891 1128 941 interficeretur

184 959 485 1010 Saturninus
516 974 562 1007 a.
587 976 638 1013 ιι.
669 975 714 1013 c.
735 958 891 1021 654.,
925 975 1019 1024 pro
1045 975 1127 1010 sa-

183 1028 286 1078 lute
307 1029 563 1078 communi
592 1043 734 1077 arma
756 1029 917 1093 cepit,
955 1043 1048 1094 pro
1071 1028 1124 1078 C.

181 1097 309 1148 Rabi
298 1098 390 1148 irio
420 1098 564 1168 perd.
599 1098 660 1159 7,
691 1097 777 1149 21.
809 1096 1127 1163 (stemmatis

114 1234 184 1302 Q.
225 1203 508 1285 Caecilius
538 1233 806 1286 Metellus
832 1233 894 1286 L
924 1233 988 1284 F.
1007 1233 1126 1286 Nu-

181 1301 422 1355 midicus
453 1304 747 1354 adolescens
767 1303 982 1354 Athenis
1007 1303 1126 1353 Car-

179 1374 394 1423 neadem
431 1375 534 1423 iam
573 1374 830 1424 adfectum
868 1380 1125 1424 senectute

179 1442 367 1492 multos
399 1443 511 1493 dies
547 1442 771 1504 audivit,
813 1443 876 1492 de
909 1449 1036 1495 orat.
1069 1441 1118 1508 3,

179 1511 262 1572 18,
281 1511 368 1564 68.
391 1537 458 1548 —-
479 1511 538 1570 Q.
566 1513 798 1562 Metellus
819 1511 1121 1562 Numidicus

177 1587 228 1629 et
259 1583 370 1630 eius
397 1580 597 1646 collega
624 1581 690 1630 M.
723 1579 926 1630 Silanus
955 1587 1122 1630 orato-

174 1664 258 1698 res
285 1649 595 1711 mediocres,
617 1649 760 1698 Brut.
785 1647 850 1698 35
868 1685 883 1709 ,
911 1649 1025 1702 135.
1053 1677 1122 1687 -

179 1718 236 1776 Q.
261 1717 482 1768 Caecilio
509 1718 576 1767 M.
604 1719 750 1768 Iunio
768 1731 902 1772 coss.
923 1721 1120 1768 senatui

145 1823 151 1828 .
174 1787 386 1852 placuit,
409 1801 540 1850 quae
559 1786 700 1852 leges
720 1800 827 1836 rem
845 1787 1118 1838 militarem

176 1859 500 1921 impedirent,
521 1863 576 1905 ut
597 1857 975 1919 abrogarentur,
995 1855 1119 1906 Gor-

173 1928 276 1980 nel.
301 1928 454 1993 prim.
486 1927 671 1991 fragm.
698 1926 781 1977 11.
814 1941 869 1991 p.
902 1926 1022 1979 210.
1054 1956 1111 1967 -

173 1995 398 2047 Tabulas
436 1995 628 2046 Metelli
661 1994 948 2057 Numidici,
1003 2011 1119 2045 cum

175 2081 264 2114 eae
280 2102 295 2126 ,
318 2073 376 2115 ut
390 2078 503 2116 mos
523 2073 628 2127 est,
661 2064 1115 2127 circumferrentur,

174 2133 334 2184 nostri
391 2133 587 2184 iudices
654 2135 882 2200 aspicere
947 2134 1118 2184 nolue-

174 2210 318 2267 runt,
340 2203 407 2252 ad
425 2202 528 2253 Att.
558 2202 586 2253 1
605 2239 620 2267 ,
645 2202 727 2266 16,
751 2205 803 2253 4.
836 2218 930 2267 pro
953 2203 1115 2253 Balbo

172 2271 224 2333 5,
253 2272 336 2323 11.
359 2298 431 2309 -
449 2271 684 2322 Metellus
706 2272 1004 2323 Numidicus
1023 2286 1117 2323 no-

173 2340 269 2390 luit
289 2356 383 2390 sua
409 2341 700 2391 laudatione
730 2343 907 2393 iuvare
934 2343 994 2399 L,
1017 2342 1118 2391 Lu-

173 2410 362 2461 cullum
393 2409 611 2474 (Pontici
641 2408 900 2477 patrem),
923 2412 1116 2462 sororis

170 2481 338 2531 virum
352 2517 368 2543 ,
390 2481 538 2531 Verr.
561 2488 781 2535 accusat.
799 2482 860 2547 4,
883 2480 968 2545 65,
995 2481 1112 2533 147.

172 2576 240 2585 --
269 2548 394 2600 Eius
428 2550 696 2615 integritas
725 2550 777 2599 in
801 2550 1114 2599 aestimando

172 2618 453 2679 frumento,
494 2620 641 2669 Verr.
675 2626 896 2668 accusat.
931 2617 992 2679 3,
1025 2618 1112 2678 90,

171 2687 293 2739 209.
317 2712 383 2722 --
401 2686 622 2737 Archias
644 2687 897 2737 iucundus
925 2686 985 2745 Q.
1009 2686 1116 2735 Me-

171 2755 293 2805 tello
310 2754 391 2805 illi
407 2754 675 2805 Numidico
697 2762 746 2805 et
773 2756 882 2805 eius
898 2755 990 2805 Pio
1009 2754 1113 2805 filio

171 2831 308 2884 erat,
329 2838 422 2889 pro
445 2822 634 2873 Archia
650 2823 701 2884 3,
721 2823 772 2876 6.
795 2850 864 2860 —
882 2822 1115 2873 Metellus

169 2892 472 2943 Numidicus
491 2892 623 2942 salse
641 2892 980 2957 reprehensus
995 2908 1115 2959 pro—

171 2970 286 3028 pter
302 2960 476 3014 villam
491 2960 810 3011 Tiburtinam
828 2962 984 3011 nimis
1006 2977 1114 3012 ma-

171 3031 410 3097 gnificam
435 3046 466 3079 a
491 3030 546 3084 C.
583 3030 714 3083 Iulio
742 3029 955 3081 Caesare
977 3029 1114 3082 Stra-

173 3102 304 3151 bone
319 3138 337 3163 ,
367 3100 432 3149 de
463 3106 591 3149 orat.
615 3102 676 3159 2,
701 3098 772 3152 68
787 3136 801 3161 ,
831 3099 952 3153 275.
973 3126 1044 3140 —-
1064 3102 1114 3151 Is

173 3184 306 3218 unus
335 3170 388 3217 in
414 3167 584 3235 legem
616 3169 680 3219 de
709 3184 832 3235 agro
861 3170 1112 3221 Cimbrico
1186 3169 1257 3236 Q.

175 3237 456 3289 dividundo
486 3252 581 3301 per
615 3240 718 3288 vim
756 3239 909 3289 latam
945 3240 1114 3291 iurare

173 3307 365 3372 noluit,
391 3321 485 3372 pro
505 3305 670 3358 Sestio
693 3307 777 3370 16,
802 3306 888 3361 37.
926 3308 1001 3359 lb.
1023 3310 1112 3371 47,

175 3374 292 3429 101.
316 3401 388 3413 --
409 3377 534 3425 Eum
557 3374 611 3428 C.
637 3377 826 3429 Marius
849 3378 988 3443 apud
1023 3391 1113 3443 po·

172 3443 352 3510 pulum
385 3445 535 3499 Rom.
581 3446 875 3497 criminatus
909 3454 1010 3506 est,
1049 3446 1112 3496 de

1274 339 1359 390 off.
1382 341 1440 401 3,
1464 340 1549 402 20,
1574 340 1657 391 79.
1680 344 1823 391 -Ιιι
1846 359 1974 392 eum
1983 343 2211 394 Saturni

1270 423 1367 458 nus
1387 409 1633 473 populum
1656 412 1895 478 incitavit,
1922 413 1984 462 de
2000 412 2137 478 leg.
2156 414 2209 473 3,

1273 477 1369 538 11,
1400 478 1485 529 26.
1520 505 1591 516 -—
1621 479 1679 538 Q.
1706 481 1940 530 Metellus
1972 484 2123 532 cessit
2148 483 2206 531 L

1269 545 1541 597 Saturnino
1563 547 1775 608 furenti,
1798 551 2097 601 Pseudocic.
2121 565 2206 600 an-

1268 624 1471 677 tequam
1492 618 1587 666 iret
1607 619 1658 666 in
1690 633 1773 668 eX.
1799 618 1891 684 11,
1922 621 2007 672 27.
2035 645 2102 656 —·
2121 619 2213 669 Sa-

1267 686 1500 736 turninus
1542 686 1606 736 de
1644 685 1844 736 Metello
1879 689 2022 749 tulit,
2072 695 2127 738 ut
2164 691 2211 737 ei

1268 768 1401 815 aqna
1440 761 1489 803 et
1529 755 1637 820 igni
1680 757 2091 818 interdiceretur,
2146 758 2211 806 de

1270 823 1420 873 domo
1446 838 1536 872 sna
1556 823 1654 886 31,
1676 825 1762 878 82.
1798 827 1870 876 Ib.
1902 824 1997 887 32,
2032 824 2117 875 87.
2143 851 2213 862 -·

1267 891 1373 940 Nec
1389 891 1445 946 Ρ.
1469 893 1697 958 Popilius
1716 909 1880 956 neque
1900 894 1957 952 Q.
1974 893 2208 944 Metellus

1266 961 1372 1008 vim
1400 961 1723 1011 tribuniciam
1756 963 2008 1013 sustinere
2030 969 2211 1027 potue-

1269 1038 1412 1090 runt,
1435 1045 1527 1094 pro
1560 1029 1790 1081 Cluentio
1822 1032 1917 1100 35,
1946 1032 2035 1085 95
2058 1031 2207 1090 —Q.

1268 1065 1502 1150 Meteilus
1532 1099 1588 1148 L.
1612 1101 1667 1154 F
1690 1068 2017 1162 Numidicus,
2041 1102 2208 1149 neuti-

1266 1181 1417 1230 quam
1450 1177 1567 1232 post
1596 1169 1811 1219 reditum
1845 1170 2003 1220 fracto
2037 1170 2207 1218 animo

1266 1243 1318 1286 et
1338 1237 1561 1287 demisso
1584 1237 1711 1301 fuit,
1732 1239 1797 1288 ad
1818 1238 1941 1292 fam.
1968 1239 2013 1298 1,
2035 1236 2086 1299 9,
2115 1238 2202 1289 16.

1264 1325 1332 1342 -ι
1353 1305 1407 1354 G.
1440 1305 1629 1366 Mario,
1664 1316 1865 1358 sextum
1886 1306 2113 1370 consuli,
2142 1322 2207 1356 ne

1264 1374 1417 1423 armis
1438 1375 1763 1440 confligeret,
1792 1377 2071 1426 cedendum
2094 1389 2207 1424 esse

1266 1444 1441 1502 duxit,
1461 1445 1513 1492 in
1533 1443 1703 1494 Pison.
1728 1443 1779 1506 9,
1802 1445 1887 1498 20.
1928 1460 2022 1510 pro
2056 1443 2207 1493 Plan-

1264 1513 1343 1561 cio
1364 1511 1449 1572 36,
1472 1513 1558 1564 88.
1579 1537 1649 1549 ·—
1666 1511 1961 1579 Eius'l'nga,
1999 1515 2066 1563 de
2084 1529 2128 1566 r.
2151 1527 2205 1576 Ρ.

1264 1581 1289 1630 1
1309 1615 1325 1643 ,
1348 1579 1397 1640 3,
1416 1581 1468 1632 6.
1490 1607 1557 1619 —-
1578 1583 1699 1632 Eius
1730 1597 1877 1632 casus
1906 1581 1987 1631 vel
2017 1581 2208 1646 glorio-

1260 1665 1348 1708 sus
1370 1649 1448 1700 vel
1464 1653 1656 1716 gravis,
1678 1666 1770 1716 pro
1790 1650 1955 1701 Sestio
1974 1649 2061 1711 62,
2082 1648 2200 1703 130.

1260 1747 1327 1754 -
1348 1720 1469 1769 Eius
1488 1721 1555 1770 de
1572 1721 1739 1786 patria
1768 1721 2025 1770 discessus
2047 1719 2206 1769 mole-

1262 1795 1371 1838 stus
1392 1790 1657 1854 omnibus,
1702 1790 1801 1854 ipsi
1838 1805 1903 1838 ne
1940 1789 2205 1840 luctuosus

1264 1858 1470 1919 quidem
1507 1866 1584 1908 est
1624 1861 1795 1918 visus,
1843 1865 1962 1925 post
1998 1859 2107 1912 red.
2148 1857 2203 1908 'm

1260 1941 1368 1976 sen.
1400 1928 1499 1989 10,
1534 1928 1619 1981 25.
1662 1952 1729 1965 --
1763 1930 1860 1979 Pro
1897 1928 1958 1988 Q.
1997 1926 2203 1977 Metello

1209 1993 1213 1999 ’
1253 2004 1485 2060 spectata
1519 1998 1622 2046 iam
1662 1996 2005 2049 adolescentia
2046 1995 2203 2057 filius,

1254 2066 1318 2119 L.
1344 2073 1393 2115 et
1412 2065 1466 2120 C.
1486 2065 1674 2116 Metelli
1693 2066 2003 2126 consulares,
2026 2080 2203 2115 eorum

1260 2134 1434 2196 liberi,
1486 2134 1546 2195 Q.
1591 2134 1824 2185 Metellus
1874 2134 2071 2200 Nepos,
2114 2134 2205 2196 qui

1259 2211 1364 2253 tum
1391 2203 1707 2253 consulatum
1729 2205 1959 2270 petebat,
1981 2202 2204 2261 Luculli,

1258 2272 1497 2337 Servilii,
1545 2270 1844 2339 Scipiones,
1882 2272 2203 2322 Metellarum

1256 2341 1377 2404 filii,
1414 2342 1593 2392 flentcs
1628 2356 1689 2391 ac
1724 2341 1972 2393 sordidati
2008 2339 2201 2406 populo

1258 2410 1486 2460 Romano
1555 2410 2007 2476 supplicaverunt,
2082 2417 2203 2474 post

1256 2480 1363 2529 red.
1387 2481 1441 2528 in
1472 2495 1581 2529 sen.
1611 2480 1705 2541 15,
1728 2480 1811 2532 37.
1840 2486 1956 2545 post
1986 2478 2097 2529 red.
2133 2478 2200 2527 ad
2250 2522 2256 2527 .

1258 2548 1395 2608 Quir.
1434 2547 1496 2612 3,
1536 2548 1587 2601 6.
1620 2578 1692 2589 --·
1724 2548 2015 2599 Tribunicio.
2049 2561 2201 2612 roga·
2226 2566 2237 2573 ·

1253 2618 1419 2679 tione,
1460 2617 1740 2667 interfectis
1772 2617 2021 2675 inimicis,
2058 2614 2202 2665 nulla

1256 2688 1555 2737 auctoritate
1579 2686 1855 2749 restitutus,
1876 2693 1995 2751 post
2012 2684 2119 2737 red.
2147 2684 2202 2733 iu

1253 2770 1363 2809 sen.
1388 2754 1474 2818 15,
1497 2754 1583 2807 38.
1624 2761 1741 2819 post
1759 2754 1869 2807 red.
1892 2753 1961 2804 ad
1982 2753 2121 2813 Quir.
2142 2754 2199 2813 4,

1258 2823 1340 2877 10.
1377 2851 1444 2862 —
1482 2824 1547 2873 A.
1583 2838 1636 2873 ιι.
1676 2840 1723 2872 c.
1759 2820 1880 2875 655.
1918 2823 1978 2883 Q.
2018 2820 2203 2871 Calidii

1253 2893 1367 2959 lege
1412 2894 1463 2942 in
1504 2894 1757 2943 civitatem
1803 2892 2065 2941 restitutus
2102 2896 2199 2950 est,

1254 2976 1348 3027 pro
1378 2962 1585 3013 Plancio
1616 2960 1714 3026 28,
1746 2959 1834 3013 69.
1853 2958 2199 3009 -Metellum

1257 3045 1451 3081 veneno
1472 3030 1676 3081 sustulit
1708 3029 1765 3087 Q.
1794 3028 2012 3090 Varius,
2050 3028 2115 3077 de
2142 3041 2195 3075 n.

1252 3100 1305 3153 d.
1336 3099 1601 3166 Q
1641 3098 1959 3164 (stemmatis
1992 3093 2105 3160 15.)

1290 3164 1573 3219 Caecilius
1593 3166 1863 3220 Metellus
1892 3163 2061 3229 Pius,
2092 3162 2199 3213 Nu-

1253 3237 1611 3299 midicifiliuS,
1636 3236 1941 3299 (stemmatis
1957 3234 2087 3297 21..)
2107 3232 2199 3283 Pie

1249 3308 1384 3357 luxit
1409 3314 1619 3372 propter
1636 3312 1826 3370 patrem
1848 3303 2196 3365 Numidicum,

1252 3375 1316 3425 de
1337 3383 1463 3424 orat.
1488 3375 1552 3436 2,
1582 3373 1669 3433 40,
1695 3372 1811 3425 167.
1843 3371 1988 3429 —Q.
2017 3368 2197 3419 Metel-

1252 3443 1334 3493 lus
1353 3443 1473 3493 Pius
1490 3449 1697 3508 praetor
1716 3456 1763 3492 a.
1786 3454 1841 3493 u.
1866 3454 1912 3491 c.
1935 3436 2055 3490 665.
2062 3451 2199 3503 ,pro
