2500 3850
308 181 425 242 124

300 346 643 410 Demetrius,
667 348 985 398 Phanostrati
1008 346 1160 410 filius,
1181 348 1311 398 Pha-

369 419 560 472 lereus,
651 419 886 482 princeps
974 417 1308 480 Athenarum,

370 503 525 551 quum
544 487 711 551 patria
732 487 912 551 pulsus
942 495 1077 536 esset
1102 488 1308 546 iniuria,

372 556 438 606 ad
452 555 797 606 Ptolemaeum
815 571 871 606 se
891 571 1063 621 regem
1082 557 1307 606 Alexan-

370 627 543 676 dream
565 625 789 675 contulit.
834 625 932 685 Qui
950 641 1104 687 quum
1122 627 1172 675 in
1192 625 1306 689 phi-

367 693 601 758 losophia
640 693 907 744 excelleret
944 694 1308 758 Theophrasti-

367 778 464 826 que
502 771 636 812 esset
679 764 907 824 auditor,
956 763 1117 812 multa
1158 778 1306 828 prae-

368 833 502 882 clara
531 833 584 880 in
615 832 702 882 illo
734 833 1027 882 calamitoso
1057 833 1160 882 otio
1179 834 1306 882 scri-

368 904 471 967 psit
497 908 591 951 etc.
605 937 621 966 ,
643 901 707 951 de
726 901 812 951 fin.
830 901 883 964 5,
907 900 990 960 19,
1010 902 1097 952 54.
1118 929 1188 940 —-
1208 901 1307 952 De-

368 970 576 1020 metrius
594 968 886 1034 PhalereuS,
906 986 935 1020 a
954 970 1304 1035 Theophrasto

369 1041 548 1090 doctus
563 1075 577 1100 ,
612 1040 910 1090 mirabiliter
934 1041 1215 1089 doctrinam
1239 1056 1306 1090 ex

367 1109 676 1158 umbraculis
728 1109 1045 1159 eruditorum
1100 1112 1308 1172 otioque

366 1193 467 1227 non
498 1179 652 1229 modo
686 1179 737 1226 in
762 1179 921 1228 solem
952 1187 1103 1242 atque
1128 1179 1307 1244 pulve-

364 1263 502 1308 rem,
553 1247 646 1297 scd
696 1247 749 1296 in
808 1250 975 1313 ipsum
1028 1248 1307 1298 discrimen

366 1317 625 1380 aciemque
651 1317 923 1381 produxit,
948 1317 1012 1366 de
1044 1317 1145 1384 leg.
1169 1317 1225 1382 3,
1248 1317 1303 1378 6,

369 1386 451 1440 14.
473 1415 543 1426 —
564 1387 855 1452 Disputator
875 1386 1103 1446 subtilis,
1136 1395 1307 1436 orator

364 1471 546 1522 parum
579 1454 876 1517 vehemenS,
917 1455 1082 1507 dulcis
1114 1464 1303 1516 tamen,

365 1535 419 1574 ut
437 1525 770 1590 Theophrasti
803 1524 1114 1592 discipulum
1135 1527 1305 1591 possis

364 1609 670 1658 agnoscere,
695 1596 759 1644 de
778 1595 864 1647 off.
890 1596 935 1653 l,
960 1595 1009 1655 1,
1040 1593 1094 1646 3.
1118 1621 1183 1630 ——
1204 1593 1306 1645 Do-

364 1671 475 1712 ctus
493 1662 594 1721 vir,
625 1662 1012 1714 Atheniensium
1030 1678 1137 1712 rem
1157 1662 1301 1728 publ.

365 1745 678 1794 exsanguem
708 1734 809 1780 iam
842 1740 891 1782 et
919 1733 1167 1782 iacentem
1193 1748 1306 1782 sus-

362 1800 597 1858 tentavit,
633 1800 761 1849 der.
797 1815 849 1864 p.
882 1801 943 1860 2,
978 1802 1034 1859 1,
1066 1802 1117 1852 2.
1142 1800 1304 1849 -De

364 1869 473 1918 eius
499 1874 684 1928 morte,
708 1882 801 1933 pro
831 1868 957 1920 Rab.
980 1868 1222 1918 Postumo
1252 1867 1302 1927 9,

362 1937 449 1991 23.
472 1966 538 1974 —
561 1936 848 1987 Demetrius
878 1936 1177 1997 PhalereuS‚
1209 1953 1303 2003 po-

364 2008 630 2058 litissimus
660 2013 853 2067 orator,
890 2007 951 2058 de
977 2015 1100 2055 orat.
1126 2007 1188 2065 2,
1212 2006 1299 2063 23,

362 2077 449 2129 95.
503 2104 569 2112 -
618 2076 1003 2126 Eruditissimus
1047 2082 1301 2124 oratorum

363 2146 705 2207 antiquiorum
755 2146 1008 2209 omnium,
1062 2145 1156 2194 sed
1196 2158 1300 2193 non

364 2221 465 2261 tam
484 2216 639 2263 armis
667 2216 931 2264 institutus
958 2228 1109 2276 quam
1128 2214 1300 2279 palae-

363 2290 467 2331 stra
480 2319 495 2344 ,
516 2280 655 2336 Brut.
679 2282 727 2343 9,
746 2282 833 2338 37.
855 2309 923 2318 —-
942 2276 1298 2347 Ἀλλήγορίαν

360 2351 673 2415 frequentat,
722 2360 849 2406 orat.
886 2353 982 2413 27,
1021 2350 1108 2405 94.
1145 2379 1213 2387 -
1242 2353 1300 2401 In

360 2424 610 2473 suavitate
640 2420 896 2474 Ciceronis
925 2422 1117 2471 iudicio
1150 2436 1300 2486 prae-

362 2492 487 2541 stitit
516 2493 753 2555 caeteriS,
788 2493 861 2542 Ib.
896 2493 990 2549 27,
1022 2489 1111 2541 92.
1134 2521 1202 2531 --
1222 2491 1300 2539 Ex

362 2559 502 2610 illius
537 2562 848 2613 orationibus
886 2560 1113 2612 redolere
1154 2561 1299 2624 ipsae

295 2647 304 2655 ·
362 2629 592 2679 Athenae
622 2629 869 2681 videntur.
903 2654 974 2665 —
992 2630 1056 2679 Et
1073 2630 1302 2679 ssoridior

363 2712 515 2759 quam
549 2698 860 2763 Hyperides,
908 2713 1059 2760 quam
1100 2699 1300 2763 Lysias,

361 2766 502 2819 Brut.
535 2765 602 2817 82
620 2804 633 2827 ,
667 2766 784 2817 285.
807 2792 877 2803 --
898 2766 973 2816 De
1003 2767 1301 2818 Demosthe-

361 2834 443 2883 nis
456 2835 623 2885 studio
638 2842 688 2884 et
704 2835 1063 2886 exercitatione
1074 2838 1299 2901 scripsit,

364 2904 423 2961 Q.
447 2902 547 2953 Cic.
570 2904 633 2953 de
652 2912 755 2968 pet.
784 2918 923 2957 cons.
965 2904 1023 2964 1,
1049 2907 1100 2955 2.
1140 2905 1205 2955 cl.
1236 2906 1300 2955 de

365 2973 519 3022 divin.
544 2974 604 3028 2,
636 2970 730 3033 46,
767 2971 852 3026 96.
876 3000 942 3008 —
961 2972 1089 3031 Quid
1121 2974 1184 3024 de
1208 2972 1302 3024 So-

364 3041 476 3093 lone
495 3041 779 3100 tradiderit,
801 3042 864 3092 de
887 3040 988 3107 leg.
1012 3042 1045 3091 2
1061 3078 1075 3101 ,
1104 3044 1188 3108 25,
1208 3042 1298 3095 64.

364 3137 429 3146 —
439 3109 512 3159 De
530 3111 777 3175 sepulcris
791 3110 1202 3170 Atheniensibus,
1220 3112 1296 3165 lb.

364 3180 416 3239 2,
436 3179 504 3230 25
517 3216 532 3241 ,
553 3180 642 3232 66.
662 3206 731 3217 -
747 3180 992 3230 Periclem
1014 3180 1300 3246 principem

364 3246 605 3299 Graeciae
626 3250 908 3316 vituperat,
944 3250 1079 3313 quod
1106 3257 1302 3301 tantam

364 3318 631 3380 pecuniam
669 3319 720 3366 ln
751 3317 1015 3384 praeclara
1051 3319 1141 3369 illa
1181 3334 1301 3384 pro-

362 3384 547 3503 gglaea
576 3388 871 3452 coniecerit,
906 3388 971 3437 de
1000 3388 1085 3437 off.
1122 3389 1183 3449 2,
1217 3388 1300 3449 17,

876 192 1276 241 DEMETRmS
1305 212 1394 226 —-
1417 192 1883 240 DEMOCRITUS.

1379 347 1698 416 Demetrius
1757 350 2086 413 Poliorcetes,
2147 351 2402 417 Antigoni

1449 417 1613 480 filius,
1635 419 1699 468 de
1722 419 1807 472 off.
1833 420 1885 481 2,
1912 421 1959 478 7,
1978 420 2063 470 26.

1377 503 1698 555 Demetrius
1714 502 1888 569 Syrus,
1903 512 2050 553 vetus
2063 511 2111 553 et
2124 519 2230 554 non
2248 508 2399 571 igno-

1447 573 1567 623 bilis
1627 574 1830 624 d:cendi
1900 573 2143 639 magister
2168 612 2184 639 ‚
2255 577 2400 642 apud

1447 658 1596 705 quem
1618 642 1792 693 Cicero
1806 680 1820 703 ,
1843 657 1998 703 quum
2019 650 2154 692 esset
2175 645 2400 694 Athenis

1444 712 1521 777 (a.
1543 727 1592 761 u.
1627 729 1669 762 c.
1696 709 1871 775 675.),
1904 712 2134 762 studiose
2159 716 2398 764 exerceri

1445 780 1664 845 solebat,
1689 782 1828 831 Brut.
1851 780 1936 841 91,
1958 780 2076 834 315.

1375 865 1696 917 Demetrius
1709 866 2100 932 TyndaritanuS,
2123 867 2398 929 gymnasi-

1447 937 1659 1000 archus‚
1677 935 1826 986 Verr.
1851 943 2072 986 accusat.
2096 938 2147 994 4,
2171 935 2240 984 42
2255 971 2268 994 ,
2299 933 2393 988 92.

1374 1017 1718 1087 Demiurgus
1735 1055 1748 1082 ‚
1801 1017 2015 1084 Turpilii
2067 1017 2270 1080 fabula,
2325 1022 2394 1074 ad

1446 1090 1569 1142 fam.
1593 1090 1645 1149 9,
1666 1089 1751 1149 22,
1778 1089 1826 1137 1.

1374 1156 1757 1210 Demochares
1778 1156 2154 1208 Leuconoensis
2167 1197 2182 1222 ,
2203 1157 2398 1210 Demo-

1445 1227 1638 1278 sthenis
1659 1229 1848 1276 sororis
1868 1225 2004 1277 filius
2018 1263 2032 1289 ,
2064 1235 2232 1278 orator
2256 1229 2395 1277 Atti-

1446 1312 1535 1346 cus
1551 1334 1564 1356 ,
1586 1297 1650 1346 de
1673 1304 1800 1347 orat.
1822 1297 1872 1356 2,
1894 1295 1978 1357 23,
1999 1295 2087 1348 95.
2124 1297 2267 1347 Brut.
2299 1297 2391 1357 83,

1375 1432 1711 1486 Democritii
1748 1437 1910 1487 ornati
1942 1435 2178 1486 homines
2214 1436 2268 1484 in
2313 1437 2397 1485 di-

1446 1507 1604 1556 cendo
1635 1512 1683 1555 et
1713 1519 1923 1570 graves,
1954 1505 2018 1555 de
2046 1515 2172 1554 orat.
2203 1504 2228 1553 1
2248 1541 2263 1564 ,
2303 1505 2394 1564 10,

1441 1577 1610 1629 42.-
1633 1575 1988 1632 Democritius,
2013 1591 2058 1623 v.
2083 1591 2128 1626 c.
2155 1576 2397 1622 Anaxar-

1447 1645 1604 1708 chuS,
1628 1645 1692 1694 de
1715 1658 1767 1696 n.
1791 1643 1842 1696 d.
1868 1642 1916 1701 3,
1936 1642 2019 1707 33,
2045 1641 2112 1693 82
2132 1651 2180 1692 et
2201 1643 2267 1692 al.

1373 1725 1759 1789 Democritus,
1791 1726 1974 1776 dicitur
1999 1727 2161 1776 oculis
2191 1743 2252 1780 se
2278 1743 2395 1793 pri-

1443 1811 1620 1853 vasse;
1671 1801 1832 1856 certe,
1879 1803 1934 1843 ut
1980 1810 2132 1856 quam
2177 1799 2396 1848 minime

1443 1867 1644 1914 animus
1674 1877 1704 1912 a
1733 1863 2126 1927 cogitationibus
2158 1867 2395 1916 abduce-

1440 1942 1608 1993 retur,
1696 1933 2052 1996 patrimonium
2137 1937 2393 2003 neglexit,

1441 2018 1594 2068 agros
1655 2000 1879 2050 deseruit
1935 2002 2154 2052 incultos
2176 2042 2190 2065 ,
2258 2006 2395 2055 nihil

1439 2085 1687 2134 quaerens
1705 2069 1848 2119 aliud
1865 2071 1965 2121 nisi
1985 2073 2184 2123 beatam
2209 2077 2393 2138 vitam,

1441 2141 1503 2190 de
1523 2140 1610 2193 fin.
1633 2142 1684 2201 5,
1705 2137 1790 2200 29,
1810 2140 1895 2190 87.
1921 2140 1985 2190 cl.
2008 2142 2210 2192 Tuscul.
2227 2145 2280 2205 5,
2298 2146 2392 2205 39,

1442 2210 1542 2262 114
1561 2226 1639 2272 sq.
1671 2236 1738 2245 -
1756 2208 2098 2275 Democritus,
2129 2213 2395 2278 Pythago-

1441 2295 1523 2329 ras
1539 2316 1552 2339 ,
1587 2280 1924 2344 Anaxagoras
1944 2296 1976 2331 a
1993 2282 2234 2347 regendis
2258 2284 2394 2332 civi-

1439 2348 1627 2399 tatibus
1671 2355 1804 2403 totos
1845 2364 1902 2399 se
1939 2351 2004 2400 ad
2040 2352 2392 2415 cognitionem

1439 2434 1609 2468 rerum
1638 2418 2030 2480 transtulerunt,
2071 2418 2135 2469 de
2169 2428 2296 2471 orat.
2333 2421 2391 2481 3,

1441 2489 1535 2553 15,
1565 2487 1652 2542 56.
1689 2513 1754 2525 -
1781 2488 1830 2537 A
1861 2488 2148 2539 Democrito
2175 2498 2394 2555 propter

1440 2558 1670 2607 discendi
1693 2557 2020 2621 cupiditatem
2045 2558 2274 2609 videmus
2305 2558 2389 2607 ul-

1441 2628 1590 2675 timas
1623 2634 1780 2677 terras
1806 2642 1918 2678 esse
1949 2635 2274 2693 peragratas,
2315 2629 2388 2679 de

1439 2696 1524 2745 fin.
1549 2696 1610 2754 5,
1635 2694 1730 2755 19,
1751 2696 1836 2747 50.
1873 2696 1936 2745 cl.
1961 2696 2170 2746 Tuscul.
2199 2698 2261 2756 4,
2293 2698 2385 2757 19,

1440 2765 1525 2814 44.
1545 2765 1618 2813 lb,
1643 2766 1694 2822 4,
1715 2765 1801 2824 25,
1823 2764 1905 2817 58.
1928 2766 2130 2815 -Eius
2149 2765 2388 2815 doctrina

1443 2834 1506 2883 de
1526 2834 1734 2892 atomis,
1761 2834 1824 2883 de
1845 2849 1896 2888 n.
1919 2836 1969 2885 d.
1998 2834 2048 2894 1,
2068 2835 2162 2897 24,
2184 2834 2271 2886 66.
2315 2835 2384 2886 cl.

1447 2904 1490 2959 1,
1513 2902 1599 2963 25,
1620 2902 1702 2953 75.
1738 2902 1801 2952 de
1823 2901 1926 2954 fato
1949 2903 2044 2965 10,
2065 2904 2151 2957 23.
2187 2904 2263 2953 Ib.
2292 2903 2383 2964 20,

1439 2971 1525 3023 46.
1567 2970 1772 3025 Tuscul.
1809 2971 1867 3032 1,
1900 2972 1995 3032 18,
2027 2972 2113 3022 42.
2144 3000 2210 3009 -
2237 2972 2384 3022 Idem

1439 3048 1593 3107 negat
1633 3056 1747 3091 esse
1789 3042 2066 3105 quidquam
2113 3042 2387 3107 sempiter-

1441 3126 1588 3171 num,
1611 3111 1674 3164 de
1695 3125 1746 3159 n.
1767 3110 1819 3159 d·
1843 3110 1901 3170 1,
1928 3111 2019 3172 12,
2050 3111 2134 3163 29.
2160 3136 2230 3148 --
2251 3110 2386 3161 Gen-

1441 3180 1543 3231 suit
1573 3181 1742 3229 omnia
1768 3180 1840 3228 ita
1861 3178 1965 3229 fato
1987 3179 2119 3243 fleri,
2149 3186 2206 3232 ut
2225 3180 2278 3230 id
2303 3179 2384 3229 fa-

1437 3256 1545 3299 tum
1564 3250 1666 3299 vim
1689 3248 2007 3299 necessitatis
2031 3247 2284 3308 adferret,
2317 3250 2384 3299 de

1441 3318 1546 3369 fato
1571 3319 1656 3380 17,
1677 3316 1844 3370 39.—
1857 3318 1929 3367 De
1950 3318 2261 3368 divinatione
2279 3332 2383 3368 non

1439 3388 1622 3439 inscite
1651 3394 1896 3449 nugatur,
1929 3392 1983 3434 ut
2002 3386 2250 3453 physicus
2271 3424 2286 3447 ,
2317 3388 2381 3437 dc

1441 3456 1600 3509 divin.
1621 3456 1673 3518 2,
1699 3454 1781 3519 13,
1803 3454 1887 3507 30.
1914 3481 1978 3491 -
1997 3456 2234 3506 Plurimis
2254 3456 2385 3507 locis
