2500 3850
779 210 1141 259 PHILISTUS
1173 234 1256 245 --
1286 211 1698 261 rmnocnns.
2157 202 2269 266 291

192 364 472 419 Philistus
496 364 819 429 Syracusius,
845 366 1075 431 Dionysii
1096 382 1203 417 ma-

260 437 387 485 ioris
416 435 711 497 familiaris,
749 436 969 484 maxime
1002 435 1204 500 Thucy-

264 506 436 555 didem
457 511 534 553 est
553 504 794 563 imitatu8‚
818 504 878 553 de
902 511 1027 555 orat.
1051 506 1102 564 2,
1121 505 1200 567 13,

262 576 346 625 57.
378 601 444 609 —-
464 573 707 621 Philistus
738 571 965 631 Siculus,
998 572 1206 625 histori-

264 660 353 695 cus
366 680 381 707 ,
401 642 555 707 longe
571 640 857 705 praefertur
878 642 1198 692 Callistheni:

262 712 499 777 capitalis
517 747 531 770 ,
554 712 755 771 creber,
778 719 979 772 acutus,
1015 712 1201 770 brevis,

263 796 424 847 paene
461 780 679 844 pusillus
716 780 1040 847 Thucydides
1078 789 1201 841 etc„

263 852 329 899 ad
350 850 407 909 Q.
428 848 491 897 fr.
521 851 579 911 2,
603 849 665 899 11
692 846 841 914 (13),
878 851 929 900 4.
956 872 1027 886 ·-
1048 851 1201 898 Ama-

262 928 397 969 tores
418 918 591 968 Catoni
612 918 821 979 desunt,
856 919 1008 967 sicuti
1030 918 1203 967 multis

263 990 365 1037 iam
384 994 499 1036 ante
518 986 737 1036 saeculis
750 986 959 1036 Philisto
984 984 1203 1051 Syracu-

224 1118 227 1123 ·
263 1060 340 1107 sio
357 1064 405 1106 et
425 1056 525 1120 ipsi
546 1055 846 1119 Thucydidi.
870 1056 1059 1107 Horum
1083 1072 1203 1106 con-

252 1127 383 1175 ·cisis
423 1124 713 1179 sententiis,
756 1125 1007 1174 interdum
1048 1127 1201 1175 etiam

266 1208 365 1243 non
393 1194 515 1243 satis
552 1195 740 1259 apertis
768 1209 923 1255 quum
955 1195 1201 1244 brevitate

261 1272 369 1313 tum
400 1263 557 1314 nimio
584 1263 815 1312 acumine
848 1263 1005 1313 officit
1033 1263 1201 1313 Theo-

262 1347 483 1399 pompus
513 1331 727 1381 elatione
760 1339 909 1394 atque
938 1332 1201 1381 altitudine

266 1401 505 1451 orationis
530 1416 681 1465 suae,
712 1401 850 1449 Brut.
888 1401 976 1457 17,
1008 1401 1093 1454 66.
1133 1401 1199 1449 cl.

262 1471 334 1519 ib.
360 1469 442 1529 85,
462 1468 580 1520 294.
600 1498 673 1507 -
692 1470 827 1519 Nihil
851 1469 1065 1521 Philisto
1088 1472 1203 1520 bre·

262 1540 403 1601 vius,
434 1539 619 1603 fragm.
650 1555 701 1605 p.
728 1538 846 1588 287.
872 1568 939 1577 —
957 1538 1201 1589 Philistus

264 1610 443 1659 doctus
486 1608 640 1658 homo
678 1618 726 1656 et
764 1608 1003 1673 diligens.
1076 1610 1201 1658 Eius

263 1678 483 1728 narratio
503 1678 566 1727 de
586 1678 783 1726 somnio
814 1679 990 1727 matris
1010 1678 1200 1743 Diony-

264 1749 353 1808 sii,
384 1748 447 1797 de
468 1746 625 1796 divin.
648 1745 695 1807 1,
720 1747 803 1811 20,
826 1746 909 1800 39.
938 1774 1003 1783 --
1022 1747 1201 1799 Narrat

262 1817 553 1881 prodigium
592 1816 830 1880 Dionysio
858 1817 1040 1867 maiori
1060 1818 1200 1867 obla-

260 1896 385 1947 tum,
406 1886 480 1935 Ib.
507 1885 553 1944 1,
575 1884 659 1949 33,
684 1884 767 1937 73.
804 1886 865 1937 de
886 1894 1010 1941 orat.
1037 1888 1085 1947 2,
1112 1886 1198 1950 23,

263 1955 348 2005 94.
398 1954 542 2004 multi
592 1962 793 2005 auctore
838 1956 1067 2006 Goellero
1106 1971 1197 2021 pro

261 2025 463 2074 Philisti
508 2024 713 2074 nomine
758 2025 964 2076 Philisci
1014 2025 1200 2075 Milesii

262 2094 461 2144 restitui
481 2091 767 2147 voluerunt.

193 2161 463 2223 Phintia,
498 2163 730 2211 convivia
766 2163 1197 2214 Lacedaemonio·
1246 2218 1253 2225 ,

261 2247 370 2281 rum
388 2267 403 2293 ,
425 2231 628 2279 Tuscul.
656 2230 705 2288 5,
729 2231 814 2292 34,
835 2231 919 2282 98.

194 2299 381 2353 Philo.
421 2299 486 2346 V.
508 2296 772 2349 Veturius
792 2297 980 2352 Philo.

194 2367 361 2422 Philo
400 2367 699 2426 LarisaeuS,
741 2382 842 2416 non
871 2369 1025 2418 nullis
1054 2384 1201 2432 quar-

262 2448 345 2488 tae
367 2437 671 2488 Academiae
704 2445 877 2485 auctor
905 2437 1095 2498 dictus,
1128 2439 1202 2486 vi-

262 2507 413 2574 gebat
436 2505 649 2556 Athenis
682 2505 782 2554 iam
814 2521 863 2554 a.
889 2521 941 2556 u.
982 2521 1026 2559 0.
1057 2504 1198 2568 663„

254 2581 326 2628 de
349 2583 476 2626 orat.
496 2574 556 2636 3,
580 2573 674 2634 28,
698 2574 816 2624 110.
842 2599 909 2611 -
929 2574 1074 2627 Philo
1099 2573 1201 2624 Cli-

262 2645 499 2696 tomacho
545 2658 751 2709 operam
805 2643 993 2692 multos
1043 2658 1201 2694 annos

265 2716 423 2766 dedit.
454 2713 663 2764 Philone
684 2708 860 2764 autem
890 2713 1004 2764 vivo
1031 2720 1200 2777 patro-

266 2787 451 2835 cinium
509 2783 812 2833 Academiae
865 2795 967 2831 non
1021 2781 1199 2844 defuit,

263 2853 421 2903 Acad.
454 2867 534 2917 pr.
568 2853 630 2912 2,
657 2851 719 2913 6,
749 2851 833 2904 17.
863 2879 933 2892 -·-
962 2850 1201 2901 Antiochi

265 2923 535 2986 magister,
561 2921 635 2972 lb.
662 2921 695 2970 2
710 2957 724 2981 ,
748 2922 838 2980 22,
856 2922 945 2974 68.
967 2949 1033 2958 ——
1052 2919 1199 2976 Philo

264 2993 503 3056 princeps
537 2989 844 3040 Academiae
888 3006 1002 3040 cum
1046 2990 1201 3039 Athe-

267 3061 527 3110 niensibus
557 3059 892 3108 Mithridatico
922 3058 1053 3110 bello
1076 3075 1121 3107 a.
1144 3074 1195 3111 u.

267 3145 309 3178 c.
343 3127 459 3180 666.
492 3128 556 3178 de
587 3129 735 3180 domo
767 3143 920 3190 quum
941 3127 1202 3194 profugis-

264 3205 339 3246 set
358 3197 669 3260 Romamque
690 3198 940 3260 venisset,
972 3205 1132 3246 totum
1152 3199 1201 3245 ci

266 3283 319 3316 se
342 3266 550 3316 tradidit
570 3266 745 3316 Cicero
759 3301 775 3328 ,
794 3265 932 3315 Brut.
960 3265 1055 3326 89,
1079 3265 1198 3316 306.

266 3362 332 3373 --
346 3335 599 3385 Ciceronis
620 3335 1037 3392 memoriaPhilo,
1052 3350 1199 3397 quem
1236 3360 1247 3366 —

266 3407 376 3471 ipse
405 3403 693 3466 frequenter
727 3405 949 3468 audivit,
987 3403 1203 3450 instituit

267 3473 365 3523 alio
384 3481 609 3538 tempore
638 3472 895 3520 rhetorum
926 3478 1201 3536 praecepta

1345 368 1568 429 tradere,
1593 368 1691 417 alio
1715 368 2153 435 philosophorum,
2181 372 2283 421 Tu-

1347 437 1472 489 scul.
1498 438 1548 497 2,
1572 436 1621 501 3,
1639 436 1690 487 9.
1711 439 1918 507 Τ-Εἰιιε
1939 439 2056 488 libri
2077 441 2194 498 duo,
2221 440 2284 488 ab

1342 505 1598 555 Antiocho
1615 544 1628 567 ,
1667 506 1830 569 ipsius
1865 508 2094 557 Philonis
2135 509 2286 558 disci-

1343 574 1495 639 pulo,
1520 575 1743 635 refutati,
1769 577 1929 628 Acad.
1953 592 2030 641 pr.
2053 580 2103 637 2,
2123 579 2172 638 4,
2199 577 2282 626 11.
2353 632 2358 636 ,

1345 670 1410 679 -
1431 645 1620 708 Aperte
1643 646 1909 704 mentitur,
1931 654 1986 693 ut
2013 654 2088 695 est
2116 660 2285 711 repre-

1343 714 1533 763 hensus
1567 728 1596 761 a
1625 721 1770 777 patre
1799 712 2004 773 Catulo,
2033 714 2106 763 Ib.
2143 716 2202 779 2,
2231 714 2284 775 6,

1344 781 1428 832 18.
1469 809 1537 818 --
1577 783 1686 841 Qua
1733 782 1972 831 Antiochi
2016 784 2287 847 reprehen-

1345 852 1486 900 sione
1507 852 1729 901 maxime
1759 853 2081 916 perturbatus
2111 851 2282 913 fuerit,

1342 920 1416 971 lb.
1439 921 1488 981 2,
1512 920 1596 981 34,
1621 920 1738 969 111.
1767 948 1826 956 -
1851 921 1997 971 Philo
2014 958 2027 981 ,
2049 920 2287 969 Antiochi

1343 991 1615 1054 magister,
1661 1004 1875 1054 magnus
1909 992 2015 1051 vir,
2047 999 2197 1055 negat
2231 991 2284 1037 in

1342 1058 1486 1108 libris
1518 1060 1644 1107 duas
1668 1058 1971 1109 Academias
2000 1073 2111 1109 esse
2147 1073 2286 1109 erro-

1341 1142 1548 1190 remque
1581 1143 1780 1192 eorum,
1818 1130 1905 1189 qui
1939 1130 2007 1178 ita
2025 1136 2284 1193 putarunt,

1341 1198 1588 1263 coarguit,
1614 1197 1772 1246 Acad.
1795 1205 1931 1261 post.
1959 1199 2006 1257 1,
2034 1200 2085 1263 4,
2115 1196 2196 1250 13.
2219 1223 2280 1233 --

1342 1265 1526 1316 Contra
1553 1265 1686 1315 hanc
1721 1268 1830 1315 eius
1865 1267 2156 1330 opinionem
2179 1266 2286 1315 An-

1340 1335 1544 1384 tiochus
1553 1334 1776 1398 scripsit,
1789 1334 2084 1385 Ib.-—Philo
2099 1336 2286 1383 multos

1342 1419 1518 1453 versus
1537 1403 1732 1453 solebat
1749 1402 2030 1451 admiscere
2049 1404 2282 1462 orationi,

1343 1472 1548 1523 Tuscul.
1574 1472 1630 1534 2,
1659 1470 1753 1533 11,
1781 1470 1867 1521 26.
1895 1498 1960 1506 -
1980 1468 2125 1520 Philo
2147 1473 2282 1519 sum·
2313 1520 2316 1523 ⁴

1341 1556 1427 1590 ma
1455 1540 1702 1589 memoria
1735 1541 2102 1603 pronunciabat
2123 1538 2285 1605 pluri-

1345 1624 1454 1659 mas
1483 1609 1690 1673 Epicuri
1723 1610 2000 1659 sententias
2031 1608 2115 1658 his
2152 1609 2282 1672 ipsis

1343 1679 1532 1741 verbis,
1555 1678 1738 1741 quibus
1759 1686 1900 1727 erant
1918 1680 2157 1743 scriptae,
2181 1677 2283 1726 Me-

1342 1748 1537 1799 trodori
1560 1762 1679 1797 vero
1715 1748 1870 1796 multa
1910 1748 2286 1812 impudentiore

1342 1818 1611 1878 recitabat,
1635 1817 1702 1866 de
1727 1831 1778 1867 n.
1803 1817 1851 1866 d.
1876 1814 1902 1864 1
1923 1854 1937 1878 ,
1958 1818 2045 1878 40,
2069 1815 2189 1869 113.
2217 1842 2286 1851 -

1343 1912 1413 1925 --
1449 1885 1783 1936 Antiochinas
1836 1894 2006 1952 partes
2051 1888 2103 1935 in
2140 1885 2284 1935 libris

1343 1956 1668 2006 Academicis
1688 1956 1907 2004 Varroni
1929 1956 2068 2005 dedit
2087 1954 2282 2014 CicerO,

1343 2025 1440 2074 sibi
1459 2025 1676 2088 sumpsit
1699 2023 1954 2089 Philonis,
1987 2024 2056 2073 ad
2079 2023 2202 2075 fam.
2230 2022 2281 2081 9,

1341 2094 1403 2156 8,
1433 2093 1478 2146 1.
1503 2120 1568 2128 -
1591 2091 1900 2143 Clitomacho
1931 2093 2045 2158 plus
2075 2093 2138 2141 de
2165 2090 2285 2145 Car-

1339 2163 1502 2213 neade
1541 2177 1692 2225 quam
1737 2161 1940 2212 Philoni
1987 2168 2074 2212 aut
2105 2160 2285 2210 Metro·

1341 2233 1464 2283 doro
1503 2231 1812 2281 credendum
1841 2247 1981 2293 esse,
2020 2231 2178 2280 Acad.
2199 2245 2279 2294 pr.

1341 2305 1404 2368 2,
1436 2302 1532 2364 24,
1561 2299 1647 2352 78.
1671 2327 1737 2335 -
1757 2301 1966 2350 Multum
1990 2301 2284 2366 peregrina-

1334 2379 1418 2420 tus
1457 2376 1560 2430 est,
1595 2369 1798 2418 Tuscul.
1833 2371 1896 2429 5,
1931 2369 2024 2430 37,
2061 2369 2177 2418 107.
2216 2397 2284 2406 —--

1339 2439 1646 2488 Memoratur
1685 2444 1952 2500 praeterea
1997 2436 2156 2486 Acad,
2205 2449 2280 2498 pr.

1341 2512 1392 2568 2,
1412 2509 1498 2570 47,
1523 2505 1639 2556 107.
1683 2505 1745 2554 de
1767 2520 1816 2554 n.
1842 2507 1892 2557 d.
1915 2505 1961 2564 1,
1983 2503 2033 2565 3,
2057 2505 2108 2554 6.
2136 2505 2208 2552 Ib.
2235 2505 2282 2560 1,

1341 2579 1392 2636 7,
1418 2576 1498 2624 17.
1537 2574 1612 2623 Ib.
1643 2573 1692 2634 1,
1717 2573 1803 2632 21,
1825 2573 1911 2624 59.

1271 2643 1440 2695 Philo
1471 2643 1806 2708 a1²chitectuS‚
1837 2644 1924 2707 qui
1961 2641 2284 2691 Atheniensi-

1339 2715 1434 2764 bus
1472 2713 1917 2770 armamentarium
1959 2711 2080 2762 fecit
2115 2711 2166 2759 in
2198 2709 2284 2758 Pi-

1339 2797 1488 2832 raeeo
1519 2788 1748 2846 tempore
1782 2780 2006 2850 Lycurgi
2041 2781 2282 2832 oratoris:

1342 2867 1459 2901 eum
1479 2857 1675 2901 constat
1690 2851 1977 2916 perdiserte
1991 2851 2181 2916 populo
2203 2865 2282 2898 ra-

1341 2923 1530 2972 tionem
1563 2922 1730 2987 operis
1758 2924 1837 2971 sui
1869 2921 2181 2978 reddidisse,
2221 2918 2283 2967 de

1345 2997 1469 3040 orat.
1494 2991 1541 3050 1,
1566 2991 1646 3054 11,
1672 2989 1758 3040 6⁴2.

1273 3057 1474 3122 Philo,
1511 3059 1576 3107 M.
1607 3057 1767 3108 Caelii
1796 3057 1930 3107 Rufii
1959 3056 2192 3110 libertus,
2216 3053 2284 3102 ad

1328 3129 1464 3248 ‘tl'zgm
1490 3130 1540 3187 2,
1563 3127 1646 3189 12,
1667 3127 1716 3174 2.
1758 3125 1894 3174 Cael.
1918 3125 1984 3174 ad
2006 3124 2124 3172 fam.
2152 3122 2204 3182 8,
2229 3121 2281 3186 8,

1271 3262 1470 3325 Philo,
1507 3262 1740 3324 Pompeii
1780 3259 2021 3322 libertuS,
2065 3259 2130 3308 ad
2172 3259 2278 3308 Att.

1345 3331 1427 3392 16,
1447 3333 1498 3388 4,
1524 3329 1568 3378 1.

1270 3397 1557 3450 Philocles
1594 3395 1995 3459 Alabandensis,
2047 3394 2112 3444 ad
2155 3394 2278 3446 fam,

1344 3466 1426 3529 13,
1447 3467 1531 3527 56,
1554 3468 1604 3516 2.

1773 3533 1874 3584 19*
