2500 3850
282 203 402 263 398
510 208 517 214 ’

281 367 567 422 Titienses
588 407 603 432 ,
646 371 712 422 de
736 380 864 436 r.‘p.
883 370 934 432 2,
955 370 1040 435 20,
1061 369 1145 423 36.
1221 372 1286 420 V.

345 436 606 491 Luceres.

278 505 498 559 Titinia
512 546 527 569 ,
550 508 611 559 Ο(
623 514 725 559 ttae
745 523 893 567 uxor,
924 506 1136 559 detensa
1155 522 1186 557 a
1210 507 1289 558 Gi·

347 592 528 627 cerone
549 584 723 628 eontra
736 577 844 628 Ser.
865 576 1129 636 Naevium,
1145 576 1286 627 Brut.

259 713 622 774 ,Τίῑίιιίιιιιιιι
677 717 738 765 V.
779 714 1014 766 Pontius
1037 711 1289 765 Titinia-

346 800 469 835 nus.

279 850 502 907 Titinii.
565 852 872 903 Titiniorum
895 868 956 903 ac
974 852 1285 903 Nanniorum

347 938 407 973 ao
417 923 757 973 Tanusiorum
777 924 945 986 capita
963 920 1096 971 Galli
1116 923 1288 972 deme-

345 994 553 1050 tebant,
605 992 790 1057 quibus
837 990 980 1041 Sulla
1021 990 1286 1041 Catilinam

343 1058 686 1129 praefecerat,
709 1059 768 1117 Q.
798 1059 901 1109 Cio.
937 1059 1000 1110 de
1020 1066 1122 1125 pet.
1143 1075 1283 1109 cone.

280 1196 378 1249 Cn.
381 1166 684 1260 Titinius,
720 1197 773 1247 C.
797 1196 996 1247 Flavius
1013 1198 1193 1261 Pusio,
1225 1198 1283 1251 C.

346 1268 643 1324 Maecenas,
665 1266 860 1329 equites
881 1268 1112 1331 Romani,
1139 1266 1287 1317 forti-

344 1343 424 1387 ter
449 1336 741 1387 restiterunt
768 1334 836 1385 M.
863 1336 1050 1396 Druso,
1080 1336 1283 1387 tribuno

343 1405 447 1473 pL,
471 1420 566 1487 pro
587 1402 814 1456 Cluentio
840 1405 926 1468 56,
955 1404 1076 1461 153.

275 1473 356 1525 M.
390 1470 673 1538 Titinius,
713 1474 900 1539 fragm.
935 1474 1182 1540 epistolae
1216 1474 1285 1524 ad

347 1559 480 1604 eum,
505 1543 684 1609 fragm.
707 1558 763 1608 p.
785 1544 904 1595 255.

280 1612 347 1679 Q.
363 1609 612 1662 Titinius
628 1611 784 1662 frater
799 1627 1072 1677 germanus
1086 1611 1140 1661 C.
1156 1614 1284 1662 Fan-

346 1681 448 1741 nii,
486 1680 672 1744 equitis
702 1682 944 1742 Romani,
980 1681 1136 1731 iudex
1155 1682 1286 1732 Ver-

345 1750 446 1812 ria,
467 1750 512 1797 V
517 1763 612 1799 err.
637 1758 858 1799 accusat.
887 1750 938 1812 1,
963 1748 1050 1805 49,
1075 1748 1193 1799 128.
1217 1776 1285 1787 -

345 1818 512 1867 Fenus
553 1824 780 1878 exercet,
822 1819 888 1869 ad
909 1819 1011 1869 Aa.
1035 1819 1095 1882 2,
1140 1820 1191 1879 4,
1234 1818 1282 1868 1.

342 1888 422 1938 lb.
445 1887 496 1950 5,
521 1886 607 1949 21,
629 1888 680 1939 5.
716 1916 782 1926 --
813 1888 870 1949 Q.
892 1887 1108 1938 Titinius
1132 1894 1287 1956 negat

346 1973 404 2008 se
448 1957 691 2008 viaticum
745 1958 958 2021 habere,
1014 1957 1284 2010 Caesarem

348 2027 552 2093 fugiens
590 2040 637 2078 a.
676 2043 748 2076 u.-
777 2043 824 2079 o.
863 2025 1012 2090 705„
1067 2027 1132 2082 ad
1175 2028 1280 2080 Aa.

346 2096 397 2157 7,
421 2094 504 2156 18,
527 2098 577 2146 4.
599 2122 669 2133 —
686 2096 808 2146 Eius
827 2095 961 2145 filius
981 2097 1033 2145 in
1049 2096 1282 2150 Caesaris

347 2165 586 2215 comitatu
605 2178 651 2216 a.
675 2179 728 2216 ιι.
756 2180 800 2213 o.
828 2163 964 2224 705„
1003 2165 1069 2214 ad
1090 2165 1192 2214 Att.
1225 2164 1278 2230 9,

345 2231 429 2291 18,
449 2233 499 2280 2.
537 2230 599 2286 ol.
624 2233 694 2281 ib.
717 2231 769 2292 9,
792 2232 873 2291 19,
893 2234 944 2283 2.

279 2300 348 2367 Q.
371 2297 622 2352 Titinius
643 2300 778 2351 lilius
797 2316 914 2351 oum
942 2301 1158 2353 Caesare
1176 2311 1285 2352 erat

345 2385 394 2420 a.
416 2387 468 2426 ιι.
495 2386 538 2424 c.
574 2370 718 2434 705„
755 2370 823 2422 ad
844 2371 948 2420 Au.
968 2369 1020 2434 9,
1049 2371 1101 2430 6,
1119 2372 1172 2425 6.
1209 2373 1283 2422 Ib.

282 2441 599 2574 Tfili'ss'ph’a
619 2508 968 2560 vehementius
1000 2509 1287 2561 delectaba-

347 2585 430 2627 tur
444 2615 458 2638 ,
480 2579 544 2628 de
564 2587 691 2632 orat.
712 2579 764 2640 2,
789 2579 876 2639 23,
893 2579 978 2632 88.

280 2643 472 2698 Titius
493 2646 692 2697 derisus
721 2648 936 2713 aVespa
949 2649 1202 2708 Terentio,
1222 2648 1287 2698 de

351 2721 475 2768 orat.
503 2715 555 2774 2,
576 2714 661 2773 62,
687 2714 808 2766 253.

281 2778 474 2832 Titius
493 2817 508 2842 ,
531 2797 645 2832 eum
667 2783 828 2832 Gellio
848 2793 895 2833 et
915 2783 1158 2834 Firmidio
1180 2783 1287 2834 (lux

349 2865 615 2914 operarum
639 2850 1009 2914 Clodianarum,
1036 2867 1129 2918 pro
1149 2851 1282 2904 Sest.

347 2919 594 2983 52,112.
635 2920 698 2970 de
717 2919 866 2971 domo
899 2935 992 2970 sua
1011 2919 1071 2986 9,
1103 2922 1188 2984 21,
1221 2923 1285 2976 de

336 2988 556 3070 harusp.
579 3004 712 3055 resp.
735 2989 822 3056 27,
852 2989 940 3042 59.

281 3055 493 3110 Titius.
570 3059 775 3120 Titium,
807 3026 894 3109 ²oui
914 3059 1285 3111 benevolentis-

307 3128 533 3177 simum
573 3137 723 3192 atque
767 3130 1132 3180 amicissimum
1167 3145 1283 3182 sese

347 3196 645 3262 profitetur,
695 3199 973 3249 interitum.
1007 3199 1281 3250 liberorum

350 3267 676 3316 acerbissime
699 3278 1032 3329 maerentem,
1053 3284 1155 3318 non
1175 3284 1280 3319 me-

349 3331 506 3382 diocri
538 3336 648 3400 ipse
666 3338 822 3386 animi
842 3337 1016 3386 dolore
1049 3338 1282 3387 consola-

349 3406 432 3447 tur
452 3400 643 3462 Cicero,
676 3405 740 3453 ad
764 3405 884 3454 fam.
915 3405 970 3466 5,
1005 3404 1088 3458 16.
1121 3407 1183 3454 V.
1211 3404 1276 3454 Ρ.

348 3462 557 3518 Titius.

751 214 1112 263 TITIENSES
1139 237 1220 247 ·-—
1244 215 1309 262 1..
1343 213 1570 263 TITIUS
1604 214 1893 262 STRABO.

1360 368 1426 421 C.
1450 366 1661 433 Titius,
1679 383 1864 420 nomen
1883 367 2083 434 fiotum,
2105 369 2171 419 de
2187 369 2300 423 inv,
2321 371 2370 429 2,

1428 442 1515 501 42,
1540 440 1656 493 122.

1362 507 1422 559 C.
1446 504 1668 572 Titius,
1702 522 1857 571 eques
1874 506 2165 567 Romanus,
2200 514 2370 557 orator

1430 586 1478 627 et
1500 578 1930 642 tragicus'poeta,
1965 576 2104 625 Brut.
2126 577 2225 635 45,
2250 574 2367 625 167.

1362 644 1425 697 C.
1440 641 1653 709 Titius,
1669 644 1870 711 legatus
1879 643 2174 695 Dolabellae
2193 658 2244 696 a.
2262 659 2315 693 u.
2328 660 2371 693 c.

1428 714 1566 776 711.,
1589 714 1656 765 ad
1674 715 1797 765 fam.
1824 715 1907 774 12,
1933 713 2016 775 15,
2036 713 2089 765 5.

1354 780 1421 835 L.
1437 780 1647 834 Titius.
1680 784 1741 833 Ei
1755 783 1807 833 C.
1823 782 2000 834 Verris
2020 784 2165 833 iussu
2183 781 2369 832 anulus

1427 854 1491 903 de
1512 854 1669 919 digito
1693 852 1949 903 detractus
1980 860 2084 914 est,
2107 852 2262 904 Verr.
2289 864 2370 901 ao·-

1426 932 1585 973 cusat.
1607 923 1657 984 4,
1678 920 1764 986 26,
1787 920 1873 973 58.

1357 989 1422 1042 Ρ.
1446 988 1658 1054 Titius,
1682 991 1913 1040 tribunus
1937 991 2008 1055 pl.
2032 1006 2079 1039 a.
2101 1006 2154 1039 u.
2182 1006 2229 1040 c.
2245 988 2365 1040 711.

1427 1060 1491 1109 ad
1520 1059 1644 1109 fam.
1675 1058 1756 1123 10,
1782 1060 1865 1121 12,
1888 1058 1936 1109 3.
1989 1060 2062 1109 lb.
2090 1059 2173 1122 10,
2207 1059 2295 1119 21,
2316 1057 2365 1107 3.

1425 1129 1638 1178 —Item
1659 1128 1904 1187 fortasse,
1942 1129 2009 1178 ad
2028 1128 2151 1178 fam.
2176 1128 2224 1190 1,
2252 1126 2332 1177 16.

1354 1194 1422 1247 Ρ.
1446 1194 1659 1247 Titius.
1699 1199 1765 1248 V.
1785 1194 1851 1246 P.
1882 1193 2128 1247 Tettius.

1354 1263 1480 1319 Sex.
1510 1261 1732 1329 Titius,
1771 1265 1886 1314 trib.
1915 1264 1987 1330 pl.
2024 1281 2071 1316 a.
2096 1280 2149 1316 ιι.
2176 1280 2223 1315 c.
2244 1264 2362 1315 655.

1424 1334 1592 1401 legem
1614 1334 1869 1400 agrariam
1897 1335 2025 1385 tulit.
2054 1361 2126 1372 -—
2146 1332 2365 1385 Seditio-

1422 1419 1512 1454 sus
1542 1404 1672 1454 civis
1702 1411 1751 1454 et
1782 1403 2122 1453 trubulentuS.
2194 1402 2255 1452 Ei
2289 1418 2365 1452 re-

1422 1474 1547 1523 stitit
1571 1472 1637 1526 Μ.
1659 1474 1910 1522 Antonius
1932 1480 2117 1537 orator,
2148 1472 2213 1523 de
2234 1480 2361 1525 orat.

1427 1543 1479 1602 2,
1502 1542 1585 1604 11,
1606 1541 1692 1593 48.
1720 1570 1790 1579 -
1822 1540 1946 1592 Sex.
1967 1542 2164 1605 Titius,
2190 1540 2365 1595 Satur-

1424 1612 1601 1661 ninum
1642 1619 1691 1661 et
1722 1611 1987 1662 Glauciam
2038 1621 2363 1671 consecutus,

1422 1680 1699 1731 seditiosus
1724 1680 1959 1731 tribunus
1986 1680 2058 1747 pl.
2091 1680 2253 1729 Homo
2292 1680 2367 1730 lo·

1426 1764 1563 1813 quax
1601 1764 1726 1800 sane
1770 1757 1819 1799 et
1861 1750 1987 1801 satis
2024 1755 2202 1800 acutus
2219 1785 2232 1807 ,
2273 1750 2367 1799 sed

1423 1824 1527 1869 tam
1549 1818 1746 1870 solutus
1768 1826 1815 1867 et
1834 1817 2001 1869 mollis
2030 1820 2080 1867 in
2100 1825 2249 1883 gestu
2264 1854 2279 1877 ‚
2310 1826 2364 1867 ut

1426 1887 1626 1941 saltatio
1646 1888 1895 1952 quaedam
1922 1892 2247 1950 nasceretur,
2282 1888 2365 1937 oui

1425 1958 1681 2008 saltationi
1742 1959 1903 2009 Tium
1962 1971 2142 2008 nomen
2212 1967 2365 2020 esset,

1422 2027 1562 2075 Brut.
1600 2026 1697 2087 62,
1737 2027 1857 2078 225.
1883 2053 1939 2064 -
1977 2028 2027 2077 Is
2056 2041 2112 2076 se
2146 2023 2363 2078 Cassan-

1424 2095 1567 2146 dram
1588 2111 1700 2146 esse
1728 2096 1957 2160 dicebat,
1990 2095 2125 2158 quod
2144 2110 2265 2146 vera
2286 2095 2360 2146 di-

1422 2172 1561 2216 ceret
1574 2180 1667 2214 neo
1683 2164 1835 2216 fidem
1862 2165 2125 2228 inveniret,
2148 2163 2212 2214 de
2232 2171 2354 2215 orat.

1420 2234 1482 2290 2,
1500 2233 1597 2295 66,
1616 2232 1737 2285 265.
1761 2260 1832 2273 —-
1851 2233 1998 2294 Quod
2026 2233 2202 2284 habuit
2235 2234 2357 2283 ima-

1424 2303 1596 2368 ginem
1632 2303 1693 2356 L.
1733 2302 1994 2356 Saturnini
2043 2302 2183 2353 domi
2237 2317 2356 2352 suae

1426 2373 1787 2422 condemnatus
1815 2381 1919 2436 est,
1957 2386 2049 2436 pro
2073 2370 2127 2421 C.
2151 2371 2355 2421 Rabirio

1426 2441 1570 2507 perd.
1583 2439 1636 2502 9,
1650 2441 1735 2494 24.
1767 2441 1829 2490 cl.
1846 2442 1910 2491 de
1930 2447 2057 2494 orat.
2073 2441 2123 2504 2,
2138 2439 2224 2501 62,
2238 2440 2351 2491 253.

1357 2507 1428 2561 Τ.
1445 2507 1666 2573 Titius,
1701 2507 1771 2558 T.
1803 2507 1867 2559 F.
1904 2509 2103 2576 legatus
2133 2524 2177 2562 s.
2210 2524 2357 2574 prae-

1424 2580 1623 2644 positus
1653 2579 1728 2629 rei
1757 2577 2115 2629 frumentariae
2151 2578 2248 2628 sub
2268 2577 2352 2628 Cn.

1423 2648 1689 2714 Pompeio,
1718 2662 1767 2701 a.
1789 2665 1843 2702 ιι
1883 2663 1926 2697 o.
1952 2646 2072 2700 702.
2128 2648 2207 2697 Ad
2243 2663 2356 2698 eum

1358 2781 1411 2835 Τ
1414 2718 1617 2836 ‘solt-*ima
1636 2723 1711 2766 est
1724 2731 1815 2836 gp.
1845 2717 1913 2834 a?
1917 2716 2075 2849 famb.
2076 2715 2352 2847 143.ε2ρ.75.

1360 2851 1423 2903 C.
1451 2783 1649 2906 Tiittiig:
1656 2802 1725 2905 'Ina-
1739 2786 1817 2904 FQ
1825 2790 2035 2920 Βιιιέιὶικ,
2053 2783 2256 2919 Ριαοξοι·
2270 2783 2354 2902 ur)

1422 2924 1587 2973 banus
1619 2939 1664 2974 a.
1698 2939 1750 2974 u.
1789 2939 1833 2976 e.
1866 2922 1984 2973 704.
2045 2924 2127 2972 Ad
2148 2939 2262 2980 eum
2282 2933 2356 2971 est
2464 2917 2466 2977 j

1422 2993 1488 3042 ad
1508 2991 1628 3043 i'am.
1648 2991 1729 3046 13.
1746 2980 1841 3058 ep.
1862 2991 1948 3046 58.

1358 3059 1419 3111 C.
1462 3057 1654 3113 Titius
1697 3061 1933 3124 Strabo,
1982 3061 2060 3110 vir
2096 3060 2256 3108 bonus
2307 3068 2356 3109 et
2462 3113 2464 3118 ι

1424 3131 1616 3195 optime
1647 3131 1711 3182 (le
1738 3146 1792 3180 re
1819 3130 1961 3196 publ.
1984 3129 2239 3189 sentiens,
2272 3144 2353 3179 cu-

1421 3199 1724 3266 pidissimus
1749 3200 1805 3251 C.
1831 3199 2011 3261 Cassii,
2041 3197 2106 3248 ad
2128 3197 2247 3249 fam.
2271 3198 2353 3258 12,

1420 3268 1471 3319 6.
1498 3269 1543 3318 1.

1351 3334 1418 3388 Ia.
1438 3334 1629 3387 Titin-
1647 3335 1870 3400 Strabo‚
1885 3352 2039 3400 eques
2058 3336 2205 3388 Rom.
2224 3349 2353 3384 eom·
2460 3343 2462 3356 ¹

1420 3407 1685 3455 mandatur
1712 3405 1778 3454 Μ.
1802 3405 1955 3454 Bruto
1990 3421 2036 3457 a.
2069 3421 2119 3457 u.
2152 3419 2194 3453 c.
2217 3401 2350 3464 708„

1422 3474 1487 3522 ad
1513 3474 1631 3523 fam.
1664 3473 1745 3537 13,
1770 3474 1852 3536 14,
1876 3473 1923 3525 1.
