2500 3850
214 175 337 240 258

284 347 340 405 Q.
388 346 647 396 Ciceronis
682 347 734 395 in
769 347 895 396 Asia
933 348 1214 410 provincia,

282 416 349 465 ad
370 416 427 474 Q:
452 415 515 464 fr.
541 417 600 476 1,
626 417 686 477 2,
707 417 767 476 2,
789 418 841 467 4.
865 414 1026 478 §.1:3.
1049 418 1217 465 —Ab

280 501 339 534 eo
356 485 557 534 tribuno
576 485 645 548 pl.
672 500 717 533 a.
739 501 787 534 u.
814 500 859 537 c.
883 484 1003 538 700.
1024 481 1218 534 obnun-

282 555 523 604 ciationes
557 555 884 620 interpositae
924 555 992 606 Μ.
1026 553 1217 604 Scauro

282 623 596 675 consulatum
622 625 827 688 petenti,
848 624 915 672 ad
936 623 1108 682 Ait-A,
1136 623 1217 682 16,

280 693 331 746 7.
364 721 430 729 —
454 692 665 744 Obviam
688 694 725 741 it
752 693 1015 758 Pomptino
1040 694 1218 742 trium-

279 759 439 828 phare
462 763 681 823 volenti,
718 763 792 811 Ib.
826 765 887 824 4,
926 761 1021 822 16,
1042 762 1125 812 12.
1150 787 1218 796 --

268 830 399 896 ’Ἁρη
421 829 639 880 πνέων
628 847 678 879 ιιι
698 831 1014 894 prohibendo
1042 833 1219 879 trium-

278 900 380 965 pho
410 899 464 954 C.
487 901 764 964 Pomptini,
798 901 862 948 ad
892 899 951 958 Q.
984 898 1045 947 fr.
1070 899 1133 962 3,
1164 900 1214 956 4,

279 970 331 1020 6.
366 997 431 1005 —-
461 968 705 1018 Scaevola
739 983 832 1032 pro
865 967 1063 1032 pupillo
1098 965 1217 1017 Gla-

278 1040 456 1088 brione
485 1039 631 1086 fenus
656 1046 704 1086 et
728 1036 1041 1101 impendium
1070 1053 1215 1086 rocu-

281 1108 428 1163 savit,
450 1107 515 1155 ad
536 1108 635 1154 Att.
657 1106 707 1168 6,
732 1107 779 1167 1,
801 1107 853 1156 4.
872 1104 1214 1165 -Scaevola,

279 1177 505 1240 legatuS,
526 1181 583 1223 ut
602 1175 818 1238 videtur,
843 1174 997 1236 Appii
1020 1174 1217 1224 Claudii

278 1245 444 1294 Pulcri
464 1259 512 1292 a.
534 1258 584 1291 ιι.
610 1259 652 1292 c.
682 1241 800 1293 703.
819 1279 833 1305 ,
861 1243 927 1292 ad
948 1241 1069 1292 fam.
1092 1241 1142 1302 3,
1165 1245 1215 1303 5,

207 1315 213 1320 ’
280 1315 331 1365 5.
356 1342 414 1348 -
439 1315 619 1376 Augur
638 1328 683 1360 a.
707 1329 759 1364 u.
785 1329 829 1360 c.
854 1311 973 1362 705.
990 1347 1003 1374 ,
1027 1312 1093 1361 ad
1112 1313 1217 1364 Att.

282 1385 329 1440 9,
348 1383 400 1439 9,
421 1379 471 1431 3.
511 1381 576 1430 ad
597 1380 717 1430 fam.
741 1383 790 1438 4,
812 1381 865 1442 9,
892 1381 937 1430 1.

210 1449 523 1514 Mulciber,
562 1449 769 1501 Tuscul.
803 1449 865 1511 2,
899 1447 992 1514 10,
1026 1448 1109 1499 23.
1150 1447 1214 1500 V.
1246 1467 1256 1475 ·

280 1520 577 1571 Volcanus.

209 1587 503 1642 Mulviana
534 1589 909 1649 controversia,
940 1587 1006 1637 ad
1030 1587 1134 1634 Ait.
1164 1585 1217 1645 2,

210 1724 459 1778 Mulvius
490 1739 647 1790 pons,
688 1725 775 1786 qui
808 1724 1032 1774 Tiberim
1056 1723 1219 1788 iungit

320 1809 441 1858 rope
472 1794 713 1851 Romam,
738 1793 991 1843 Etruriam
1020 1807 1215 1855 versuS,

279 1810 431 1912 iiodie
447 1869 597 1925 ponte
614 1859 790 1920 Molle,
814 1861 879 1910 ad
897 1863 1003 1910 Att.
1027 1860 1108 1920 13,
1130 1859 1214 1920 33,

279 1936 331 1983 4.
366 1935 417 1980 in
446 1932 589 1981 Catil.
618 1931 667 1990 3,
687 1932 739 1989 2,
762 1934 811 1988 5.

212 2000 273 2051 L.
296 2008 345 2050 et
364 1998 456 2067 Sp.
478 1968 739 2051 Mummii
761 2000 971 2060 fratreS,
997 2007 1217 2049 orato1es

280 2070 526 2134 Romani,
545 2070 683 2117 Biut.
710 2068 793 2127 25,
814 2069 899 2119 94.

210 2133 275 2190 Ia
312 2136 616 2186 Mummius
656 2134 953 2186 Achaicus.
1002 2136 1097 2194 Qui
1128 2138 1215 2185 de-

283 2221 393 2255 cem
422 2206 576 2269 legati
608 2205 846 2255 Mummio
868 2205 1091 2265 fuerint,
1134 2206 1214 2255 Ci-

282 2290 396 2325 cero
418 2275 615 2335 quaerit
636 2274 697 2322 ab
716 2260 901 2337 Attico,
926 2274 991 2323 ad
1008 2274 1113 2321 Att.
1128 2273 1210 2335 13,

282 2343 367 2406 30,
392 2344 440 2392 2.
477 2345 547 2391 ΙΙ).
576 2341 667 2403 13,
694 2341 794 2404 32,
818 2340 866 2393 3.
906 2344 975 2393 lb.
1005 2341 1094 2401 13,
1127 2342 1211 2402 33,

281 2410 331 2464 3.
370 2414 441 2461 ΙΙ).
466 2413 530 2465 13
547 2411 564 2475 ,’
590 2414 647 2474 4,
683 2413 731 2463 1.
765 2413 837 2461 Ib.
863 2410 944 2474 13,
966 2411 1029 2475 5,
1051 2412 1099 2461 1.
1138 2412 1213 2463 lb.

281 2481 375 2541 13,
408 2482 464 2543 6,
496 2484 549 2533 4.
572 2509 635 2519 —-
654 2481 711 2530 L.
744 2482 1014 2532 Mummius
1040 2480 1214 2531 Corin-

221 2592 227 2595 .
277 2551 422 2600 thum
460 2550 662 2601 sustulit
704 2551 957 2613 urbesque
991 2550 1215 2599 Achaiae

278 2620 617 2681 Boeotiaeque
666 2619 853 2668 multas
904 2620 998 2669 sub
1053 2620 1213 2682 impe-

280 2691 412 2737 rium
462 2686 637 2753 populi
676 2688 822 2735 Rom.
862 2687 1213 2749 dicionemque

281 2756 571 2817 subiunxit,
599 2756 745 2803 Verr.
779 2762 998 2805 accusat.
1034 2756 1091 2818 1,
1124 2755 1210 2815 21,

237 2840 243 2845 ·
280 2824 364 2875 55.
394 2849 465 2859 —-
493 2824 634 2889 Ager
658 2824 879 2885 optimus
912 2831 961 2873 et
990 2824 1213 2874 fructuo-

280 2894 512 2941 sissimus
550 2890 838 2942 Corinthius
884 2890 944 2943 L.
984 2892 1215 2941 Mummii

282 2962 497 3027 imperio
515 2976 575 3009 ac
593 2959 835 3010 felicitate
855 2960 919 3008 ad
940 2961 1214 3027 vectigalia

280 3032 457 3097 populi
492 3032 637 3081 Rom.
683 3030 949 3078 adiunctus
999 3038 1102 3089 est,
1151 3030 1213 3079 de

277 3101 520 3167 lege-agr.
545 3100 572 3150 1
589 3136 603 3159 ,
630 3099 691 3159 2,
723 3098 775 3154 5.
802 3124 869 3133 -
890 3100 1011 3147 Eius
1035 3100 1213 3148 trium·
1254 3124 1260 3127 ⁴

279 3170 411 3235 phus
432 3168 496 3218 de
523 3167 822 3228 Corinthiis,
847 3182 944 3232 >pro
978 3168 1103 3216 Mur.
1127 3167 1210 3229 14,

282 3236 364 3289 31.
398 3264 465 3273 —
493 3238 682 3287 Censor
706 3252 751 3285 a.
789 3252 837 3285 u.
869 3252 913 3287 c.
946 3236 1064 3289 612.
1098 3252 1211 3287 cum

280 3305 520 3355 Africano
574 3306 764 3353 minore
812 3306 893 3355 Ti.
947 3304 1210 3356 Claudium

279 3374 509 3423 Asellum
529 3410 542 3431 ,
576 3389 724 3435 quem
744 3373 827 3424 hic
858 3376 1109 3424 aerarium
1138 3374 1209 3423 fe-

280 3448 442 3504 cerat,
463 3442 743 3504 ignominia
762 3442 975 3507 levavit,
998 3444 1061 3493 de
1080 3450 1207 3493 orat.

763 189 1118 238 MULCIBER
1154 215 1237 224 --
1269 191 1366 240 SP.
1399 193 1741 239 MUMMIUS.

1361 351 1419 406 2,
1448 349 1543 406 66,
1575 349 1695 400 268.
1731 348 1796 400 cl.
1821 347 1954 396 Brut.
1977 349 2070 411 22,
2103 349 2192 400 85.
2234 351 2301 399 ad

1361 418 1466 465 Au.
1495 417 1586 478 16,
1624 415 1705 467 13.
1731 439 1796 451 -—-
1815 416 1874 465 L.
1897 417 2172 466 Mummius
2203 417 2302 468 Co-

1357 486 1523 534 rintho
1577 485 1810 534 funditus
1860 485 2053 534 sublata
2099 487 2300 536 Italiam

1360 569 1537 603 ornare
1575 569 1736 616 quam:
1767 554 1974 610 domurn
2008 570 2154 604 suam
2190 571 2299 605 ma-

1359 623 1481 688 luit,
1505 625 1569 672 de
1588 623 1672 672 off.
1697 623 1728 671 2
1743 659 1756 682 ,
1779 624 1865 688 22,
1887 622 1970 673 76.
1989 650 2062 658 —
2080 623 2202 674 Eius
2223 627 2301 672 in-

1359 691 1622 741 nocentiae
1641 691 1818 742 Verri-s
1845 706 2011 741 mores
2030 707 2302 757 opponun-

1355 770 1436 810 tur
1451 798 1466 820 ,
1496 761 1640 809 Verr.
1663 767 1887 812 accusat.
1907 757 1964 822 3,
1985 763 2048 826 4,
2069 762 2122 814 9.
2147 789 2214 798 --
2236 762 2302 811 L.

1355 830 1626 878 Mummius
1655 830 1960 878 ornamentis
1987 831 2164 880 urbem
2197 833 2301 880 Ita-

1357 899 1580 961 liamque
1601 912 1800 948 omnem
1818 897 2038 962 refersit,
2061 907 2186 948 orat.
2210 900 2297 960 70,

1355 965 1476 1018 232.
1533 967 1594 1016 cl.
1639 966 1832 1016 Cornel.
1873 982 1974 1016 sec.
2023 967 2206 1033 fragm.
2245 968 2298 1018 8.

1357 1052 1410 1101 p.
1443 1035 1564 1087 215.
1602 1062 1672 1072 --
1699 1035 1759 1084 L.
1798 1035 2104 1100 MummiuS,
2141 1052 2300 1098 quum

1357 1105 1676 1170 Thespiadas
1698 1103 1946 1168 (Musas),
1974 1120 2104 1167 quae
2125 1106 2192 1154 ad
2211 1121 2298 1154 ae-

1358 1175 1474 1223 dem
1502 1174 1776 1222 Felicitatis
1814 1181 1959 1235 sunt,
1997 1181 2298 1236 caeteraque

1357 1242 1572 1308 profana
1599 1244 1749 1306 signa
1765 1277 1780 1304 ,
1807 1257 1870 1290 ex
1889 1242 2128 1307 Thespiis
2149 1242 2299 1292 tolle-

1357 1320 1461 1371 ret,
1490 1311 1763 1360 Praxitelis
1783 1325 2121 1360 marmoreum
2144 1311 2298 1375 Cupi·

1360 1382 1555 1441 dinem,
1614 1381 1751 1442 quod
1795 1387 1902 1428 erat
1949 1389 2294 1442 consecratuS,

1359 1463 1457 1498 non
1477 1450 1659 1514 attigit,
1680 1450 1825 1498 Verr.
1845 1463 2011 1497 accus
2029 1451 2078 1506 4,
2093 1451 2143 1512 2,
2161 1451 2210 1498 4.
2227 1478 2297 1487 —-
2347 1469 2352 1475 ·

1357 1519 1478 1567 Eius
1503 1518 1835 1573 continentia,
1856 1517 2036 1581 parad.
2059 1518 2110 1578 5,
2134 1519 2186 1578 2,
2208 1517 2290 1568 38.

1288 1584 1368 1636 Μ.
1387 1585 1692 1636 Mummius
1723 1595 1923 1650 praetor
1943 1602 1988 1634 a.
2013 1601 2065 1634 u.
2089 1603 2133 1635 c.
2153 1584 2298 1643 684„

1358 1657 1506 1704 Verr.
1531 1665 1747 1705 accusat.
1769 1654 1819 1714 3,
1841 1654 1926 1715 53,
1950 1653 2066 1703 123.

1288 1722 1356 1774 P.
1389 1722 1725 1787 Mummius,
1765 1724 2020 1772 ‘cuiusvis
2050 1724 2296 1788 temporis

1355 1793 1507 1842 homo
1523 1798 1559 1852 ⁹,
1583 1795 1645 1842 de
1668 1800 1790 1841 orat.
1812 1794 1864 1853 2,
1885 1791 1970 1855 67,
2001 1791 2084 1840 71.

1290 1858 1384 1927 Sp.
1418 1859 1724 1911 Mummius
1743 1897 1758 1926 ,
1790 1859 1946 1910 frater
1973 1860 2032 1909 L.
2067 1861 2295 1912 Mummii

1357 1930 1585 1983 Achaici.
1626 1932 1736 1994 Mos
1767 1932 1876 1979 eius
1908 1945 2116 1980 aversus
2148 1947 2179 1980 a
2213 1946 2294 1979 ra-

1354 2002 1494 2049 tione
1514 2000 1774 2065 populari,
1799 2001 1864 2049 de
1885 2014 1926 2050 r.
1947 2014 1999 2064 Ρ.
2026 1998 2076 2063 3,
2103 1998 2187 2058 35,
2209 1998 2296 2050 47.

1356 2096 1422 2104 -
1443 2068 1570 2119 Odio
1591 2068 1850 2135 rhetorum
1866 2069 2088 2118 imbutus
2103 2104 2115 2125 ,
2149 2069 2222 2115 ΙΙ).
2245 2070 2296 2127 5.

1357 2138 1414 2194 9,
1453 2137 1534 2187 11.
1564 2164 1625 2175 ·-
1645 2136 1736 2202 Sp.
1771 2138 2071 2198 Mummius,
2103 2138 2296 2185 amicus

1355 2206 1410 2254 P.
1435 2204 1688 2271 Scipionis
1708 2206 1938 2256 Africani
1958 2208 2196 2270 minoriS,
2231 2206 2295 2255 de

1355 2274 1666 2345 affl
1703 2276 1776 2325 ΙΙ).
1799 2277 1884 2337 27,
1908 2272 2024 2324 101.
2047 2302 2110 2313 --
2130 2274 2294 2338 Lega-

1353 2353 1436 2392 tus
1463 2344 1662 2405 fratris,
1683 2345 1749 2393 ad
1767 2344 1872 2394 Ait.
1897 2341 1988 2403 13,
2021 2342 2116 2404 30,
2151 2342 2200 2393 3.
2224 2368 2291 2378 -·

1354 2412 1442 2477 Sp.
1486 2413 1758 2464 Mummius
1795 2413 2006 2475 loquens
2038 2413 2294 2461 inducitur

1355 2481 1408 2529 in
1437 2481 1582 2531 libris
1615 2482 1679 2530 de
1711 2497 1765 2531 re
1786 2482 1927 2545 publ.
1967 2482 2092 2530 Eum
2117 2484 2167 2529 in
2190 2483 2294 2545 pri-

1355 2552 1453 2599 mis
1471 2550 1715 2615 diligebat
1732 2550 2006 2599 Africanus
2025 2552 2206 2609 minor,
2229 2550 2294 2601 de

1356 2636 1398 2672 r.
1420 2634 1471 2683 p.
1499 2618 1544 2682 1,
1568 2619 1648 2683 12,
1675 2618 1754 2669 18.
1773 2646 1839 2655 —-
1859 2617 1960 2669 Cur
1981 2634 2095 2667 eum
2118 2620 2294 2669 Cicero

1353 2689 1543 2751 putarit
1564 2689 1617 2737 in
1637 2689 1812 2737 decem
1839 2688 2020 2753 legatis
2048 2687 2107 2735 L.
2131 2687 2297 2736 Mum-

1354 2758 1442 2805 mii
1473 2759 1526 2807 in
1559 2756 1743 2805 bellum
1780 2756 2060 2806 Achaicum
2091 2756 2293 2820 profici-

1354 2827 1540 2874 scentis
1549 2824 1736 2887 fuisse,
1760 2826 1827 2875 ad
1844 2826 1948 2874 Att.
1972 2826 2058 2885 -13,
2079 2825 2130 2885 5,
2156 2824 2202 2873 1.
2225 2852 2290 2861 -

1325 2894 1476 2942 Eius
1515 2894 1760 2957 epistolae
1807 2895 2074 2943 versiculis
2111 2892 2294 2943 facetis

1355 2962 1420 3011 ad
1451 2963 1730 3029 familiares
1753 2965 1939 3013 missae
1971 2978 2001 3011 a
2031 2962 2295 3023 Corinthu,

1353 3032 1427 3081 lb.
1461 3032 1551 3092 13,
1586 3032 1644 3094 6,
1676 3035 1728 3085 4.
1761 3059 1830 3068 —-
1860 3031 2293 3081 Commemoratur

1352 3102 1422 3152 ib.
1449 3100 1530 3159 13,
1536 3068 1644 3158 '330
1667 3099 1717 3151 3·

1285 3165 1361 3233 Sp
1398 3167 1735 3232 Mummius,
1767 3183 1958 3233 nepoS,
1989 3176 2044 3217 ut
2073 3168 2292 3226 videtur,

1314 3204 1442 3301 Sp.
1478 3238 1734 3298 Mummii,
1765 3238 1936 3287 fratris
1965 3236 2026 3285 L.
2059 3236 2318 3285 Mummii·

1350 3305 1578 3355 Achaici.
1628 3306 1718 3372 Sp.
1751 3306 2058 3364 MummiuS,
2095 3306 2184 3366 qui
2215 3312 2293 3353 est

1349 3382 1575 3423 mortuus
1639 3375 1792 3437 paulo
1855 3380 1972 3426 ante
2028 3388 2077 3422 a.
2143 3372 2294 3436 709.

1351 3442 1594 3505 epistolas
1639 3441 1872 3492 Ciceroni
1921 3441 2294 3506 pronunciabat
