2500 3850
277 165 400 225 374

342 332 406 381 de
431 330 530 396 leg.
552 332 604 393 2,
639 330 721 393 11,
753 328 839 379 28.
881 329 945 379 de
961 328 1086 382 n..d.
1109 329 1160 394 2,
1193 326 1279 389 23,

341 400 423 450 61.
473 399 547 448 lb.
586 398 638 463 3,
671 397 754 458 18,
782 398 870 448 47.

273 465 641 534 Speusippus.
695 466 1060 531 Speusippum,
1088 468 1280 516 sororis

341 537 523 598 fllium,
559 536 700 587 Plato
738 534 1096 602 philosophiae
1131 535 1280 597 quasi

338 606 578 656 heredem
607 606 828 669 reliquit,
863 602 1024 653 Acad.
1059 610 1193 668 post.
1228 603 1277 664 1,

339 677 394 736 4,
430 676 513 725 17.
542 701 615 712 —
647 672 987 739 Speusippus,
1016 671 1281 723 Platonem

339 744 647 793 avunculum
663 743 997 804 subsequens,
1013 741 1162 791 deum
1177 743 1280 791 vim

343 814 616 875 quamdam
637 812 778 874 dicit,
802 824 902 873 qua
917 811 1088 859 omnia
1097 825 1281 876 regan-

341 891 451 940 tur,
482 896 692 945 eamque
721 879 1017 940 animalem,
1056 880 1121 929 de
1147 894 1198 928 n.
1227 880 1275 928 d.

344 951 393 1012 1,
427 950 510 1015 13,
548 950 633 1002 32.
668 976 738 987 -—-
765 948 1086 1014 Speusippus
1107 956 1156 998 et
1178 947 1283 997 Xe-

341 1028 592 1080 nocrates,
615 1019 703 1080 qui
722 1018 873 1082 primi
885 1017 1109 1066 Platonis
1127 1018 1282 1065 ratio-

341 1102 456 1136 nem
485 1092 799 1151 acceperant,
839 1092 888 1134 et
915 1091 1032 1150 post
1059 1084 1155 1134 hos
1185 1085 1283 1134 Po-

338 1156 470 1206 lemo
503 1162 552 1203 et
573 1154 744 1204 Crates
770 1168 971 1215 unaque
992 1153 1203 1203 Crantor
1225 1155 1280 1202 in

340 1224 618 1274 Academia
665 1224 960 1289 congregati
1006 1222 1280 1288 diligenter

341 1309 418 1355 ea,
462 1308 592 1357 quae
625 1307 656 1342 a
691 1291 1039 1357 superioribus
1069 1306 1281 1358 accepe-

340 1371 469 1423 rant,
504 1362 789 1424 tuebantur,
821 1361 982 1411 Acad.
1001 1367 1135 1425 post.
1159 1362 1209 1422 1,
1228 1360 1279 1421 9,

342 1432 426 1483 34.
459 1461 526 1471 -
557 1431 899 1497 Speusippus,
937 1429 1164 1481 Platonis
1194 1444 1279 1480 so-

340 1502 470 1557 roris
503 1502 664 1566 filius,
713 1511 762 1551 et
798 1500 1140 1560 Xenocrates,
1190 1500 1281 1562 qui

339 1570 600 1620 Platonem
631 1570 886 1629 audierat,
924 1575 975 1617 et
1002 1568 1281 1632 quiXeno-

342 1646 548 1702 cratem,
585 1637 791 1687 Polemo
829 1646 878 1686 et
907 1636 1118 1689 Crantor
1153 1637 1281 1686 nihil

341 1706 404 1755 ab
440 1706 744 1767 Aristotele,
792 1708 880 1769 qui
915 1719 1017 1755 una
1052 1706 1283 1756 audierat

339 1774 618 1839 Platonem,
646 1789 831 1840 magno
852 1789 1004 1839 opere
1024 1775 1278 1836 dissensit,

342 1845 492 1909 copia
509 1846 728 1897 fortasse
747 1853 795 1893 et
814 1843 1057 1893 varietate
1079 1843 1281 1894 dicendi

341 1930 489 1980 pares
525 1931 626 1966 non
665 1914 898 1973 fuerunt,
955 1913 1019 1963 de
1056 1921 1183 1965 orat.
1225 1910 1277 1979 3,

343 1983 426 2045 18,
463 1984 548 2036 67.
571 2013 642 2022 -
661 1983 1001 2050 SpeusippUS,
1031 1983 1278 2032 Aristote-

339 2053 432 2115 leS,
470 2054 800 2115 Xenocrates,
830 2060 1026 2101 veteres
1057 2051 1279 2100 Platonis

339 2121 614 2183 auditoreS,
653 2121 836 2172 deinde
863 2135 1037 2168 eorum
1053 2119 1275 2180 Polem0,

339 2187 741 2253 Theophrastus,
779 2188 905 2238 satis
935 2196 984 2236 et
1005 2189 1212 2252 copiose
1231 2195 1281 2237 et

337 2255 600 2322 eleganter
632 2257 918 2306 habuerunt
957 2257 1279 2306 constitutam

338 2326 661 2392 disciplinam
670 2364 684 2387 ,
697 2334 749 2374 nt
763 2339 864 2374 non
877 2330 1012 2373 esset
1023 2339 1174 2375 causa
1187 2325 1279 2375 Ze-

335 2399 474 2460 noni,
509 2412 664 2459 quum
689 2395 1012 2446 Polemonem
1031 2394 1277 2459 audisset,

335 2482 423 2516 cur
445 2474 494 2515 et
513 2468 576 2516 ab
597 2482 656 2517 eo
678 2466 790 2530 ipso
813 2471 860 2515 et
879 2479 910 2512 a
929 2463 1278 2528 superioribus

335 2535 626 2600 dissideret,
661 2537 725 2584 de
759 2535 844 2584 fin.
876 2535 928 2598 4,
955 2534 1006 2597 2,
1041 2532 1092 2584 3.
1129 2533 1199 2581 Ib.
1223 2533 1275 2593 5,

336 2604 386 2664 1,
402 2605 457 2654 2.
485 2605 558 2665 Ib,
579 2605 629 2660 5,
646 2603 694 2661 3,
716 2603 764 2652 7.
802 2605 865 2654 de
885 2601 987 2666 leg.
1014 2601 1060 2663 1,
1086 2601 1166 2660 13,
1188 2601 1274 2652 38.

336 2671 541 2719 Tuscul.
564 2671 614 2729 5,
648 2671 733 2732 10,
765 2671 851 2723 30.
889 2671 961 2719 lb.
985 2671 1037 2734 5,
1074 2669 1154 2733 13,
1183 2669 1271 2722 39.

331 2737 405 2785 lb.
427 2737 478 2796 5,
508 2737 594 2797 31,
623 2739 708 2788 87.

261 2801 548 2870 Sphaerus
580 2805 921 2871 BosporanuS,
953 2807 1167 2856 Zenonis
1193 2809 1272 2858 di-

332 2873 582 2938 scipuluS,
603 2872 755 2923 homo
776 2875 1020 2938 inprimis
1043 2877 1167 2925 bene
1182 2878 1273 2928 de—

331 2942 531 3003 finiens,
563 2950 617 2992 ut
645 2950 824 3008 putant
843 2942 1020 3002 Stoici,
1061 2946 1266 2999 Tuscul.

328 3015 378 3076 4,
419 3015 504 3073 24,
537 3011 622 3063 53.

259 3078 465 3146 Spino,
503 3096 719 3146 parvum
756 3081 944 3130 flumen
979 3095 1139 3148 prope
1167 3084 1272 3134 Ro-

331 3165 483 3211 mam,
505 3154 566 3201 de
584 3168 635 3204 n.
663 3152 712 3202 d.
741 3148 792 3214 3,
817 3149 901 3208 20,
923 3151 1008 3202 52.

259 3215 598 3284 Spintharus
616 3257 630 3283 ,
681 3220 941 3271 Ciceronis
969 3222 1162 3285 scriba,
1201 3224 1269 3273 ad

331 3291 436 3336 Att.
459 3289 539 3346 13,
562 3289 646 3348 253
667 3288 719 3340 3.

258 3349 550 3414 Spinther.
606 3355 669 3405 V.
701 3354 766 3404 P.
791 3355 1088 3409 Cornelius
1119 3358 1267 3410 Leu-

327 3419 480 3468 tulus
513 3420 798 3485 Spinther.

695 172 1104 223 SPEUSIPPUS
1131 194 1206 205 -·—
1235 174 1301 221 1..
1326 172 1615 221 STATIUS
1648 170 1944 220 MURCUS.

1350 325 1639 393 Spoletum
1677 328 1787 376 sive
1823 323 2170 392 Spoletium,
2218 330 2362 393 oppi-

1421 397 1541 445 dum
1582 396 1854 458 Umbriae,
1907 395 2114 447 colonia
2161 396 2359 462 Latina,

1418 480 1513 531 pro
1532 464 1690 514 Balbo
1714 464 1797 523 21,
1827 464 1913 515 48.

1350 529 1630 601 Spongia,
1661 534 1817 583 iudex
1847 533 2123 583 Clodianus
2155 548 2205 581 a.
2238 549 2289 583 ιι.
2318 551 2358 583 c.

1419 601 1560 663 693„
1587 603 1652 651 ad
1670 604 1771 651 Att.
1797 603 1846 661 1,
1868 601 1949 665 16,
1970 603 2020 652 6.

1352 668 1631 737 Spurinna
1650 668 1957 721 Vestricius
1984 670 2272 735 haruspex,
2304 672 2368 721 ad

1421 739 1542 790 fam.
1577 739 1640 802 9,
1678 742 1769 802 24,
1810 741 1858 788 2.
1893 768 1958 775 -
1990 740 2128 799 Quid
2160 741 2367 789 Caesari

1419 809 1749 873 praedixerit,
1778 808 1842 857 de
1862 809 2021 858 divin.
2047 808 2096 867 l,
2129 808 2220 868 52,
2247 808 2363 859 119.

1352 874 1705 941 Stabianum,
1743 875 1869 926 villa
1898 878 1967 927 M.
1988 876 2137 927 Marii
2168 878 2238 926 ad
2258 877 2368 927 Sta-

1422 948 1564 1010 bias,
1613 946 1921 1010 Campaniae
1966 946 2252 1011 oppidum,
2304 947 2367 995 ad

1386 1036 1399 1048 2
1420 1015 1540 1065 fam.
1562 1016 1611 1075 7,
1639 1016 1687 1079 1,
1711 1014 1759 1067 1.

1350 1082 1631 1134 Staienus.
1678 1084 1741 1133 V.
1768 1083 1831 1133 C.
1855 1081 2050 1134 Aelius
2072 1082 2363 1135 Staienus.

1350 1149 1580 1204 Staseas
1600 1152 1982 1219 Neapolitanus»,
2016 1154 2209 1204 nobilis
2229 1154 2367 1203 Peri-

1421 1223 1686 1287 pateticus.
1729 1222 1857 1271 Eum
1887 1223 2073 1273 multos
2092 1238 2258 1273 annos
2277 1222 2369 1272 ha-

1420 1292 1533 1341 buit
1564 1291 1704 1356 apud
1732 1306 1787 1339 se
1818 1290 1885 1339 M.
1912 1291 2107 1357 Pupius
2128 1294 2268 1353 Piso,
2302 1292 2368 1341 de

1421 1360 1507 1411 fin.
1528 1360 1580 1420 5,
1604 1358 1654 1420 3,
1676 1358 1725 1409 8.
1748 1360 1817 1409 cl.
1838 1360 1903 1409 de
1922 1371 2050 1414 orat.
2069 1362 2118 1424 1,
2141 1363 2228 1421 22,
2245 1361 2365 1412 104.

1420 1456 1491 1465 —-
1505 1429 1769 1479 Adsensus
1783 1438 1858 1479 est
1871 1431 1954 1494 iis,
1980 1431 2297 1494 quimultum
2312 1433 2365 1479 in

1419 1499 1622 1549 fortuna
1635 1499 1861 1547 secunda
1873 1507 1958 1548 aut
1974 1499 2211 1562 adversa,
2236 1499 2369 1549 mul-

1418 1577 1526 1618 tum
1560 1570 1613 1617 in
1643 1568 1791 1617 bonis
1825 1576 1912 1617 aut
1946 1568 2097 1617 malis
2135 1570 2366 1634 corporis

1420 1645 1679 1702 ponerent,
1707 1638 1782 1687 Ib.
1816 1636 1902 1697 25,
1931 1638 2016 1689 75.

1350 1704 1511 1756 Stata
1529 1709 1641 1763 dea,
1676 1706 1739 1755 de
1758 1706 1858 1771 leg.
1882 1707 1935 1767 2,
1970 1707 2055 1767 11,
2083 1705 2171 1758 28.

1350 1772 1759 1837 Statiellenses,
1787 1774 1983 1825 incolae
2004 1776 2187 1842 oppidi
2208 1775 2367 1839 Ligu-

1420 1846 1526 1894 riae
1557 1846 1685 1894 inter
1714 1842 1987 1897 Dertonam
2018 1854 2067 1893 et
2097 1844 2245 1894 Vada
2273 1844 2366 1893 Sa-

1419 1915 1573 1974 batia,
1586 1928 1714 1978 quae
1730 1913 2047 1974 dicebantur,
2060 1916 2241 1977 Aquae
2252 1912 2367 1963 Sta-

1419 1983 1613 2045 tiellae,
1642 1982 1724 2032 vel
1743 1983 1892 2044 Aqua
1912 1982 2262 2033 Statiellenses
2281 1982 2368 2032 vel

1418 2053 1598 2115 Aquae
1632 2049 1991 2114 Statiellorum,
2024 2053 2091 2102 ad
2119 2053 2245 2102 fam.
2276 2052 2363 2115 11,

1418 2122 1503 2183 11,
1542 2122 1593 2170 2.

1349 2186 1632 2253 Statilius,
1665 2191 1918 2254 pessimus
1949 2189 2130 2240 histrio
2162 2185 2287 2246 a.'u.
2312 2206 2361 2242 c.

1416 2258 1559 2320 677.,
1582 2273 1684 2337 pro
1703 2260 1855 2309 Rosc.
1880 2258 2020 2310 Com.
2053 2259 2137 2320 10,
2168 2257 2255 2310 30.

1346 2325 1411 2379 L.
1451 2325 1733 2392 Statllius,
1764 2343 1928 2394 augur
1960 2344 2008 2378 a.
2042 2343 2094 2377 ιι.
2130 2344 2177 2378 c.
2215 2328 2361 2388 709„

1414 2398 1482 2446 ad
1502 2398 1605 2446 Att.
1638 2398 1721 2459 12,
1756 2396 1838 2462 13,
1870 2398 1921 2446 2.
1961 2397 2037 2446 11).
2068 2397 2150 2459 12,
2188 2396 2269 2456 14,
2312 2397 2356 2446 1.

1345 2464 1412 2515 1..
1444 2462 1727 2528 Statilius,
1760 2465 2100 2531 Catilinarius,
2132 2467 2185 2515 in
2211 2464 2359 2514 Catil.

1418 2533 1467 2595 3,
1497 2533 1549 2598 3,
1577 2534 1628 2586 6.
1670 2534 1745 2583 11).
1768 2533 1819 2595 3,
1850 2534 1902 2594 6,
1938 2535 2021 2587 14.

1346 2600 1583 2674 Statius,
1607 2617 1786 2653 servus
1807 2603 1864 2662 Q.
1890 2601 2165 2669 Ciceronis,
2195 2604 2253 2663 Q.
2279 2601 2361 2652 Ci-

1416 2675 1587 2722 ceroni
1615 2687 1779 2733 carus,
1814 2673 1882 2722 ad
1912 2671 2034 2722 fam.
2068 2671 2149 2738 16,
2181 2671 2265 2738 16,
2302 2673 2354 2722 2.

1412 2767 1483 2778 -—
1519 2741 1685 2792 Marco
1732 2743 1943 2800 minime
1978 2742 2257 2808 probatus,
2292 2741 2361 2792 ad

1412 2810 1516 2859 Att.
1538 2809 1590 2869 6,
1625 2811 1675 2872 2,
1710 2808 1759 2860 1.
1794 2811 1935 2870 adQ.
1959 2811 2024 2862 fr.
2046 2811 2094 2871 1,
2124 2815 2175 2870 2,
2197 2811 2354 2863 1-4,

1411 2905 1479 2915 -—-
1498 2878 1680 2937 Quinto
1706 2887 1812 2929 erat
1830 2880 1894 2929 ab
1921 2880 2173 2946 epistolis,
2205 2881 2279 2930 Ib.
2305 2880 2354 2938 1,

1411 2946 1462 3007 3,
1499 2948 1551 2999 8.
1590 2949 1657 3001 cl.
1690 2949 1758 2998 ad
1775 2949 1877 2998 Att.
1913 2950 1996 3013 12,
2028 2949 2079 3009 5,
2120 2949 2167 2999 1.
2193 2949 2355 2998 -De

1411 3015 1574 3066 Statio
1610 3031 1764 3066 mauu
1805 3019 1993 3084 misso,
2044 3021 2112 3068 ad
2148 3019 2255 3068 Att.
2302 3019 2352 3078 2,

1413 3085 1495 3144 18,
1521 3087 1571 3136 4.
1608 3086 1687 3135 lb.
1709 3085 1760 3150 3,
1785 3085 1869 3152 19,
1893 3087 1939 3137 1.

1342 3151 1556 3204 Statius
1618 3157 1859 3210 comicus.
1936 3157 1999 3206 V.
2065 3153 2351 3207 Caecilius

1407 3220 1642 3274 Statius.

1338 3289 1553 3341 Statius
1601 3291 1801 3344 Albius
1844 3291 2211 3360 Oppianicus.
2284 3298 2350 3346 V.

1406 3357 1627 3409 Albius.

1336 3428 1398 3478 1..
1438 3425 1653 3477 Statius
1688 3428 1941 3480 Murcus.
2000 3431 2195 3482 Rumor
2221 3433 2355 3483 Mur·
