2500 3850
524 194 587 241 L.
625 192 1011 241 coenemus
1047 194 1219 241 -1..
1254 191 1643 242 commuue
1679 193 1913 242 cuma,
2180 180 2263 244 97

243 349 342 413 13,
383 347 477 414 37,
521 349 572 398 4.
603 347 880 399 ——Pedum
921 349 1182 399 doloribus
1256 346 1317 398 C.
1381 346 1673 398 Cornelius
1729 345 2017 415 Cethegus
2082 349 2263 402 consul

239 418 492 472 adficitur,
513 417 582 466 ad
600 416 723 467 fam.
739 417 790 478 6,
812 415 892 479 19,
907 417 1183 468 2.—Scri-

237 488 314 538 bit
362 487 428 536 ad
465 485 733 536 Caesarem
769 486 1061 538 Ciceronem
1107 486 1180 536 le-

1322 432 1434 466 cum
1474 417 1533 476 Q.
1583 418 1801 469 Minucio
1834 419 1967 468 Rufo
2006 433 2055 470 a.
2106 434 2159 473 u.
2212 435 2258 475 c.

1324 486 1464 545 557„
1487 485 1625 536 Brut.
1651 486 1732 546 18,
1756 487 1841 540 73.

236 557 380 622 gisse
412 555 526 606 eius
557 554 914 605 Anticatonem
949 563 997 605 et
1026 555 1181 606 vehe-
1256 553 1319 604 C.
1358 551 1652 605 Cornelius
1687 552 1999 624 Cethegus,
2039 565 2254 608 senator.

235 631 434 676 menter
453 625 730 689 probasse,
753 625 820 674 ad
841 625 942 676 Att.
969 622 1058 687 13,
1091 625 1179 686 50,

235 695 285 747 1.
307 719 368 730 —
382 695 560 745 Iocosc
583 691 758 744 Cicero
779 693 900 742 dicit
918 708 1032 742 eum
1053 695 1179 744 scri·

232 763 404 828 psisse
436 769 574 811 tanta
599 776 656 812 se
683 761 934 828 epiphora
965 777 1179 829 oppres·

232 845 370 894 sum,
392 839 449 881 ut
471 831 610 893 loqui
630 844 730 880 non
749 841 946 895 posset,
973 832 1039 881 ad
1058 831 1174 882 fam.

235 897 434 963 16523,
460 900 506 949 1.
530 926 596 936 ——
615 897 789 964 Magni
813 915 928 948 enm
950 899 1070 950 facit
1093 899 1178 950 Ci-

229 983 350 1017 cero
369 1004 383 1028 ,
415 968 600 1033 fragm.
637 982 693 1032 p.
724 968 845 1020 250.
876 993 944 1005 -—
973 969 1176 1018 Lentuli

231 1051 337 1090 cos.
376 1051 423 1087 a.
445 1053 498 1089 u.
533 1052 578 1089 c.
613 1036 732 1088 705.
773 1038 944 1086 omnia
971 1038 1176 1104 negotia

157 1135 159 1138 <
228 1105 432 1154 Romae
459 1106 674 1155 sustinet
701 1108 1021 1169 permittente
1050 1107 1174 1158 Gae-

225 1189 346 1224 sare
361 1211 380 1234 ,
419 1175 488 1226 ad
505 1176 622 1224 Att.
636 1173 688 1236 9,
710 1175 759 1224 7.
779 1175 858 1236 Β.,
884 1177 934 1226 2.
958 1203 1029 1216 --
1049 1175 1174 1226 Cae-

1326 621 1581 690 Cethegus
1603 625 1774 674 socius
1807 624 2051 676 Catilinae
2068 662 2082 688 ,
2114 627 2261 678 caedi

1320 693 1676 758 praepositus,
1697 708 1790 759 pro
1811 691 1950 744 Sulla
1973 693 2066 758 19,
2084 695 2169 747 53.
2190 723 2259 734 -

1318 762 1442 812 Eius
1462 763 1513 810 in
1544 762 1841 826 Hispaniam
1871 763 2148 829 profectio,
2181 765 2256 814 Ib.

1316 830 1414 892 25,
1450 831 1534 882 70.
1566 859 1639 871 —-
1666 831 1732 881 cf.
1766 833 1821 880 in
1842 831 1989 886 Catil.
2026 831 2087 893 3,
2112 833 2173 897 3,
2202 833 2251 884 6.

1317 899 1389 948 Ib.
1413 899 1465 965 3,
1486 899 1537 964 5,
1566 899 1651 952 10.
1690 900 1763 953 Ib.
1786 899 1837 962 3,
1859 899 1911 959 6,
1934 902 2020 955 14.
2042 927 2108 938 -
2134 901 2257 952 Eius

1317 967 1511 1019 furiosa
1546 971 1834 1034 temeritas,
1877 970 1951 1020 lb.
1990 969 2047 1032 3,
2083 973 2142 1032 7,
2172 971 2252 1023 16.

1313 1038 1389 1091 Ib.
1410 1040 1463 1098 4,
1484 1039 1534 1097 7,
1556 1038 1640 1091 11.
1663 1063 1734 1075 -
1754 1038 2008 1106 Cethegus
2025 1078 2040 1102 ,
2076 1053 2255 1090 conso-

1292 1103 1492 1156 .brinus
1507 1107 1567 1161 L.
1590 1108 1791 1158 Pisonis
1813 1107 2110 1173 Caesonini,
2137 1117 2253 1174 post

1311 1177 1424 1226 red.
1443 1177 1497 1224 iu
1515 1189 1623 1225 sen.
1644 1178 1697 1239 4,
1721 1177 1805 1230 10.

223 1245 366 1293 saris
397 1243 465 1294 ad
495 1257 610 1292 eum
645 1243 887 1308 epistola,
920 1245 996 1294 Ib.
1025 1243 1081 1298 C.
1107 1272 1168 1281 -
1241 1241 1319 1292 Μ.
1346 1242 1637 1296 Cornelius
1654 1244 1732 1296 M.
1751 1243 1815 1294 F.
1836 1243 2122 1312 Cethegus
2143 1260 2248 1296 cos.

224 1313 464 1362 Etiamne
505 1311 693 1362 Balbus
730 1314 783 1362 in
817 1322 1050 1363 senatum
1081 1330 1168 1365 ve-

224 1382 336 1430 nire
380 1381 605 1446 cogitet?
643 1382 717 1434 ΙΙ).
761 1381 852 1442 10,
895 1382 990 1438 11,
1030 1384 1172 1432 4.-

224 1449 421 1500 Balbus
455 1449 684 1500 aedificat
716 1464 762 1500 a.
783 1465 834 1498 ιι.
858 1459 911 1499 c.·
937 1449 1076 1514 708„
1107 1453 1173 1501 ad

223 1520 328 1572 Au.
373 1519 468 1579 12,
502 1520 562 1580 2,
593 1521 649 1586 2.
683 1519 956 1569 —Balbus
989 1527 1039 1568 et
1071 1519 1171 1585 Op-

223 1591 344 1654 pius
375 1587 701 1652 Ligarianam
721 1589 998 1638 orationem
1028 1589 1171 1639 miri-

222 1657 319 1708 fice
345 1657 564 1722 probant
589 1671 636 1704 a.
657 1672 712 1707 ιι.
742 1672 788 1707 c.
811 1655 931 1708 709.
947 1693 963 1721 ,
983 1659 1050 1708 ad
1069 1658 1169 1708 Att.
1240 1654 1306 1706 P.
1352 1653 1646 1706 Cornelius
1696 1653 1985 1723 Cethegus

227 1725 293 1778 13
307 1763 322 1787 ,
367 1724 460 1788 19,
491 1727 542 1775 2.
563 1750 630 1762 --
653 1725 840 1776 Balbus
861 1728 1023 1776 maior
1043 1728 1172 1777 bene

220 1795 455 1858 loquitur
481 1809 526 1842 a.
550 1809 600 1843 u.
625 1809 668 1847 o.
694 1794 845 1861 710„
866 1796 932 1845 ad
952 1797 1056 1845 Ait.
1086 1797 1166 1859 14,

1312 1328 1361 1367 a.
1384 1329 1437 1366 ιι.
1464 1330 1510 1362 c.
1533 1313 1661 1373 550,
1692 1314 1889 1379 primus
1910 1313 2031 1376 fuit,
2071 1315 2133 1364 de
2152 1330 2252 1378 quo

1312 1383 1377 1430 sit
1410 1384 1686 1431 memoriae
1722 1383 1980 1446 proditum
2016 1380 2255 1444 eloquen-

1310 1459 1414 1500 tem
1448 1449 1611 1499 fuisse
1655 1457 1704 1498 et
1738 1451 1811 1498 ita
1853 1463 1964 1498 esse
2000 1449 2248 1512 habitum,

1310 1519 1452 1569 Brut.
1474 1519 1559 1578 15,
1580 1518 1665 1568 57.
1686 1517 1751 1566 cl.
1774 1519 1843 1567 ib.
1864 1519 1914 1582 5.
1934 1517 2020 1569 60.
2055 1518 2118 1568 de
2140 1534 2249 1570 sen.

1311 1590 1362 1648 4,
1393 1587 1473 1638 10.
1518 1588 1600 1652 14,
1622 1585 1706 1638 50.

1998 1693 2013 1720 ,
2064 1663 2248 1718 orator,

1309 1726 1449 1778 Brut.
1470 1725 1555 1788 48,
1579 1724 1696 1778 178.
1726 1739 1819 1788 pro
1840 1723 2034 1775 Cluent.
2058 1724 2143 1791 31,
2162 1725 2247 1777 84.

1311 1795 1491 1858 parad.
1513 1793 1565 1853 5,
1588 1793 1637 1850 3,
1658 1793 1744 1844 40.

221 1863 318 1925 20,
357 1863 409 1912 4.
437 1888 507 1900 ·—
535 1863 632 1911 Vir
657 1870 850 1925 tectus»,
877 1865 968 1915 sed
999 1873 1171 1915 tamen
1241 1860 1308 1913 Ia.
1368 1860 1662 1914 Cornelius
1718 1857 1900 1913 Cinna
1953 1863 2151 1929 legatus
2197 1866 2249 1913 in

221 1932 439 1982 Antonii
459 1932 670 1981 consilia
691 1934 954 1996 narrabat,
977 1935 1054 1986 ΙΙ).
1081 1936 1165 1999 14,

220 2002 308 2067 21,
329 2002 388 2051 2.
408 2028 483 2038 -
499 2002 625 2050 Eius
645 2010 692 2051 et
713 2000 870 2067 Oppii
887 2005 1169 2054 communis

222 2068 446 2189 ξρίἷῑοξῗ
467 2070 535 2121 ad
554 2069 843 2189 ᾖρετοιὲειιι
859 2109 872 2133 ,
897 2074 964 2191 aii
986 2074 1166 2192 stitit-OQ,

259 2180 272 2193 .
352 2174 367 2187 .
448 2154 528 2189 res
614 2153 738 2190 laea
792 2156 926 2192 eoso
950 2156 1030 2193 oa
1127 2158 1169 2189 ι-

219 2222 462 2258 ceronem
491 2210 740 2272 scriptae,
773 2210 841 2260 ad
873 2216 973 2260 Att.
997 2210 1059 2271 8,
1079 2209 1164 2263 15.

219 2276 286 2325 Α.
324 2276 402 2325 lb.
427 2275 491 2337 9,
522 2277 574 2328 7.
599 2276 659 2326 Β.
694 2278 771 2328 Ib.
799 2279 861 2338 9,
885 2278 967 2330 13.
996 2279 1062 2331 A.
1101 2278 1168 2328 ad

218 2345 342 2395 fam.
370 2344 452 2408 16,
473 2344 558 2407 23,
583 2345 631 2399 1.
668 2346 745 2396 Ib.
769 2346 852 2406 16,
871 2348 957 2408 24,
982 2348 1032 2397 2.

152 2410 217 2465 L.
243 2410 545 2465 Cornelius
573 2414 760 2467 Balbus
793 2417 986 2476 minor,
1019 2416 1165 2465 Balbi

219 2484 436 2533 maioris
460 2498 526 2531 ex
547 2482 700 2533 fratre
717 2498 899 2548 nepos.
936 2484 1020 2535 Ad
1036 2483 1165 2534 Len-

218 2550 385 2601 tulum
418 2566 527 2605 οοει.
549 2566 597 2601 a.
625 2567 679 2605 u.
710 2568 755 2603 c.
777 2552 897 2604 705.
924 2554 1115 2604 missus
1134 2569 1165 2603 a

220 2620 442 2671 Caesare
472 2636 588 2671 cum
621 2621 802 2672 litteris
819 2658 832 2681 ‚
873 2636 991 2671 cnm
1022 2637 1166 2672 man-

217 2688 381 2753 datis,
409 2688 479 2739 ad
507 2691 610 2740 Att.
631 2688 692 2753 8,
714 2689 768 2755 9,
787 2693 840 2744 4.
876 2692 948 2741 ΙΙ).
971 2706 1055 2756 ep.
1079 2691 1160 2742 15.

215 2758 312 2821 Α.,
339 2758 390 2809 3.
433 2759 508 2809 Ib.
529 2758 592 2819 9,
621 2757 679 2821 6,
716 2759 764 2810 1.
805 2762 1027 2809 Vocatur
1045 2760 1164 2810 Bal-

215 2826 316 2876 bus
337 2824 604 2877 Cornelius
635 2828 824 2892 minor,
860 2830 924 2879 ad
943 2829 1050 2883 Att.
1077 2829 1161 2893 11,

218 2894 312 2957 12,
348 2895 397 2944 1.
435 2922 505 2934 -
541 2895 726 2946 Scribit
763 2897 988 2947 Ciceroni
1036 2898 1160 2950 Cae-

212 2978 384 3013 sarem
405 2965 698 3015 existimare
719 2965 778 3023 Q.
796 2964 957 3017 filium
976 2966 1159 3018 lituum

211 3031 552 3095 profectionis
589 3049 710 3083 suae
745 3034 936 3099 fuisse,
978 3037 1052 3085 lb.
1088 3061 1158 3073 —

214 3099 401 3150 Scribit
431 3103 497 3153 de
533 3103 593 3162 Q.
629 3102 721 3151 filii
757 3104 1157 3170 importunitate,

209 3169 286 3218 ΙΙ).
317 3168 343 3217 1
361 3206 376 3229 ,
411 3169 508 3233 38,
541 3172 592 3221 2.
622 3199 692 3209 —-
721 3172 900 3231 Narrat
930 3173 1162 3224 Ciceroni

212 3238 343 3287 iram
361 3239 595 3305 Tigellii‚
623 3241 695 3289 ΙΙ).
720 3238 802 3301 13,
821 3242 907 3303 49,
933 3244 984 3293 2.
1007 3272 1076 3282 ·—
1095 3243 1158 3293 A.

210 3321 266 3355 n.
309 3322 351 3356 c.
391 3308 512 3358 711.
556 3317 794 3373 quaestor
827 3311 879 3359 in
915 3312 1162 3377 Hispania

211 3374 381 3424 Asinii
400 3376 662 3436 Pollionis»,
680 3380 748 3429 ad
767 3378 886 3433 fam.
909 3381 992 3440 10,
1007 3382 1092 3441 32,
1111 3382 1156 3432 1.

142 3439 502 3508 (Cornelius)
521 3444 786 3515 Cetegus,
803 3449 1022 3510 orat.48,
1040 3449 1157 3501 160.

291 3528 508 3566 munao.

1310 1932 1447 1983 bello
1468 1932 1649 1983 sociali
1668 1946 1711 1981 s.
1737 1932 1957 1983 Marsico
1974 1970 1987 1993 ,
2018 1933 2139 1981 belli
2158 1948 2249 1999 ge-

1306 2002 1453 2051 rendi
1470 2002 1836 2065 peritissimuS‚
1876 2015 1970 2067 pro
1998 2001 2138 2055 Font.
2166 2003 2248 2062 15,

1309 2069 1395 2122 33.
1418 2096 1488 2107 --
1508 2070 1634 2121 Cum
1654 2068 1881 2120 Carbone
1907 2070 1971 2120 de
2000 2085 2249 2123 novorum

1305 2140 1498 2189 civium
1548 2138 1807 2204 suffragiis
1856 2139 2047 2190 bellum
2098 2140 2247 2191 civile

1310 2209 1499 2274 gessit,
1530 2208 1755 2273 Philipp.
1776 2207 1839 2270 8,
1874 2210 1935 2273 2,
1960 2210 2010 2258 7.
2034 2234 2102 2245 ——
2122 2210 2248 2261 Cum

1307 2276 1513 2328 Octavio
1532 2277 1734 2343 collega
1750 2275 1911 2327 Cinna
1928 2278 2159 2338 dissedit,
2184 2279 2247 2328 de

1302 2346 1509 2409 harusp.
1532 2361 1670 2409 resp.
1691 2346 1777 2407 25,
1799 2346 1884 2396 54.
1917 2344 2136 2409 Philipp.
2162 2346 2245 2409 13,

1309 2415 1335 2464 1
1356 2452 1375 2475 ‚
1422 2416 1475 2464 2.
1519 2438 1585 2449 —-
1633 2411 1793 2462 Cinna
1831 2415 1901 2464 IV
1945 2414 2123 2462 consul
2170 2414 2245 2476 (a.

1304 2498 1358 2532 u.
1380 2498 1427 2533 c.
1452 2480 1574 2532 667.
1596 2479 1719 2533 668.
1742 2479 1861 2531 669.
1886 2476 2067 2545 670.),
2094 2481 2245 2533 colle-

1305 2566 1403 2617 gae
1452 2550 1560 2611 sui,
1613 2548 1839 2601 consulis
1882 2548 1970 2599 Cn.
2032 2549 2243 2614 Octavii,

1304 2618 1531 2685 praecidi
1560 2626 1713 2689 caput
1744 2619 1921 2683 iussit,
1953 2620 2158 2675 Tuscnl,
2190 2621 2243 2684 5,

1307 2689 1393 2751 19,
1412 2688 1497 2739 55.
1534 2688 1599 2737 cl.
1625 2690 1676 2737 in
1699 2687 1843 2743 Catil.
1869 2686 1930 2750 3,
1962 2689 2045 2751 10,
2066 2690 2151 2744 24.
2174 2718 2245 2731 --

1303 2757 1361 2809 L.
1402 2757 1562 2808 Cinna
1600 2758 1947 2809 crudelissime
1994 2761 2246 2812 interfecit

1300 2827 1370 2878 M.
1400 2828 1676 2877 Antonium
1694 2865 1708 2889 ‚
1730 2826 1948 2895 Philipp.
1973 2830 2021 2894 1,
2045 2830 2130 2895 14,
2152 2829 2239 2880 34.

1300 2895 1541 2947 Permulti
1574 2898 1795 2947 civitatis
1814 2900 2075 2964 principes
2097 2900 2159 2949 ab
2181 2914 2241 2949 eo

1299 2966 1621 3031 interempti,
1647 2968 1710 3017 de
1730 2982 1783 3017 n.
1804 2968 1856 3021 d.
1878 2968 1928 3033 3,
1952 2968 2038 3033 32,
2062 2966 2147 3029 ΒΩ.
2170 2994 2243 3005 -

1298 3032 1458 3086 Homo
1482 3038 1711 3086 omnium
1740 3036 2121 3085 crudelissimus
2152 3035 2242 3085 diu

1299 3106 1552 3169 regnavit,
1564 3106 1636 3156 lb.
1650 3105 1699 3164 3,
1714 3104 1797 3169 32,
1813 3105 1896 3155 81.
1906 3132 1973 3143 —-
1983 3103 2239 3155 Cinnanus

1300 3173 1443 3236 dies,
1480 3190 1581 3237 quo
1613 3175 1671 3223 L.
1704 3172 1863 3223 Cinna
1891 3179 1940 3221 et
1969 3171 2057 3222 Cn.
2092 3172 2241 3222 Octa-

1304 3242 1417 3308 vius
1449 3258 1578 3293 coss.
1620 3256 1669 3291 a.
1698 3257 1753 3295 u.
1788 3256 1834 3291 c.
1871 3240 1993 3292 667.
2030 3242 2159 3291 inter
2183 3256 2241 3293 se

1300 3320 1477 3361 mutuo
1531 3310 1836 3360 dissidentes
1884 3324 2122 3376 magnam
2170 3312 2238 3361 ci-

1298 3382 1442 3429 vium
1506 3386 1732 3443 stragem
1794 3380 2085 3438 ediderunt,
2141 3395 2236 3446 pro

1301 3448 1467 3500 Sestio
1487 3447 1571 3509 36,
1595 3444 1678 3497 77.
1698 3474 1769 3484 ——
1788 3446 2103 3514 Supplicatio
2124 3449 2237 3499 Cin-

1783 3522 1815 3569 7
