2500 3850
737 197 802 243 L.
833 197 992 246 AEL.
1026 201 1302 250 TUBERO
1331 223 1417 234 ---
1445 205 1519 252 M.
1556 206 1795 253 AEMIL.
1832 207 1895 266 Q.
1930 209 1991 256 F.
2030 209 2182 258 LEP.
2464 201 2499 256 ὖ

418 350 477 402 L.
497 349 742 416 (Aelius)
759 351 1005 418 Tubero,
1029 363 1171 419 pater
1186 358 1241 416 Q.
1260 359 1424 408 Tube-

485 423 621 472 ronis
640 457 653 482 ,
704 421 855 472 homo
904 439 1017 472 cum
1069 426 1273 490 ingenio
1322 437 1423 476 tum

485 492 635 537 etiam
663 489 1182 554 doctrina-excellenS,
1224 511 1317 560 pro
1339 497 1423 546 Li-

485 558 629 622 gario
647 559 698 618 4,
722 559 805 611 10.
850 561 979 610 lbid.
997 562 1046 624 7,
1062 564 1146 614 21.
1168 590 1238 600 —
1254 565 1420 629 Lega-

482 639 560 675 tus
584 628 641 684 Q.
664 627 921 677 Ciceronis
946 632 992 678 in
1015 634 1273 694 provincia
1292 635 1417 684 Asia

481 711 526 744 a.
555 711 608 746 u.
631 711 676 748 e.
698 695 815 746 694.
851 699 1024 747 scribit
1049 701 1327 763 historiam,
1352 705 1416 753 ad

480 765 538 821 Q.
563 757 622 812 ir.
651 765 699 826 1,
733 764 782 826 1,
806 763 857 817 3.
886 769 934 828 ἕ.
961 767 1044 820 10.
1101 773 1417 834 necessarius

482 827 756 894 Ciceronis,
783 849 875 898 pro
892 826 1091 886 Plancio
1111 839 1196 898 41,
1219 839 1337 891 100.
1352 867 1415 876 --

480 902 696 952 Sortitus
716 903 832 952 belli
855 905 1017 954 civilis
1041 908 1183 956 initio
1207 924 1273 958 ex
1286 907 1338 956 S.
1358 909 1415 962 O.

475 971 700 1020 Africam
731 974 1040 1036 provinciam
1069 977 1133 1025 ad
1158 975 1244 1024 Cn.
1270 977 1417 1026 Pom-

477 1041 648 1104 peium
670 1042 722 1088 in
743 1041 1092 1093 Macedoniam
1111 1060 1165 1094 se
1188 1048 1413 1111 contulit,

473 1124 564 1174 pro
585 1109 786 1173 Ligario
808 1111 858 1164 8,
879 1113 946 1162 23
969 1128 1078 1176 sqq.

336 1223 352 1232 ,
408 1175 475 1242 Q.
493 1175 734 1243 (Aelius)
751 1177 998 1244 Tubero,
1013 1183 1262 1233 Aemiliae
1279 1184 1414 1234 Arri-

149 1239 428 1330 Wffl
474 1248 585 1296 cani
621 1249 833 1296 minoris
884 1253 1074 1300 sororis
1131 1254 1298 1314 fliius,
1353 1255 1411 1303 L.

471 1315 633 1364 Paulli
660 1331 846 1384 nepos,
883 1317 1110 1379 StoicuS,
1153 1324 1263 1370 eius
1301 1339 1411 1371 ora-

471 1384 634 1435 tiones
674 1387 725 1434 in
772 1385 1084 1450 Gracchum,
1145 1393 1281 1444 Brut.
1324 1393 1408 1452 31,

475 1453 590 1502 117.
626 1455 764 1503 nulla
783 1458 834 1505 in
859 1473 916 1506 eo
935 1457 1240 1520 eloquentia,
1278 1461 1405 1510 Ibid.

467 1523 516 1580 §-
543 1522 658 1575 118.
686 1553 742 1564 -
775 1524 853 1576 Ti.
879 1525 1156 1576 Gracchum
1187 1546 1293 1578 rem
1314 1545 1408 1594 pu-

434 1617 438 1621 ·
471 1589 650 1640 blicam
692 1602 960 1644 vexantem
998 1596 1298 1662 dereliquit,
1348 1599 1409 1648 de

467 1673 566 1708 am.
593 1661 674 1722 11,
695 1661 780 1712 37.
819 1663 879 1712 cl.
921 1665 1045 1714 ibid.
1083 1667 1168 1726 27,
1200 1668 1317 1718 101.
1344 1694 1408 1704 -

469 1726 688 1793 StoicuS,
712 1731 954 1781 honestus
969 1733 1118 1784 homo
1135 1747 1182 1784 et
1197 1738 1403 1796 nobilis,

467 1812 561 1860 pro
583 1799 789 1850 Murena
817 1801 901 1861 36,
930 1803 1015 1853 75.
1047 1831 1115 1842 —-
1159 1806 1216 1864 Q.
1245 1807 1406 1854 Tube-

466 1868 576 1914 roni
593 1867 888 1919 Africanum
910 1874 1151 1923 minorem
1179 1875 1405 1925 laudanti

466 1936 808 1996 laudationem
844 1943 1052 2005 scripsit
1088 1944 1140 1992 C.
1181 1943 1402 2007 Laeliae,

467 2006 530 2053 de
566 2022 636 2055 or.
671 2009 720 2070 2,
753 2009 836 2071 84,
874 2008 992 2062 341.
1042 2014 1324 2076 discipulus
1358 2022 1406 2062 et

463 2073 726 2124 familiaris
747 2079 1004 2141 Panaetii,
1053 2082 1183 2133 Ibid.
1229 2081 1280 2142 3,
1316 2080 1401 2144 23,

460 2142 548 2193 87.
581 2144 740 2197 Acad.
767 2162 844 2210 pr.
881 2148 932 2207 2,
960 2150 1058 2208 44,
1094 2148 1212 2203 135.
1251 2178 1316 2187 —
1340 2153 1403 2201 de

462 2212 548 2259 fin.
571 2214 622 2273 4,
644 2212 694 2274 9,
719 2212 801 2265 23.
835 2242 907 2277 —t
939 2219 1167 2268 Panaetii
1199 2222 1266 2268 ad
1286 2235 1402 2268 eum

461 2281 692 2344 epistola,
734 2282 940 2334 Tuscul.
977 2288 1028 2347 4,
1064 2288 1118 2347 2,
1151 2290 1206 2342 4.
1242 2315 1312 2323 —
1342 2290 1401 2337 Ei

461 2349 616 2398 libros
658 2351 719 2399 de
761 2352 944 2404 officiis
977 2357 1184 2421 scripsit
1213 2358 1399 2407 Hecato

458 2417 708 2481 Rhodius,
769 2422 830 2471 de
863 2423 948 2471 off.
983 2423 1042 2481 3,
1077 2426 1166 2489 15,
1201 2426 1287 2477 63.
1332 2450 1400 2462 --

457 2486 690 2549 Loquens
719 2490 972 2539 inducitur
1003 2494 1052 2542 in
1077 2496 1219 2543 libris
1253 2496 1315 2544 de
1345 2510 1399 2544 re

455 2555 620 2618 publ..
644 2557 707 2607 de
734 2574 772 2607 r.
798 2574 850 2623 p.
885 2560 932 2621 l,
955 2562 1004 2622 9,
1042 2561 1123 2615 14.
1183 2564 1310 2613 lbid.
1350 2564 1397 2626 l,

457 2624 541 2687 19,
565 2624 653 2677 31.
693 2627 760 2675 ad
780 2630 883 2676 Att.
910 2629 961 2689 4,
986 2630 1066 2691 16,
1097 2634 1147 2681 2.

387 2689 458 2756 Q.
495 2692 742 2757 (Aelius)
781 2695 1040 2761 Tubero,
1083 2702 1395 2765 propinquus

455 2760 741 2823 Ciceronis,
781 2774 1042 2817 accusator
1083 2770 1137 2829 Q.
1181 2770 1394 2833 Ligarii,

449 2846 545 2894 pro
568 2832 774 2897 Ligario
812 2834 860 2893 1,
893 2833 942 2887 1.
988 2838 1114 2887 Ibid.
1149 2839 1200 2898 3,
1238 2838 1291 2889 9.
1332 2866 1393 2875 -

449 2898 612 2949 Valde
641 2909 716 2949 est
737 2900 1046 2965 φιλαίτιος,
1083 2908 1149 2957 ad
1169 2908 1275 2959 Ait.
1310 2908 1391 2969 13,

451 2968 536 3020 20,
559 2970 610 3017 2.
633 2995 689 3003 -
719 2968 940 3021 Scientia
964 2974 1393 3042 iurisbmaioribus

449 3038 557 3085 suis
597 3052 697 3086 non
740 3040 930 3101 defuit,
973 3043 1200 3095 doctrina
1238 3047 1391 3094 etiam

379 3106 1182 3242 AggpfiagugitgnsfrgffirgQQQZ
1202 3198 1329 3247 cogn
1337 3197 1389 3231 o-

448 3243 584 3291 mina
615 3242 802 3307 Buca,
837 3245 1081 3310 Lepidus
1101 3286 1114 3312 ,
1146 3248 1391 3315 Lepidus

448 3307 707 3375 Porcina,
721 3312 926 3377 Papus,
945 3314 1196 3382 Paullus,
1213 3316 1389 3369 Scau—

448 3392 562 3427 rus.

377 3440 620 3496 Aemilia
665 3450 906 3513 basilica,
954 3452 1218 3502 aedificata
1256 3470 1285 3502 a
1322 3456 1383 3507 L.

1567 361 1783 411 Aemilio
1816 365 1987 414 Paullo
2008 380 2112 418 cos.
2138 379 2185 416 a.
2213 382 2262 414 u.
2288 383 2333 415 c.
2360 369 2499 429 704„

1565 430 1629 478 ad
1654 433 1755 480 Att.
1777 434 1825 492 4,
1850 431 1931 493 16,
1959 434 2038 483 14.

1490 495 1731 548 Aemilia
1752 501 1930 560 tribus,
1952 505 2015 554 ad
2034 504 2139 554 Att.
2169 506 2217 564 2,
2243 503 2325 566 14,
2350 507 2401 554 2.

1490 565 1733 618 Aemilia
1772 570 1851 617 via
1888 573 1949 619 ab
1982 573 2199 621 Aemilio
2235 573 2429 638 Lepido
2470 589 2499 622 a

1557 635 1813 686 Placentia
1856 655 1947 704 per
1988 641 2265 690 Bononiam
2318 645 2499 691 Arimi-

1556 721 1675 754 num
1711 721 1886 756 versus
1920 717 2111 769 strata,
2150 711 2213 759 ad
2252 711 2369 762 l'am.
2412 713 2495 770 10,

1486 839 1730 892 Aemilia
1752 843 1949 895 Tertia
1968 883 1981 908 ,
2020 849 2078 901 L.
2104 849 2307 897 Aemilii
2336 850 2494 898 Paulli

1556 912 1871 963 Macedonici
1912 915 2097 974 filiola,
2144 917 2207 966 de
2243 919 2400 966 divin.
2446 921 2492 976 1,

1556 979 1642 1043 46,
1674 981 1790 1034 103.
1836 985 1963 1036 lbid.
1988 987 2035 1048 2,
2060 987 2143 1042 40,
2170 983 2253 1040 83.

1486 1046 1830 1100 Aemilianus
1872 1053 2061 1118 Scipio.
2115 1071 2162 1104 v.
2196 1053 2491 1106 Cornelius

1557 1116 1769 1182 Scipio.

1483 1184 1756 1237 Aemilius
1788 1188 1931 1238 Alba
1966 1207 2139 1240 scurra
2161 1229 2174 1251 ,
2216 1195 2405 1242 amicus
2445 1203 2492 1241 et

1555 1265 1748 1305 amator
1771 1256 1821 1304 C.
1848 1261 2019 1308 Verris
2036 1297 2047 1312 .
2071 1263 2215 1314 Verr.
2250 1267 2487 1313 Accusat.

1551 1324 1599 1385 3,
1623 1324 1708 1383 62,
1735 1326 1847 1375 145.
1890 1329 2017 1380 ibid.
2041 1327 2090 1391 3,
2114 1329 2197 1389 63,
2224 1331 2336 1379 148.

1480 1405 1556 1456 Μ.
1579 1404 1851 1457 Aemilius
1871 1407 2140 1460 Avianius
2162 1428 2203 1460 s.
2219 1412 2489 1463 Avianiu-

1548 1491 1671 1539 nus,
1692 1485 1937 1541 patronus
1959 1478 2011 1527 C.
2029 1481 2231 1529 Avianii
2246 1483 2483 1544 Euandri,

1551 1545 1805 1594 Ciceronis
1821 1547 2101 1606 familiaris,
2118 1549 2179 1597 ad
2196 1549 2315 1604 sam.
2336 1553 2415 1611 13,
2431 1554 2481 1604 2.

1548 1615 1674 1663 lbid.
1702 1613 1782 1673 13,
1808 1615 1891 1669 21.
1920 1617 1968 1669 1.
2000 1617 2127 1668 Ibid.
2155 1619 2235 1681 13,
2257 1622 2340 1681 27,
2363 1624 2411 1670 2.

1478 1698 1558 1748 Μ.
1571 1697 1845 1751 Aemilius
1860 1701 2123 1769 Lepidus,
2142 1705 2354 1754 facetum
2376 1713 2484 1757 eius

1550 1769 1756 1831 dictum,
1782 1771 1842 1819 dc
1868 1788 1940 1820 or.
1972 1774 2021 1832 2,
2045 1774 2129 1833 71,
2148 1774 2264 1824 287.

1477 1850 1553 1901 Μ.
1570 1849 1845 1903 Aemilius
1858 1853 2117 1919 Lepidus,
2136 1859 2213 1906 bis
2228 1859 2399 1909 consul
2415 1858 2434 1922 ζ
2436 1876 2480 1907 a.

1545 1938 1597 1970 u.
1621 1937 1664 1970 c.
1688 1921 1788 1973 567
1812 1934 1859 1973 et
1878 1922 2041 1987 579.),
2066 1928 2295 1989 pontifex
2319 1931 2483 1977 maxi-

1548 1990 2025 2058 mus(a.n.e.574.),
2043 2010 2219 2045 censor
2232 2005 2306 2046 est
2321 1997 2482 2046 factus

1544 2059 1618 2119 (a.
1641 2075 1692 2107 u.
1719 2078 1763 2109 c.
1787 2061 1957 2125 575),
1986 2065 2048 2113 de
2075 2079 2216 2127 prov.
2252 2080 2389 2117 cons,
2427 2067 2477 2127 9,

1544 2126 1628 2175 20.
1670 2128 1895 2178 Proavns
1929 2132 1993 2179 M.
2021 2134 2202 2197 Lepidi
2229 2136 2481 2183 triumviri

1541 2195 1763 2262 Philipp.
1800 2198 1880 2259 13,
1904 2201 1950 2265 7,
1979 2201 2079 2259 15„
2121 2204 2183 2251 de
2216 2205 2365 2252 domo
2388 2220 2480 2252 sua

1471 2345 1547 2396 Μ.
1570 2346 1843 2398 Aemilius
1865 2349 1942 2399 M.
1974 2350 2039 2399 F.
2064 2352 2303 2419 Lepidus
2337 2354 2479 2404 Por-

1540 2414 1664 2465 cina
1684 2418 1855 2465 consul
1884 2435 1996 2467 cum
2025 2420 2080 2473 G.
2100 2421 2314 2473 Hostilio
2338 2424 2476 2473 Man-

1539 2485 1654 2533 cino
1676 2491 1733 2533 a.'
1751 2501 1800 2532 u.
1824 2502 1867 2534 c.
1895 2486 2037 2550 617.,
2062 2504 2287 2541 summus
2311 2504 2479 2542 orator

1539 2560 1614 2601 est
1634 2552 1837 2603 babitus
1858 2565 1905 2603 et
1941 2555 2054 2612 fuit,
2086 2569 2141 2607 ut
2168 2570 2379 2625 apparet
2412 2578 2471 2611 ex

1538 2624 1867 2687 orationibus,
1892 2626 2105 2689 scriptor
2134 2645 2255 2679 sane
2297 2631 2473 2689 bonuS‚

1536 2692 1673 2741 Brut.
1708 2692 1806 2754 25,
1840 2692 1922 2745 95.
1972 2694 2035 2743 cl.
2067 2697 2217 2747 Tusc.
2248 2699 2306 2759 1,
2340 2697 2391 2758 3,
2420 2698 2471 2748 5.

1541 2758 1743 2810 Cassiae
1783 2763 2072 2814 tabellariae
2105 2768 2304 2827 restitit,
2333 2768 2471 2817 Brut.

1539 2827 1585 2891 §.
1624 2829 1706 2879 97.
1769 2831 1896 2883 lbid.
1930 2834 2018 2896 27,
2051 2833 2170 2885 106.
2220 2837 2343 2886 [bid.
2386 2836 2470 2896 86,

1535 2896 1653 2947 295.
1708 2900 1835 2948 Ibid.
1868 2902 1963 2961 97,
2003 2901 2121 2953 333.
2158 2932 2224 2941 -
2258 2908 2473 2971 Ignarus

1534 2965 1703 3030 legum
1722 3004 1736 3027 ,
1773 2968 2032 3021 haesitans
2054 2972 2104 3020 in
2128 2976 2377 3023 maiorum
2397 2976 2472 3021 in-

1533 3037 1742 3096 stitutis,
1772 3038 1913 3087 rudis
1935 3041 1985 3087 in
2011 3044 2118 3090 iure
2141 3044 2298 3106 civili,
2316 3045 2377 3092 de
2398 3056 2470 3091 or.

1535 3103 1583 3168 1,
1609 3104 1691 3165 10,
1714 3104 1799 3156 39.

1462 3182 1543 3233 Μ.
1572 3185 1846 3240 Aemilius
1882 3190 1952 3257 Q.
1985 3191 2050 3241 F.
2084 3192 2165 3243 Μ.
2196 3192 2265 3243 N.
2306 3191 2469 3261 Lepi·

1532 3252 1635 3304 dus
1661 3257 1827 3323 (cons,
1848 3275 1897 3308 a.
1920 3276 1971 3308 u.
1998 3276 2042 3314 c.
2072 3261 2216 3325 676.)
2252 3278 2364 3311 cum
2395 3264 2470 3309 in-

1530 3323 1836 3375 terficeretur
1890 3328 2188 3379 Saturninus
2238 3346 2284 3379 a.
2327 3347 2378 3381 u.
2422 3346 2465 3377 c.

1529 3390 1672 3453 654„
1714 3408 1805 3456 pro
1840 3396 2001 3445 salute
2038 3399 2288 3445 communi
2332 3412 2468 3445 arma

1528 3460 1689 3522 cepit,
1713 3476 1807 3524 pro
1835 3461 1887 3511 C.
1911 3462 2117 3511 Rabirio
2140 3464 2283 3526 perd.
2305 3465 2353 3522 7,
2378 3463 2462 3510 21.
