2500 3850
800 162 1058 215 PELOPS
1096 186 1172 195 --
1196 161 1549 211 PERIOLES.

214 341 355 389 cero,
384 324 658 388 respiciens
688 322 1013 387 proverbium
1032 312 1148 385 Ἄρ·-

209 390 416 443 καὸίαν
440 384 505 456 μ’
525 386 717 454 αἰτεῖς,
751 392 804 441 id
825 399 918 449 est,
939 405 1038 440 non
1059 405 1142 439 so-

205 464 310 529 lum
342 462 616 512 Arcadiam
636 496 650 519 ,
686 461 778 510 sed
813 468 970 508 totam
998 458 1142 507 Pelo·

203 546 487 597 ponnesum
507 530 786 588 sustinebo,
803 536 857 579 ut
879 528 987 577 filio
1008 528 1143 577 eius-

203 616 301 662 que
337 600 627 663 sumptibus
663 600 786 648 satis
830 598 1042 659 faciam,
1075 598 1142 647 ad

203 671 309 718 Att.
332 668 413 728 10,
439 670 520 728 12,
543 670 590 717 7.
638 668 702 719 cl.
723 668 792 716 ib.
817 666 900 728 10,
921 667 972 722 5,
993 667 1046 719 2.

133 736 342 804 Pelops
365 773 381 801 ‚
436 736 640 785 Tantali
687 736 822 787 filius
847 772 861 795 ,
910 736 1052 784 Atrei
1091 744 1140 785 et

201 807 452 873 Thyestae
476 814 634 870 pater,
673 820 766 853 rex
783 803 967 865 Elidis,
1003 804 1064 853 de
1085 819 1134 852 n.

201 878 253 926 d.
277 876 328 936 3,
357 876 444 935 21,
465 873 550 924 53.
577 902 650 912 —
673 874 804 936 Equi
826 873 1032 937 Pelopis
1063 873 1140 921 illi

201 944 442 1009 Neptunii
455 958 546 1008 per
557 944 721 993 undas
734 956 910 992 currus
923 956 1138 1007 suspen-

201 1029 286 1062 sos
304 1012 538 1078 rapuisse
556 1014 812 1071 dicuntur,
849 1012 1057 1061 Tuscul.
1085 1013 1136 1073 2,

201 1084 288 1143 27,
308 1082 392 1136 67.
429 1081 502 1130 Ib.
533 1082 581 1145 1,
602 1084 688 1141 44,
712 1080 827 1133 107.
854 1108 918 1116 -
947 1082 1138 1143 Pelope

199 1160 363 1212 natus,
406 1150 672 1214 ThyestcS,
717 1150 921 1199 Tuscul.
959 1148 1010 1209 3,
1054 1149 1134 1208 12,

200 1220 284 1271 26.
325 1222 387 1270 de
408 1220 491 1269 off.
514 1220 563 1281 3,
585 1220 670 1281 21,
693 1219 777 1271 84.

127 1288 352 1354 Pelops,
369 1290 538 1349 Attici,
561 1290 626 1337 ad
651 1292 753 1342 Att.
782 1288 865 1348 14,
891 1286 938 1346 8,
964 1289 1011 1338 1.

127 1355 385 1420 Peloris,
421 1358 572 1408 hodie
599 1358 734 1419 Gapo
761 1358 815 1405 di
830 1357 988 1418 Far-0,
1019 1370 1135 1421 pro-

201 1426 507 1477 montorium
541 1424 748 1475 Siciliae
787 1425 981 1475 Italiam
1025 1441 1135 1475 ver-

203 1510 309 1557 sus,
332 1496 477 1543 Verr.
502 1502 721 1546 accusat.
745 1494 794 1553 5,
822 1493 870 1555 3,
891 1493 940 1544 6.

127 1564 374 1616 Penates
397 1560 484 1626 di,
529 1564 637 1612 sive
665 1578 690 1611 a
718 1577 854 1624 penu
875 1563 1024 1611 ducto
1047 1578 1134 1613 no-

201 1634 338 1683 mine
375 1633 484 1683 sive
533 1633 596 1681 ab
643 1646 730 1691 e0,
770 1632 905 1695 quod
937 1634 1135 1693 penitus

201 1703 451 1761 insident,
492 1716 556 1749 ex
588 1715 686 1764 quo
715 1701 864 1751 etiam
894 1709 1135 1763 penetra-

198 1774 274 1819 les
300 1784 330 1820 a
353 1772 516 1835 poetis
539 1777 804 1832 vocantur,
845 1771 908 1819 de
929 1784 980 1819 n.
1007 1770 1056 1819 d.
1080 1771 1131 1830 2,

200 1840 296 1900 27,
319 1839 402 1891 68.
433 1866 498 1875 --
525 1839 738 1889 Penates
769 1839 853 1888 dei
877 1840 1132 1901 Laresque

199 1908 495 1969 familiares,
537 1909 599 1959 de
619 1926 662 1957 r.
684 1923 738 1974 p.
761 1908 811 1970 5,
833 1908 884 1970 5,
907 1910 957 1958 7.

125 1978 426 2044 Penelope.
501 1979 579 2027 Ex
611 1979 858 2028 Mercurio
899 1979 1046 2028 tertio
1081 1985 1132 2026 et

197 2048 454 2112 Penelopa
469 2048 609 2096 Pana
632 2055 804 2098 natum
833 2047 1026 2109 ferunt,
1067 2046 1131 2096 de

198 2131 250 2166 n.
287 2117 336 2170 d.
362 2117 412 2179 3,
435 2117 518 2176 22,
554 2115 640 2167 56.
673 2143 744 2153 --
768 2116 1020 2180 Penelope
1057 2123 1133 2164 te-

196 2187 296 2234 lam
326 2191 589 2247 retexens,
625 2184 688 2234 de
723 2193 832 2234 arte
865 2185 1132 2234 dialectica

195 2255 402 2304 tollente
435 2255 502 2302 ad
537 2262 816 2304 extremum
846 2254 1129 2316 superiora,

197 2325 353 2374 Acad.
389 2339 466 2388 pr.
488 2324 540 2386 2,
561 2323 648 2382 29,
671 2323 758 2372 95.

125 2391 455 2443 Penetralea
477 2393 530 2440 di
555 2405 584 2439 a
619 2392 785 2455 poetis
805 2389 1019 2438 Penates
1043 2403 1134 2439 vo-

198 2469 401 2522 cantur,
438 2461 502 2509 de
520 2474 570 2512 n.
592 2459 640 2508 d.
669 2461 718 2522 2,
744 2460 831 2517 27,
851 2458 936 2510 68.

123 2529 388 2580 Pennus:
414 2530 476 2578 V.
499 2525 694 2578 Iunius
716 2526 958 2577 Pennus.

125 2594 406 2649 Pentelici
451 2597 662 2646 Hermae
715 2611 830 2646 cum
879 2594 1133 2658 capitibus

196 2668 397 2725 aeneis,
437 2667 559 2715 faeti
594 2681 620 2714 e
659 2679 907 2714 marmore
947 2664 1132 2712 montis

189 2735 432 2785 Pentelici
465 2737 517 2783 in
540 2735 726 2794 Attica,
743 2735 808 2784 ad
825 2734 928 2782 Att.
948 2733 996 2792 1,
1011 2731 1063 2793 8,
1081 2733 1130 2781 2.

195 2805 273 2856 Ib.
301 2804 348 2867 1,
371 2805 424 2865 9,
445 2805 494 2855 2.

125 2868 455 2932 Perdiccas,
501 2887 590 2920 rex
632 2871 984 2932 Macedoniae,
1037 2870 1134 2917 Ar-

197 2940 361 2990 chelai
378 2949 545 3004 pater,
567 2939 770 2990 Tuscul.
794 2940 843 2999 5,
879 2939 958 3000 12,
975 2938 1061 2992 34.

125 3005 806 3077 Pergameni.Mithridates
820 3007 990 3072 Phryx
1003 3005 1133 3056 mul-

193 3079 462 3128 titudinem
481 3079 908 3143 Pergamenorum
923 3090 1020 3127 non
1043 3091 1131 3125 au-

196 3149 425 3197 ctoritate
455 3162 575 3208 sua,
616 3147 709 3196 sed
731 3148 911 3214 sagina
931 3145 1133 3194 tenebat

123 3234 134 3242 ·
197 3217 334 3264 circa
368 3231 415 3264 a.
453 3233 502 3266 u.
541 3232 584 3265 e.
618 3214 772 3280 6⁹0„
825 3229 918 3279 pro
956 3213 1134 3263 Flacco

197 3286 248 3343 7,
288 3283 369 3335 17.
393 3311 463 3321 -
480 3285 782 3349 Pergameni
815 3284 1138 3346 exagitantur

198 3354 264 3401 ad
309 3353 650 3402 testimonium
693 3359 869 3404 contra
899 3351 1160 3401 Flaccum.

197 3421 486 3485 dicendum,
511 3437 602 3485 pro
626 3422 801 3470 Flacco
829 3418 913 3481 30,
937 3419 1003 3468 74
1025 3433 1136 3481 sqq.

2097 152 2217 214 283

1213 320 1556 387 Pergamum
1571 360 1584 385 ,
1606 324 1786 375 Troiae
1807 339 1915 383 arx,
1946 324 2011 373 ad
2030 323 2144 372 Her.
2169 323 2219 381 2,

1212 458 1557 526 Pergamum
1580 464 1691 512 sive
1706 462 2040 529 Pergamus,
2068 459 2223 511 hodie

1280 530 1549 595 Pergamo,
1588 532 1709 581 urbs
1732 532 1923 595 Mysiae
1944 528 2223 593 superioris

1281 599 1601 650 nobilissima
1613 616 1641 649 a
1653 600 1975 665 praetoribus
1986 595 2221 662 spoliata,

1282 668 1430 717 Verr.
1453 676 1672 721 accusat.
1699 672 1747 733 5,
1778 669 1865 729 48,
1890 669 2006 721 127.
2046 693 2118 703 -
2153 664 2225 713 De

1283 736 1395 801 lege
1419 752 1525 802 agr.
1550 740 1600 798 2,
1624 738 1705 795 15,
1728 738 1809 790 39.
1845 764 1915 774 --
1950 737 2226 802 Pergamus

1283 806 1533 855 etTralles
1551 823 1651 857 una
1674 808 1894 871 epistola
1920 806 2226 855 Mithridatis

1279 877 1475 925 moveri
1506 876 1801 940 impellique
1830 880 2134 941 potuerunt,
2172 882 2228 923 ut

1283 944 1561 993 amicitiam
1608 945 1787 1009 populi
1831 946 1976 995 Rom.
2004 981 2017 1004 ,
2072 944 2225 993 fidem

1282 1028 1444 1071 suam,
1478 1014 1589 1061 iura
1616 1016 1789 1065 omnia
1810 1013 1965 1063 officii
1986 1014 2224 1063 humani-

1278 1084 1500 1145 tutisque
1521 1083 1799 1144 violarent,
1822 1098 1915 1149 pro
1937 1082 2117 1131 Flacco
2136 1083 2223 1141 24,

1280 1151 1364 1202 57.
1386 1176 1457 1187 --
1478 1150 1713 1217 Pergami
1736 1159 1785 1202 et
1802 1152 1950 1202 multi
1971 1153 2107 1203 cives
2124 1151 2225 1200 Ro-

1278 1221 1416 1269 mani
1451 1229 1569 1269 sunt
1598 1229 1648 1271 et
1678 1224 1757 1270 ina
1792 1236 1824 1270 a
1858 1229 2029 1272 nostro
2060 1220 2226 1284 magi-

1278 1296 1441 1339 stratu
1463 1290 1667 1349 dicitur,
1694 1304 1789 1354 pro
1808 1288 1991 1339 Flacco
2018 1288 2103 1345 29,
2139 1289 2222 1341 71.

1207 1357 1421 1425 Perge,
1459 1359 1583 1407 urbs
1607 1358 1957 1422 Pamphyliae.
2034 1357 2111 1406 Ibi
2148 1357 2224 1405 fa-

1276 1442 1395 1477 num
1427 1427 1838 1490 antiquissimum
1877 1434 1925 1476 et
1966 1425 2224 1475 sanctissi-

1274 1510 1413 1545 mum
1444 1495 1641 1545 Dianae
1684 1497 1894 1545 nudavit
1932 1496 1987 1545 C.
2016 1496 2220 1545 Verres,

1273 1566 1419 1614 Verr.
1450 1573 1677 1615 accusat.
1706 1566 1751 1624 1,
1774 1563 1859 1623 20,
1880 1565 1969 1614 54.
2010 1564 2074 1612 ad
2098 1562 2218 1615 farn.

1277 1634 1358 1691 12,
1384 1633 1466 1689 14,
1486 1633 1537 1683 8.
1593 1634 1668 1681 Ib.
1698 1634 1777 1693 12,
1811 1633 1893 1696 15,
1918 1633 1967 1684 7.

1199 1699 1479 1765 Pericles,
1515 1702 1805 1767 Xanthippi
1824 1701 1978 1759 filius,
2002 1702 2065 1750 ab
2088 1702 2221 1749 Ana-

1271 1785 1467 1835 xagora
1502 1771 1717 1837 physico
1757 1771 1985 1820 eruditus
2034 1770 2220 1819 doctri-

1274 1854 1391 1889 nam
1422 1855 1536 1889 cum
1568 1840 1858 1903 eloquentia
1896 1839 2087 1888 forensi
2116 1842 2220 1902 pri-

1187 1955 1192 1960 .
1272 1910 1681 1960 musconiunxit.
1723 1908 1959 1959 Eximiae
1980 1908 2222 1959 eiuslau-

1275 1979 1395 2043 des,
1435 1979 1572 2026 Brut.
1598 1978 1653 2028 11
1675 2013 1688 2037 ,
1708 1980 1795 2030 44.
1826 2005 1892 2014 --
1934 1977 2153 2028 Pericles
2174 1985 2223 2025 et

1274 2049 1573 2096 auctoritate
1626 2054 1675 2095 et
1720 2047 1933 2095 consilio
1984 2046 2220 2110 princeps

1274 2116 1497 2166 civitatis
1537 2129 1692 2176 suae,
1730 2114 1866 2164 bello
1902 2114 2221 2178 Peloponne-

1276 2187 1414 2234 siaco
1435 2221 1448 2243 ,
1488 2199 1643 2247 quum
1664 2181 1931 2234 obscurato
1953 2183 2061 2232 sole
2080 2191 2221 2232 tene-

1280 2256 1398 2305 brae
1432 2253 1596 2302 factae
1626 2260 1798 2302 essent
1818 2259 2024 2316 repente
2060 2252 2219 2300 Athe-

1274 2323 1630 2383 niensiumque
1661 2322 1857 2371 animos
1896 2335 2122 2369 summus
2158 2321 2219 2366 ti-

1277 2406 1386 2441 mor
1405 2390 1787 2454 occupavisset,
1827 2390 2062 2438 docuisse
2082 2390 2219 2436 cives

1274 2473 1395 2508 suos
1443 2459 1632 2508 dicitur
1680 2458 1765 2518 id,
1824 2458 1961 2519 quod
2006 2457 2117 2520 ipse
2154 2457 2217 2505 ab

1272 2530 1605 2590 Anaxagora,
1644 2527 1790 2575 cuius
1812 2525 2014 2576 auditor
2032 2525 2214 2588 fuerat,

1274 2603 1541 2660 acceperat
1574 2609 1763 2656 eosque
1793 2603 1929 2644 metu
1964 2593 2215 2653 liberavit,

1276 2666 1340 2716 de
1356 2679 1398 2712 r.
1433 2679 1485 2728 p.
1514 2663 1560 2722 1,
1584 2663 1665 2722 16,
1686 2664 1773 2716 25.
1818 2689 1882 2699 ·-
1916 2665 1969 2712 In
1990 2663 2217 2712 Phaedro

1274 2734 1499 2784 Platonis
1520 2733 1615 2782 hoc
1633 2731 1877 2782 Periclem
1898 2733 2217 2796 praestitisse

1274 2802 1487 2852 caeteris
1508 2803 1631 2851 dicit
1650 2802 1934 2853 oratoribus
1959 2799 2210 2860 SocrateS,

1274 2871 1411 2934 quod
1430 2871 1473 2919 is
1487 2871 1822 2936 Anaxagorae
1840 2870 2041 2934 physici
2068 2869 2215 2917 sum-it

1275 2940 1500 3001 auditor,
1544 2946 1669 2990 orat.
1692 2942 1742 3001 4,
1769 2939 1852 2989 15.
1920 2939 1981 2985 cl.
2020 2938 2086 2984 ib.
2130 2935 2214 2994 34,

1277 3007 1392 3059 119.
1436 3035 1504 3046 --
1538 3007 1598 3056 Ei
1642 3009 1834 3070 primae
1874 3005 1981 3054 sine
2022 3012 2216 3052 contro-

1272 3079 1439 3128 versia
1491 3075 1873 3125 deferebantur:
1914 3074 1976 3120 ab
2022 3073 2217 3120 Aristo-

1274 3145 1444 3209 phane
1470 3143 1685 3208 fulgere,
1696 3151 1889 3204 tonare,
1911 3142 2215 3206 permiscere

1278 3213 1541 3263 Graeciam
1564 3211 1747 3270 dictus»,
1802 3217 1926 3258 orat.
1962 3209 2012 3270 9,
2039 3208 2124 3262 29.
2151 3235 2215 3243 --

1274 3283 1331 3330 In
1360 3281 1472 3329 eius
1512 3280 1660 3328 labiis
1698 3285 1895 3328 veteres
1926 3279 2105 3328 comici
2143 3277 2211 3324 le-

1278 3363 1455 3414 porem
1498 3347 1755 3397 habitasse
1803 3348 2041 3396 dixerunt
2094 3355 2210 3394 etc..

1282 3419 1346 3467 de
1378 3424 1505 3469 orat.
1528 3415 1586 3477 3,
1619 3415 1717 3480 34,
1752 3415 1866 3466 138.
1906 3442 1976 3453 ——-
2012 3411 2209 3463 Πειθω
