2500 3850
239 159 361 220 392

303 327 391 391 46,
429 328 546 381 172.
577 353 643 364 ——
669 323 850 374 Contra
878 340 992 376 eum
1018 324 1240 374 scribere

305 412 431 446 ausa
461 404 536 446 est
572 396 861 452 Leontium,
900 392 1238 453 meretricula,

299 466 540 528 Epicuria
559 501 574 526 ,
615 466 678 515 de
699 477 748 510 n.
782 463 830 510 d.
865 462 912 524 1,
934 463 1032 524 33,
1054 460 1140 512 93.
1171 487 1241 496 -

302 534 682 596 Theophrastus
716 531 936 579 moriens
970 544 1239 580 accusasse

303 609 537 650 naturam
568 603 754 652 dicitur
783 607 899 658 etc„
937 598 1144 650 Tuscul.
1185 598 1238 657 3,

301 671 386 736 28,
409 671 494 724 69.
515 697 584 705 —
602 670 846 718 Rhetores
877 668 939 716 ab
967 667 1240 717 Aristotele

302 749 350 789 et
369 739 724 806 Theophrasto
745 735 978 800 profecti,
999 736 1062 783 de
1078 735 1164 785 fin.
1188 735 1236 797 l,

298 807 396 867 35,
421 808 506 857 61.
544 833 615 844 ——
652 806 820 856 Genus
851 805 1239 870 argumentandi

296 891 391 941 per
427 876 860 926 ratiocinationem
892 889 1087 922 summe
1135 873 1237 922 fre-

299 947 583 1008 quentavit,
625 945 697 993 lb.
736 944 806 992 ib.
837 967 908 977 —
941 941 1239 1004 Theophra-

301 1021 409 1062 stus
431 1022 477 1062 et
499 1011 801 1062 Aristoteles
821 1026 933 1059 cum
956 1011 1237 1058 Academia

298 1090 466 1130 vetere
517 1097 572 1130 re
619 1086 952 1143 congruentes
973 1112 988 1139 ,
1047 1093 1234 1142 genere

301 1149 516 1198 docendi
547 1148 778 1212 paullum
799 1146 1091 1195 differentes
1113 1182 1126 1205 ,
1169 1147 1233 1196 de

299 1219 402 1282 leg.
436 1219 486 1277 2,
509 1217 592 1276 13,
627 1217 715 1268 38.
757 1243 827 1252 —-
853 1214 1234 1279 Theophrastus

299 1302 398 1335 non
429 1286 752 1336 mediocriter
795 1285 1039 1344 delectat,
1079 1299 1235 1346 quum

297 1363 476 1404 tractat
519 1354 657 1406 locos
707 1353 769 1402 ab
811 1353 1080 1402 Aristotele
1121 1361 1234 1401 ante

301 1432 570 1483 tractatos,
628 1425 690 1473 de
725 1423 811 1474 fin.
857 1423 916 1484 1,
959 1425 1026 1479 2,
1067 1421 1114 1471 6.
1170 1449 1234 1456 -—

299 1493 684 1557 Theophrastus
703 1491 856 1554 fregit
883 1490 1101 1552 quodam
1130 1505 1235 1539 mo-

301 1563 364 1610 do
395 1562 736 1610 auctoritatem
777 1560 965 1608 veteris
1012 1559 1241 1623 discipli-

299 1629 787 1692 naePeripateticae.
829 1627 1082 1692 Spoliavit
1104 1629 1238 1676 enim

301 1699 536 1746 virtutem
566 1711 657 1745 suo
693 1697 873 1745 decore
907 1696 1238 1744 imbecillam-

301 1781 396 1826 que
431 1765 680 1823 reddidit,
725 1766 862 1828 quod
880 1766 1084 1829 negavit
1105 1766 1155 1812 in
1177 1780 1238 1813 ea

301 1833 408 1882 sola
455 1834 677 1897 positum
715 1848 828 1882 esse
857 1834 1002 1883 beate
1044 1834 1235 1891 vivere,

302 1902 461 1955 Acad.
483 1911 614 1968 post.
639 1903 664 1953 l
685 1940 699 1964 ,
719 1901 752 1953 9
767 1939 780 1961 ,
800 1900 886 1954 33.
912 1931 976 1939 -—
1001 1901 1124 1951 Eius
1145 1917 1235 1951 au-

300 1974 431 2021 ditor
474 1970 640 2021 Strato
663 2008 676 2028 ,
728 1974 801 2021 Ib.
837 1972 894 2031 1,
931 1970 999 2031 9,
1037 1971 1123 2023 34.
1169 1998 1234 2006 -

297 2041 492 2090 Nervos
517 2042 714 2091 virtutis
741 2040 945 2103 incidit,
981 2041 1056 2088 Ib.
1083 2040 1129 2099 1,
1151 2039 1233 2098 10,

298 2109 383 2161 35.
415 2138 483 2148 -
506 2109 888 2172 Theophrastus
917 2107 1155 2169 eloquens
1187 2114 1235 2155 et

299 2179 351 2225 in
373 2178 589 2226 dicendo
619 2178 793 2225 suavis
827 2185 976 2237 atquc
1007 2182 1229 2241 ornatus,

300 2246 361 2294 de
383 2253 504 2293 orat.
531 2245 578 2303 1,
594 2244 676 2301 11,
697 2245 783 2296 49.
806 2269 874 2279 —-
893 2242 1049 2293 Nemo
1069 2243 1235 2293 Theo-

296 2312 505 2379 phrasto
532 2312 743 2372 dulcior,
759 2312 895 2363 Brut.
919 2310 1004 2375 31,
1028 2313 1144 2365 121.
1168 2338 1235 2348 -

296 2383 678 2448 Theophrastus
699 2383 922 2443 itemque
935 2380 1233 2431 Aristoteles

298 2468 410 2501 cum
456 2451 785 2517 philosophia
833 2451 1032 2501 dicendi
1081 2452 1232 2499 etiam

294 2532 566 2587 praecepta
587 2523 971 2582 coniunxerunt,
987 2520 1050 2570 de
1067 2520 1231 2571 divin.

297 2592 346 2649 2,
373 2591 418 2650 1,
439 2594 489 2643 4.
513 2618 581 2627 —
599 2589 976 2653 Theophrastus
1002 2596 1231 2651 quartum

295 2667 523 2708 numerat
557 2660 606 2705 in
629 2658 867 2707 orationis
887 2657 1124 2705 laudibus
1151 2671 1230 2705 or-

297 2734 465 2774 natum
510 2725 655 2782 illud,
692 2738 851 2773 suave
890 2730 938 2771 et
979 2723 1225 2779 adfluens,

298 2800 419 2844 orat.
461 2794 552 2849 24,
592 2791 675 2839 79.
731 2817 797 2825 —
845 2788 1226 2853 Theophrastus

297 2860 710 2917 Theodectesque
739 2858 802 2905 de
835 2872 1025 2919 paeane
1051 2861 1226 2910 eadem

296 2929 469 2978 dicunt
499 2934 649 2987 atque
680 2924 975 2976 Aristoteles
995 2963 1008 2986 ‚
1047 2928 1117 2977 lb.
1139 2929 1224 2993 57,

297 2996 414 3048 194,
441 3022 500 3032 -
524 2993 648 3041 Eius
670 2994 898 3043 doctrina
929 2996 990 3045 de
1019 3011 1225 3047 numero

296 3064 542 3123 oratorio,
580 3063 654 3111 Ib.
686 3062 774 3125 51,
819 3063 932 3115 172.
965 3091 1031 3099 -
1065 3066 1228 3115 Theo-

293 3131 490 3195 phrasti
526 3132 770 3182 iudicium
807 3133 867 3182 de
889 3148 1112 3197 paeane,
1148 3136 1222 3184 Ib.

292 3201 377 3263 (34,
408 3200 524 3252 218.
550 3227 617 3237 --
639 3202 889 3251 Iudicium
912 3202 974 3251 de
997 3218 1223 3268 numere,

293 3269 364 3316 Ib.
388 3269 472 3327 68,
495 3270 614 3321 228.
640 3296 709 3307 ·—
730 3269 1110 3335 Theophrastus
1129 3288 1224 3336 pu-

291 3343 362 3384 tat
374 3341 650 3387 orationem
664 3338 872 3401 politam
888 3353 986 3387 non
1001 3342 1220 3403 astricte,

291 3404 383 3451 sed
435 3409 695 3455 remissius
742 3420 1062 3456 numerosam
1109 3423 1222 3456 esse

987 168 1553 217 THEOPHRASTUS.

1381 332 1640 388 oportere,
1679 325 1743 373 de
1762 331 1886 373 orat.
1908 323 1962 386 3,
1982 324 2071 386 48,
2098 325 2219 376 184.

1382 392 1514 450 Quid
1552 393 1616 442 de
1666 393 1985 458 dithyrambo
2030 395 2333 458 tradiderit,

1378 462 1453 513 lb.
1498 461 1564 527 3,
1610 461 1714 521 48,
1754 461 1871 512 185.
1908 489 1980 500 —-
2010 462 2123 520 Quo
2172 463 2331 512 modo

1378 529 1733 594 Theophrasto
1768 531 1972 596 piacet,
2031 532 2335 580 verecunda

1378 599 1445 647 sit
1463 599 1724 648 translatio
1742 637 1755 662 ,
1789 600 1996 648 adram.
2020 598 2087 650 16
2106 636 2119 659 ,
2164 601 2249 662 17,
2278 601 2328 649 1.

1381 693 1449 704 -
1504 667 1578 715 De
1620 669 1836 716 Zenonis
1886 675 1935 716 et
1977 667 2333 731 Theophrasti

1380 737 1630 786 sententia
1652 737 1715 784 de
1736 737 1938 798 virtute,
1979 736 2147 784 Acad.
2170 753 2251 800 pr.
2277 737 2329 796 2,

1376 803 1466 866 43,
1512 803 1627 854 134.
1668 831 1733 840 -
1778 803 2166 868 Theophrastus
2212 819 2331 854 cum

1376 872 1603 932 fortuna,
1656 888 1768 921 cum
1806 873 2007 932 dolore,
2049 889 2169 922 cum
2211 889 2328 922 cru-

1377 942 1513 991 ciatu
1524 942 1764 1007 coniungi
1786 943 1984 991 beatam
1998 944 2159 991 vitam
2186 941 2329 990 nullo

1377 1012 1528 1060 modo
1548 1025 1702 1075 posse
1719 1012 1935 1077 putavit,
1958 1011 2019 1059 de
2048 1009 2140 1062 fin.
2164 1010 2220 1068 5,
2240 1011 2330 1070 26,

1376 1081 1460 1130 77.
1484 1106 1549 1114 —
1572 1080 1645 1128 De
1665 1081 2025 1140 controversia,
2057 1094 2193 1140 quae
2220 1087 2328 1127 erat

1375 1146 1684 1196 Dicaearcho
1713 1164 1823 1196 cum
1843 1147 2233 1224 Theophrastb,
2272 1157 2325 1194 ut

1376 1215 1459 1265 ille
1498 1208 1601 1263 τὸν
1634 1207 1949 1280 πρακτικὸν
1990 1213 2127 1280 βίον
2170 1216 2323 1280 longe

1378 1285 1611 1335 omnibus
1646 1293 2001 1361 anteponeiet,
2030 1284 2117 1333 hic
2152 1292 2322 1333 autem-

1375 1345 1479 1402 τὸν
1501 1351 1573 1400 &s
1554 1345 1887 1416 smonvtuo'v,
1926 1322 2001 1402 ad,
2016 1355 2121 1400 Att.
2148 1353 2319 1413 2,16,

1376 1420 1517 1471 3.-
1545 1421 1926 1486 Theophrastus
1948 1422 2108 1469 multa
2130 1421 2195 1469 de
2216 1434 2318 1469 ma-

1379 1491 1676 1554 gistratibus
1696 1490 1944 1552 quaesivit
1962 1490 2239 1550 subtiliter,
2258 1491 2319 1538 de

1382 1560 1482 1624 leg.
1505 1558 1555 1616 3,
1570 1560 1622 1622 5,
1647 1559 2097 1609 14.—1nstitutus
2117 1558 2181 1606 ab
2204 1560 2317 1606 Ari-

1380 1627 1561 1676 stotele
1590 1626 1835 1677 habitavit
1855 1627 1907 1675 in
1936 1643 1996 1676 eo
2019 1642 2210 1692 genere
2239 1642 2316 1675 re-

1378 1710 1489 1745 rum
1528 1696 1783 1753 civilium,
1824 1697 1897 1745 Ib.
1935 1694 1997 1754 3,
2022 1697 2083 1754 6,
2126 1695 2212 1747 14.
2250 1722 2316 1730 -

1378 1765 1567 1813 Locum
1598 1765 1661 1813 de
1679 1780 1731 1813 re
1752 1764 1891 1828 publ.
1916 1765 2151 1813 tractavit
2168 1765 2315 1812 uber-

1378 1834 1524 1896 rime,
1548 1832 1611 1882 de
1631 1835 1788 1886 divin.
1808 1835 1857 1892 2,
1886 1832 1911 1880 1
1932 1869 1946 1895 ,
1973 1834 2023 1884 3.
2048 1861 2121 1869 —
2152 1832 2310 1881 Theo-

1375 1901 1613 1967 phrastus
1633 1917 1789 1965 quum
1808 1903 2070 1953 statuisset
2088 1902 2311 1962 verbera,

1373 1978 1640 2030 tormenta,
1667 1973 1933 2030 cruciatuS‚
1953 1973 2154 2036 patriae
2172 1986 2313 2020 ever-

1375 2041 1545 2089 siones
1581 2041 1783 2099 exsilia,
1809 2040 2049 2089 orbitates
2076 2054 2311 2104 magnam

1374 2110 1474 2158 vim
1492 2078 1678 2159 hahere
1696 2109 1761 2158 ad
1782 2108 1913 2158 male
1935 2110 2219 2170 misereque
2242 2110 2311 2157 vi-

1375 2178 1624 2238 vendum,
1667 2194 1767 2228 uon
1796 2186 1871 2226 est
1897 2192 2052 2227 ausus
2095 2177 2229 2225 elate
2264 2186 2311 2225 et

1376 2246 1545 2310 ample
1566 2246 1705 2308 loqui
1720 2284 1733 2305 ,
1770 2262 1922 2308 quum
1942 2246 2203 2295 humiliter
2226 2246 2311 2295 de·

1374 2315 1628 2376 misseque
1648 2316 1883 2376 sentiret,
1920 2315 2129 2364 Tuscul.
2161 2316 2225 2375 5,
2260 2314 2309 2373 9,

1373 2384 1459 2433 24.
1496 2413 1564 2423 --
1597 2383 1721 2433 Eius
1751 2383 1878 2432 liber
1904 2384 1965 2433 de
2000 2387 2101 2433 vita
2140 2384 2308 2447 beata,

1372 2453 1442 2501 Ib.
1493 2478 1562 2487 —
1602 2450 1714 2501 Non
1750 2459 1886 2501 recte
1922 2452 2308 2517 Theophrastus

1371 2521 1422 2569 in
1458 2518 1767 2569 Callisthene
1790 2535 1882 2569 suo
1912 2520 2139 2571 laudavit
2170 2520 2313 2569 illam

1371 2590 1697 2638 sententiam:
1723 2590 1914 2639 ‘Vitam
1933 2591 2066 2653 regit
2086 2590 2308 2649 fortuna,

1368 2674 1468 2708 non
1489 2658 1736 2722 sapientia
1751 2662 1788 2706 ⁹.
1824 2659 1897 2711 Ib.
1934 2656 1987 2716 5,
2026 2658 2076 2719 9,
2117 2658 2206 2709 25.
2243 2685 2309 2693 -

1368 2727 1490 2775 Eius
1510 2726 1572 2774 de
1593 2727 1738 2775 beata
1758 2728 1861 2775 vita
1879 2726 2025 2789 liber,
2067 2727 2133 2775 de
2150 2726 2235 2773 fin.
2259 2727 2307 2785 5,

1368 2796 1420 2858 5,
1448 2795 1529 2846 12.
1601 2794 1666 2844 cl.
1690 2796 1760 2849 ib.
1782 2795 1834 2857 5,
1866 2794 1951 2855 28,
1989 2794 2073 2845 85.
2137 2794 2213 2844 Ib.
2254 2795 2305 2854 5,

1368 2863 1464 2924 29,
1513 2862 1596 2914 86.
1655 2890 1722 2901 —-
1776 2862 2112 2928 Theophrasti
2159 2861 2306 2923 liber,

1370 2946 1517 2993 quem
1541 2932 1605 2981 de
1630 2932 1821 2981 divitiis
1854 2933 2086 2997 scripsit,
2128 2932 2192 2982 de
2220 2932 2305 2981 off.

1369 2999 1561 3060 2,16‚
1615 3000 1701 3052 56.
1743 3029 1816 3038 -
1858 3000 1932 3050 De
1967 3000 2312 3064 Theophrasti

1340 3069 1553 3119 studiis
1574 3070 1796 3119 omnium
1826 3084 1991 3118 terum
2019 3070 2307 3133 diligentis-

1368 3139 1545 3197 simis,
1586 3139 1649 3187 de
1674 3139 1758 3188 ssn.
1791 3139 1849 3193 5,
1891 3137 2053 3201 4,10
2083 3153 2199 3221 sqq.
2240 3166 2304 3174 —

1366 3206 1489 3257 Eius
1523 3206 1640 3256 libri
1675 3174 1993 3269 ἐξωτερικοὶ
2019 3214 2068 3256 et
2096 3200 2305 3267 ἀκροα-

1364 3273 1625 3352 ματικοί,
1662 3276 1737 3324 11).
1760 3276 1810 3335 5,
1840 3275 1892 3339 5,
1929 3277 2008 3326 12.
2058 3302 2126 3312 -
2166 3273 2309 3325 Θεο-

1365 3334 1619 3404 ‹pociorem›
1644 3338 1772 3404 περὶ
1792 3341 2115 3406 φιλοτιμίας
2136 3345 2304 3395 adfer-

1363 3411 1407 3456 ri
1434 3410 1534 3457 sibi
1559 3410 1663 3459 vult
1683 3411 1856 3461 Cicero
1878 3412 1941 3461 de
1959 3412 2102 3461 libris
2124 3412 2185 3471 Q.
2204 3413 2281 3462 fra
