2500 3850
211 161 292 222 94
743 171 1242 222 conrmmnun
1268 191 1353 205 -
1388 170 1760 220 connum.

213 325 602 379 Contumeliae
646 335 694 378 et
739 329 1091 395 Impudentiae
1139 327 1216 377 fa-

277 412 399 446 num
420 395 663 461 Athenis,
686 397 750 446 de
766 397 866 464 leg.
891 398 942 462 2,
965 397 1049 462 11,
1070 394 1156 446 28.

210 482 283 534 Τ.
307 489 357 532 et
383 479 444 531 C.
469 480 738 547 Coponii,
760 483 1109 534 adolescentes
1136 498 1214 532 re-

275 551 520 600 ctissimis
537 553 721 602 studiis
735 559 888 616 atque
907 552 1115 617 optimis
1131 565 1213 601 ar-

275 621 414 672 tibus
432 621 679 684 praediti,
707 636 801 686 pro
823 620 959 672 Cael.
996 621 1088 686 10,
1122 621 1209 672 24.

275 704 368 757 pro
389 688 546 740 Balbo
566 690 652 751 23,
673 688 760 741 53.

210 772 271 823 G.
302 770 584 838 Coponius
613 781 820 838 praetor
847 789 894 828 a.
921 789 973 822 ιι.
996 789 1039 823 c.
1070 773 1214 839 705.,

275 843 613 907 Pompeianus
630 878 646 906 ,
677 843 821 908 ad8,
845 842 928 893 12.
953 843 1014 893 A.
1030 878 1046 904 ‚
1070 844 1122 893 4.
1143 868 1214 880 -·

278 911 332 964 C.
385 911 644 976 Coponius
696 913 950 978 praetorio
996 913 1213 977 imperio

274 979 577 1044 Dyrrhachii
610 981 764 1031 classi
801 980 1034 1032 Rhodiae
1066 995 1214 1046 prae-

277 1055 409 1112 erat,
442 1049 506 1098 de
533 1049 689 1100 divin.
725 1050 782 1112 1,
815 1050 909 1110 32,
935 1049 1024 1102 68.
1064 1051 1138 1104 Ib.
1159 1052 1211 1115 2,

275 1117 362 1181 55,
384 1117 506 1169 114.

205 1183 284 1235 M.
317 1183 618 1250 Coponius.
657 1186 780 1236 Eius
804 1201 959 1238 causa
988 1187 1213 1238 celebra-

274 1256 506 1316 tissima,
544 1256 607 1306 de
627 1261 754 1307 orat.
781 1256 838 1318 1,
872 1255 967 1317 39,
1002 1256 1120 1308 180.
1143 1284 1210 1294 -

277 1323 536 1390 Coponius
573 1326 626 1374 in
663 1339 817 1375 causa
853 1324 1100 1391 Curiana,
1146 1326 1211 1376 de

278 1402 402 1444 orat.
436 1395 502 1456 2,
540 1394 625 1454 32,
663 1393 780 1445 140.
822 1420 889 1432 --
926 1395 1026 1445 Pro
1062 1410 1121 1445 eo
1158 1397 1212 1443 iu

277 1477 431 1514 causa
459 1463 679 1514 Curiana
707 1463 837 1514 dixit
866 1464 926 1525 Q.
949 1462 1210 1529 Scaevola,

274 1531 416 1581 Brut.
439 1533 525 1592 52,
550 1531 669 1584 194.

207 1599 278 1651 Τ.
320 1596 602 1666 Coponius
643 1600 855 1666 Tiburs,
903 1617 1030 1652 avus
1061 1604 1122 1653 T.
1163 1609 1213 1652 et

277 1669 331 1719 C.
350 1667 706 1732 Coponiorum,
727 1683 820 1734 pro
839 1670 995 1722 Balbo
1017 1669 1104 1736 23,
1125 1669 1210 1725 53.

211 1750 395 1803 Corax
429 1759 478 1801 et
510 1751 708 1813 Tisias,
745 1751 1053 1817 Syracusani
1089 1757 1214 1806 artis

275 1820 555 1871 rhetoricae
573 1821 860 1872 inventores
875 1829 923 1871 et
935 1824 1210 1890 principes,
1241 1871 1250 1880 ,

277 1890 340 1940 de
359 1896 484 1940 orat.
523 1889 580 1955 1,
603 1888 700 1954 20,
720 1891 804 1944 91.
840 1889 982 1943 Brut.
1008 1892 1100 1958 12,
1121 1893 1207 1949 46.

275 1960 343 2011 cl.
365 1960 428 2009 de
451 1967 576 2013 orat.
597 1958 648 2021 3,
669 1928 754 2024 21,
776 1960 862 2011 81.

211 2044 461 2113 Corcyra
473 2045 644 2096 insula
653 2045 860 2109 Graeca,
866 2044 1021 2097 home
1034 2047 1210 2111 Uorfic,

273 2114 568 2177 adAtt.,5
605 2113 1104 2179 9,1.1.‚h72,3
1145 2116 1212 2167 ad

273 2182 394 2235 fam.
419 2181 501 2248 16,
525 2185 575 2235 7.
610 2181 755 2248 Ib.9,
779 2184 829 2239 1.
856 2193 953 2235 cet.

209 2265 540 2335 Corcyraei,
574 2268 771 2318 incolae
800 2269 998 2319 insulae
1028 2270 1211 2337 Corcy-

273 2353 388 2402 rae,
413 2337 478 2386 ad
497 2336 619 2389 fam.
644 2336 725 2395 16,
743 2336 796 2401 9,
822 2338 870 2388 1.
1019 2384 1034 2398 ,

209 2404 491 2471 Corduba,
507 2406 658 2457 urbs
645 2421 698 2455 m
713 2406 960 2473 Hispania
974 2409 1212 2461 ulteriore

273 2494 318 2530 s.
340 2476 572 2542 Baetica,
593 2491 688 2542 pro
707 2476 896 2529 Archia
919 2478 1002 2539 10,
1023 2478 1110 2531 26.
1145 2479 1212 2528 ad

272 2546 395 2599 fam.
416 2544 500 2608 10,
520 2544 606 2611 31,
625 2546 679 2599 5.

203 2630 266 2683 Is.
293 2629 597 2695 Cor-fidius,
623 2646 776 2694 eques
794 2632 1071 2695 Romanus,
1093 2646 1212 2698 per-

270 2701 590 2750 necessarius
624 2700 971 2765 Ligariorum,
1007 2716 1100 2765 pro
1126 2701 1212 2750 Li-

275 2769 420 2834 gario
445 2767 528 2831 11,
548 2766 633 2818 33.
672 2767 821 2818 Falso
841 2784 873 2818 a
893 2768 1131 2819 Cicerone
1159 2770 1209 2817 in

276 2838 504 2886 oratione
553 2836 829 2900 Ligan‘ana
877 2837 1106 2902 positus,
1145 2839 1213 2890 ad

273 2906 380 2954 At't.
406 2902 490 2965 13,
509 2905 596 2966 44,
617 2903 670 2956 3.
883 2930 888 2937 ·

207 2987 524 3043 corfinium
541 2990 875 3055 municipium
897 2991 949 3039 in
967 2990 1211 3057 Pelignis,

275 3075 431 3123 quum
452 3059 585 3109 bello
603 3058 774 3109 Italico
796 3067 902 3110 tum
923 3060 1063 3110 civili
1089 3061 1212 3112 Cae—

276 3131 406 3179 saris
427 3129 779 3192 nobilitatum,
801 3130 868 3179 ad
888 3129 991 3182 Aa.
1011 3129 1062 3195 8,
1085 3130 1134 3195 3,
1157 3131 1209 3184 7.

275 3199 351 3250 Ib.
372 3198 423 3260 9,
447 3199 496 3247 7.
521 3198 576 3252 C.
599 3200 648 3263 ς.
674 3200 722 3250 1.
743 3166 1070 3265 Exspectatio
1093 3199 1212 3249 Cor-

276 3267 533 3331 finiensiS,
557 3269 630 3319 Ib.
651 3267 703 3330 8,
723 3268 772 3331 5,
795 3268 850 3319 2.

212 3351 397 3405 Coria.
438 3353 718 3403 Minervam
739 3361 968 3416 quartam
987 3353 1212 3403 Arcades

280 3420 477 3472 Coi-'iarn
497 3422 758 3479 nominant
782 3430 830 3474 ct
850 3424 1209 3489 quadrigarum

1358 325 1688 445 izventricem
1728 325 1925 389 ferunt,
1961 326 2027 376 de
2064 340 2116 374 n.
2155 327 2207 376 d.
2242 325 2297 391 3,

1354 396 1387 446 2
1427 430 1442 455 ,
1466 393 1551 444 59.

1288 459 1582 514 Corinthia
1611 477 1790 528 opera,
1826 463 2005 528 parad.
2034 463 2091 522 1,
2120 463 2183 526 3,
2209 462 2297 516 13.

1352 532 1428 584 11).
1451 531 1513 591 5,
1536 532 1599 592 2,
1621 531 1709 584 36.
1739 539 1838 586 cet.
1861 557 1929 568 —
1952 531 2213 581 Corinthia
2248 541 2300 580 et

1352 599 1559 720 ”3¹³⁸oe
1577 615 1725 665 vasa,
1755 614 1848 665 pro
1878 599 1997 650 Sex.
2020 600 2174 653 Rosc.
2204 601 2299 664 46,

1288 735 1571 788 Corinthii
1594 739 1706 804 agri
1729 738 1889 802 opimi
1908 744 1959 788 et
1977 736 2200 800 fertiles,
2232 739 2299 788 de

1357 806 1473 888 lege
1491 808 1675 872 agr.2,
1698 805 1784 869 19,
1804 806 1893 858 51.

1289 873 1589 927 Corinthii.
1630 874 1819 926 Eorum
1849 872 2107 924 πολιτεία
2142 890 2173 924 a
2209 873 2300 926 Di-

1356 944 1599 995 caearcho
1622 944 1903 1010 descripta,
1925 943 1993 994 ad
2010 945 2118 994 Aa.
2146 947 2211 1003 2,
2243 946 2298 1005 2,

1354 1015 1407 1067 2.
1438 1040 1501 1051 —-
1522 1011 1766 1065 Corinthii
1786 1014 2007 1078 publicis
2034 1014 2182 1076 equis
2208 1013 2298 1062 ad-

1354 1083 1619 1148 signandis
1634 1090 1682 1132 et
1694 1083 1892 1133 alendis
1906 1083 2145 1132 orborum
2160 1083 2299 1132 etvi-

1355 1151 1569 1202 duarum
1587 1152 1787 1202 tributis
1814 1152 2016 1202 fuerunt
2036 1151 2297 1214 quondam

1354 1220 1638 1286 diligentes,
1662 1221 1727 1271 de
1746 1237 1783 1269 r.
1804 1235 1859 1285 p.
1881 1222 1943 1285 2,
1964 1219 2062 1284 20,
2080 1218 2172 1272 36.
2198 1219 2298 1269 Co-

1350 1290 1526 1339 rinthii
1544 1296 1771 1339 oratores
1790 1289 1937 1353 nulli,
1951 1289 2091 1338 Brut.
2108 1288 2194 1352 13,
2208 1287 2298 1344 50.

1351 1384 1422 1396 -
1454 1357 1807 1408 Deliberabant
1851 1357 2099 1422 rhetores,
2126 1365 2297 1406 utrum

1354 1427 1631 1480 Corinthiis
1642 1427 1830 1476 bellum
1842 1427 2166 1484 indiceretur,
2180 1440 2298 1476 nec-

1350 1512 1446 1558 ne,
1468 1497 1533 1546 de
1548 1497 1651 1550 inv.
1677 1495 1734 1561 1,
1762 1497 1853 1561 12,
1877 1495 1963 1550 17.
1990 1522 2060 1532 -
2076 1495 2227 1546 Vidit
2244 1497 2298 1546 in

1351 1565 1701 1630 Peloponneso
1760 1565 1934 1616 Cicero
1992 1564 2299 1614 adolescens

1353 1635 1602 1697 quosdam
1644 1631 1957 1696 Corinthios,
1994 1633 2203 1685 Tuscul.
2245 1633 2297 1698 3,

1352 1704 1440 1763 22,
1478 1703 1564 1756 53.
1602 1727 1673 1739 —
1708 1701 1982 1753 Corinthiis
2016 1701 2145 1752 nihil
2174 1717 2298 1752 eru-

1352 1772 1462 1822 dita
1490 1771 1745 1822 calliditas
1777 1771 2019 1836 praesidii
2049 1770 2194 1836 tulit,
2230 1772 2298 1820 ad

1350 1840 1465 1893 Her.
1483 1843 1534 1904 4,
1554 1842 1639 1905 27,
1660 1839 1746 1891 37.

1286 1905 1644 1961 Corinthium
1661 1923 1750 1960 aes
1781 1909 1831 1957 in
1850 1909 2149 1974 aeruginem
2164 1907 2296 1959 inci-

1353 1981 1429 2029 dit
1444 1980 1667 2039 tardius,
1694 1978 1898 2033 Tuscul.
1917 1979 1968 2042 4,
1990 1978 2071 2040 14,
2096 1978 2184 2031 32.

1287 2046 1613 2099 Corinthius
1664 2062 1788 2113 ager
1834 2048 2054 2112 optimus
2092 2056 2145 2096 et
2186 2046 2297 2097 sru-

1354 2118 1706 2168 ctuosissimus
1724 2116 1785 2171 L.
1812 2115 2043 2167 Mummii
2073 2117 2299 2182 imperio

1354 2201 1414 2236 ac
1445 2185 1687 2237 felicitate
1714 2186 1781 2237 ad
1810 2184 2080 2250 vectigalia
2110 2185 2298 2250 populi

1350 2256 1500 2305 Rom.
1522 2256 1789 2304 adiunctus
1818 2261 1925 2314 est,
1954 2254 2018 2303 de
2041 2254 2159 2320 lege
2178 2268 2295 2319 agr.

1355 2323 1405 2383 1,
1422 2324 1474 2384 2,
1494 2323 1547 2375 5.
1587 2324 1665 2377 Ib.
1685 2324 1737 2383 2,
1759 2321 1842 2386 19,
1864 2321 1949 2372 51.

1287 2390 1619 2455 Corinthus,
1655 2391 1775 2441 urbs
1807 2390 2031 2441 Achaiae
2065 2389 2135 2440 ad
2165 2390 2300 2439 Isth-

1352 2476 1516 2524 mum,
1539 2460 1704 2510 deleta
1730 2474 1762 2507 a
1778 2459 2050 2519 Romania,
2084 2459 2149 2508 de
2170 2474 2216 2507 r.
2239 2474 2295 2523 p.

1352 2531 1418 2595 2,
1444 2532 1509 2594 4,
1540 2529 1773 2591 7.1b.§.
1800 2526 1963 2582 8.1b.
1985 2529 2049 2590 4,
2080 2526 2180 2592 53,
2204 2529 2297 2580 66.

1353 2599 1417 2649 de
1431 2613 1481 2647 n.
1497 2600 1547 2647 d.
1564 2596 1615 2661 3,
1628 2596 1713 2660 38,
1726 2596 1789 2647 91
1800 2634 1813 2651 .
1829 2597 1893 2646 ad
1906 2598 2021 2647 Her.
2038 2597 2089 2661 4,
2105 2597 2194 2661 27,
2206 2595 2295 2656 37,

1353 2667 1420 2718 ad
1434 2667 1556 2717 fam.
1570 2667 1620 2730 4,
1637 2665 1689 2729 5,
1705 2667 1757 2715 4.
1778 2668 1841 2717 de
1860 2667 1985 2731 imp.
2004 2664 2093 2714 Cn.
2106 2667 2291 2731 Pomp.

1351 2736 1415 2800 5,
1454 2736 1535 2785 11.
1572 2735 1715 2783 Verr.
1740 2742 1961 2787 accusat.
1986 2734 2013 2785 1
2032 2769 2047 2798 ‚
2072 2734 2138 2784 21
2154 2770 2171 2794 ,
2202 2734 2295 2785 55.

1352 2805 1417 2853 de
1434 2804 1549 2868 lege
1565 2817 1675 2869 agr.
1698 2803 1758 2868 2,
1785 2804 1882 2866 32,
1914 2802 2001 2854 87.
2032 2802 2099 2852 de
2126 2802 2214 2852 off.
2242 2803 2294 2865 1,

1348 2873 1435 2935 ·11,
1459 2872 1543 2925 35.
1586 2873 1661 2926 lb.
1685 2870 1736 2935 3,
1760 2873 1842 2931 11,
1861 2870 1950 2923 46.

1286 2938 1638 2991 Coriolanus.
1674 2940 1741 2991 V.
1763 2938 1864 2990 Cn.
1898 2936 2147 2990 Marcius
2180 2938 2296 2989 Co-

1351 3007 1623 3059 riolanus.

1289 3076 1550 3131 Cornelia
1570 3092 1693 3143 gens
1708 3114 1724 3143 ,
1747 3078 1809 3128 de
1829 3077 1930 3143 leg.
1950 3080 1981 3129 2
1996 3113 2011 3141 ,
2032 3078 2100 3127 22
2116 3113 2131 3137 ,
2152 3075 2223 3127 56
2242 3083 2295 3126 et

1287 3213 1582 3266 Corneliae
1611 3216 1783 3282 leges,
1820 3215 1879 3267 L.
1918 3212 2137 3263 Cornelii
2174 3211 2293 3261 Sul-

1354 3284 1462 3345 lae,
1480 3284 1701 3351 Philipp.
1727 3285 1777 3349 1,
1799 3286 1850 3346 7,
1877 3283 1959 3335 18.

1285 3351 1545 3404 Cornelia
1566 3354 1680 3416 lex,
1710 3352 1913 3414 Sullae,
1944 3364 2044 3415 qua
2069 3349 2293 3401 tribunis

1351 3423 1423 3487 pl.
1452 3422 1666 3474 aliorum
1692 3424 2079 3489 magistratuum
2107 3433 2297 3485 capes-
