<?xml version="1.0" encoding="UTF-8"?>
<!DOCTYPE html PUBLIC "-//W3C//DTD XHTML 1.0 Transitional//EN"
    "http://www.w3.org/TR/xhtml1/DTD/xhtml1-transitional.dtd">
<html xmlns="http://www.w3.org/1999/xhtml" xml:lang="en" lang="en">
 <head>
  <title>
</title>
<meta http-equiv="Content-Type" content="text/html;charset=utf-8" />
  <meta name='ocr-system' content='tesseract 3.04.00' />
  <meta name='ocr-capabilities' content='ocr_page ocr_carea ocr_par ocr_line ocrx_word'/>
</head>
<body>
  <div class='ocr_page' id='page_1' title='image "./scriptaquaemans04mlgoog_0080.png"; bbox 0 0 2500 3850; ppageno 0'>
   <div class='ocr_carea' id='block_1_1' title="bbox 267 179 346 243">
    <p class='ocr_par' dir='ltr' id='par_1_1' title="bbox 267 179 346 243">
     <span class='ocr_line' id='line_1_1' title="bbox 267 179 346 243; baseline -0.038 0"><span class='ocrx_word' id='word_1_1' title='bbox 267 179 346 243; x_wconf 80' lang='lat'><strong>74</strong></span> 
     </span>
    </p>
   </div>
   <div class='ocr_carea' id='block_1_2' title="bbox 253 341 1261 2110">
    <p class='ocr_par' dir='ltr' id='par_1_2' title="bbox 267 341 928 396">
     <span class='ocr_line' id='line_1_2' title="bbox 267 341 928 396; baseline -0.008 0"><span class='ocrx_word' id='word_1_2' title='bbox 267 342 476 396; x_wconf 82' lang='lat' dir='ltr'><strong>catuli.</strong></span> <span class='ocrx_word' id='word_1_3' title='bbox 516 347 578 394; x_wconf 93' lang='lat' dir='ltr'><strong>V.</strong></span> <span class='ocrx_word' id='word_1_4' title='bbox 603 345 652 392; x_wconf 90' lang='lat' dir='ltr'><strong>in</strong></span> <span class='ocrx_word' id='word_1_5' title='bbox 672 341 928 395; x_wconf 79' lang='lat' dir='ltr'><strong>Lutatiis.</strong></span> 
     </span>
    </p>

    <p class='ocr_par' dir='ltr' id='par_1_3' title="bbox 271 411 1261 614">
     <span class='ocr_line' id='line_1_3' title="bbox 271 411 1260 478; baseline -0.002 -14"><span class='ocrx_word' id='word_1_6' title='bbox 271 413 548 464; x_wconf 80' lang='lat' dir='ltr'><strong>Caucasus</strong></span> <span class='ocrx_word' id='word_1_7' title='bbox 564 447 579 476; x_wconf 92' lang='lat'><strong>,</strong></span> <span class='ocrx_word' id='word_1_8' title='bbox 602 427 744 462; x_wconf 88' lang='lat' dir='ltr'><strong>mons</strong></span> <span class='ocrx_word' id='word_1_9' title='bbox 766 414 936 462; x_wconf 87' lang='lat' dir='ltr'><strong>Asiae.</strong></span> <span class='ocrx_word' id='word_1_10' title='bbox 973 411 1097 461; x_wconf 86' lang='lat' dir='ltr'><strong>Eius</strong></span> <span class='ocrx_word' id='word_1_11' title='bbox 1116 414 1260 478; x_wconf 79' lang='lat' dir='ltr'><strong>nives</strong></span> 
     </span>
     <span class='ocr_line' id='line_1_4' title="bbox 335 479 1257 545; baseline 0.002 -16"><span class='ocrx_word' id='word_1_12' title='bbox 335 481 664 544; x_wconf 85' lang='lat' dir='ltr'><strong>hiemalisque</strong></span> <span class='ocrx_word' id='word_1_13' title='bbox 697 481 805 541; x_wconf 83' lang='lat' dir='ltr'><strong>viS,</strong></span> <span class='ocrx_word' id='word_1_14' title='bbox 841 479 1043 534; x_wconf 85' lang='lat' dir='ltr'><strong>Tuscul.</strong></span> <span class='ocrx_word' id='word_1_15' title='bbox 1081 481 1141 545; x_wconf 84' lang='lat'><strong>5,</strong></span> <span class='ocrx_word' id='word_1_16' title='bbox 1173 482 1257 543; x_wconf 93' lang='grc'><strong>27,</strong></span> 
     </span>
     <span class='ocr_line' id='line_1_5' title="bbox 334 548 1261 614; baseline -0.002 -16"><span class='ocrx_word' id='word_1_17' title='bbox 334 551 416 602; x_wconf 88' lang='grc'><strong>77.</strong></span> <span class='ocrx_word' id='word_1_18' title='bbox 457 549 576 598; x_wconf 88' lang='lat' dir='ltr'><strong>Eius</strong></span> <span class='ocrx_word' id='word_1_19' title='bbox 616 549 812 599; x_wconf 88' lang='lat' dir='ltr'><strong>accolae</strong></span> <span class='ocrx_word' id='word_1_20' title='bbox 849 548 1144 614; x_wconf 73' lang='lat' dir='ltr'><strong>Babylonii,</strong></span> <span class='ocrx_word' id='word_1_21' title='bbox 1198 548 1261 597; x_wconf 84' lang='lat' dir='ltr'><strong>de</strong></span> 
     </span>
    </p>

    <p class='ocr_par' dir='ltr' id='par_1_4' title="bbox 266 614 1258 678">
     <span class='ocr_line' id='line_1_6' title="bbox 266 614 1258 678; baseline -0.004 -10"><span class='ocrx_word' id='word_1_22' title='bbox 266 634 269 637; x_wconf 90' lang='lat'>·</span> <span class='ocrx_word' id='word_1_23' title='bbox 332 618 489 668; x_wconf 86' lang='lat' dir='ltr'><strong>divin.</strong></span> <span class='ocrx_word' id='word_1_24' title='bbox 513 618 557 672; x_wconf 88' lang='lat' dir='ltr'><strong>l,</strong></span> <span class='ocrx_word' id='word_1_25' title='bbox 581 616 662 676; x_wconf 83' lang='lat'><strong>19,</strong></span> <span class='ocrx_word' id='word_1_26' title='bbox 685 617 1062 668; x_wconf 84' lang='lat' dir='ltr'><strong>36.-·-Tuscul.</strong></span> <span class='ocrx_word' id='word_1_27' title='bbox 1087 617 1150 678; x_wconf 85' lang='lat'><strong>2,</strong></span> <span class='ocrx_word' id='word_1_28' title='bbox 1174 614 1258 674; x_wconf 90' lang='grc'><strong>10,</strong></span> 
     </span>
    </p>

    <p class='ocr_par' dir='ltr' id='par_1_5' title="bbox 253 683 1260 816">
     <span class='ocr_line' id='line_1_7' title="bbox 253 683 1260 745; baseline -0.006 -6"><span class='ocrx_word' id='word_1_29' title='bbox 253 735 258 739; x_wconf 88' lang='grc'><strong>.</strong></span> <span class='ocrx_word' id='word_1_30' title='bbox 331 687 415 737; x_wconf 87' lang='grc'><strong>23.</strong></span> <span class='ocrx_word' id='word_1_31' title='bbox 457 685 531 736; x_wconf 87' lang='lat' dir='ltr'><strong>Ib.</strong></span> <span class='ocrx_word' id='word_1_32' title='bbox 555 687 605 745; x_wconf 84' lang='lat'><strong>2,</strong></span> <span class='ocrx_word' id='word_1_33' title='bbox 625 686 708 742; x_wconf 84' lang='lat'><strong>22,</strong></span> <span class='ocrx_word' id='word_1_34' title='bbox 731 686 813 735; x_wconf 87' lang='grc'><strong>52.</strong></span> <span class='ocrx_word' id='word_1_35' title='bbox 853 685 924 733; x_wconf 93' lang='lat' dir='ltr'><strong>Ib.</strong></span> <span class='ocrx_word' id='word_1_36' title='bbox 947 687 1006 742; x_wconf 87' lang='grc'><strong>5,</strong></span> <span class='ocrx_word' id='word_1_37' title='bbox 1034 683 1083 745; x_wconf 88' lang='lat'><strong>3,</strong></span> <span class='ocrx_word' id='word_1_38' title='bbox 1103 683 1155 733; x_wconf 88' lang='lat'><strong>8.</strong></span> <span class='ocrx_word' id='word_1_39' title='bbox 1193 684 1260 733; x_wconf 88' lang='lat' dir='ltr'><strong>de</strong></span> 
     </span>
     <span class='ocr_line' id='line_1_8' title="bbox 333 753 733 816; baseline 0.008 -14"><span class='ocrx_word' id='word_1_40' title='bbox 333 771 371 806; x_wconf 84' lang='lat' dir='ltr'><strong>r.</strong></span> <span class='ocrx_word' id='word_1_41' title='bbox 395 769 444 816; x_wconf 90' lang='lat' dir='ltr'><strong>p.</strong></span> <span class='ocrx_word' id='word_1_42' title='bbox 468 755 518 814; x_wconf 85' lang='lat'><strong>6,</strong></span> <span class='ocrx_word' id='word_1_43' title='bbox 547 753 630 814; x_wconf 88' lang='grc'><strong>20,</strong></span> <span class='ocrx_word' id='word_1_44' title='bbox 649 755 733 805; x_wconf 85' lang='grc'><strong>22.</strong></span> 
     </span>
    </p>

    <p class='ocr_par' dir='ltr' id='par_1_6' title="bbox 265 819 1254 886">
     <span class='ocr_line' id='line_1_9' title="bbox 265 819 1254 886; baseline -0.004 -14"><span class='ocrx_word' id='word_1_45' title='bbox 265 819 576 872; x_wconf 85' lang='lat' dir='ltr'><strong>Caudinum</strong></span> <span class='ocrx_word' id='word_1_46' title='bbox 589 821 857 886; x_wconf 82' lang='lat' dir='ltr'><strong>proelium,</strong></span> <span class='ocrx_word' id='word_1_47' title='bbox 869 821 930 870; x_wconf 88' lang='lat' dir='ltr'><strong>de</strong></span> <span class='ocrx_word' id='word_1_48' title='bbox 947 834 1052 873; x_wconf 85' lang='lat' dir='ltr'><strong>sen.</strong></span> <span class='ocrx_word' id='word_1_49' title='bbox 1072 821 1153 884; x_wconf 88' lang='grc'><strong>12,</strong></span> <span class='ocrx_word' id='word_1_50' title='bbox 1169 819 1254 869; x_wconf 87' lang='grc'><strong>41.</strong></span> 
     </span>
    </p>

    <p class='ocr_par' dir='ltr' id='par_1_7' title="bbox 265 887 1253 1086">
     <span class='ocr_line' id='line_1_10' title="bbox 265 887 1253 953; baseline -0.002 -13"><span class='ocrx_word' id='word_1_51' title='bbox 265 889 336 940; x_wconf 57' lang='grc' dir='ltr'><strong>Ο.</strong></span> <span class='ocrx_word' id='word_1_52' title='bbox 363 887 673 953; x_wconf 86' lang='lat' dir='ltr'><strong>Caudinus,</strong></span> <span class='ocrx_word' id='word_1_53' title='bbox 706 891 756 938; x_wconf 90' lang='lat' dir='ltr'><strong>in</strong></span> <span class='ocrx_word' id='word_1_54' title='bbox 784 889 984 938; x_wconf 85' lang='lat' dir='ltr'><strong>iudiciis</strong></span> <span class='ocrx_word' id='word_1_55' title='bbox 1017 889 1253 952; x_wconf 88' lang='lat' dir='ltr'><strong>publicis,</strong></span> 
     </span>
     <span class='ocr_line' id='line_1_11' title="bbox 330 957 1253 1020; baseline -0.003 -13"><span class='ocrx_word' id='word_1_56' title='bbox 330 961 536 1008; x_wconf 83' lang='lat' dir='ltr'><strong>florente</strong></span> <span class='ocrx_word' id='word_1_57' title='bbox 579 973 634 1006; x_wconf 87' lang='lat' dir='ltr'><strong>re</strong></span> <span class='ocrx_word' id='word_1_58' title='bbox 670 957 875 1020; x_wconf 88' lang='lat' dir='ltr'><strong>publica</strong></span> <span class='ocrx_word' id='word_1_59' title='bbox 909 957 1080 1005; x_wconf 85' lang='lat' dir='ltr'><strong>floruit</strong></span> <span class='ocrx_word' id='word_1_60' title='bbox 1098 992 1113 1016; x_wconf 92' lang='lat'><strong>,</strong></span> <span class='ocrx_word' id='word_1_61' title='bbox 1162 970 1253 1019; x_wconf 87' lang='lat' dir='ltr'><strong>pro</strong></span> 
     </span>
     <span class='ocr_line' id='line_1_12' title="bbox 331 1023 768 1086; baseline 0 -10"><span class='ocrx_word' id='word_1_62' title='bbox 331 1025 524 1078; x_wconf 80' lang='lat' dir='ltr'><strong>Cluent.</strong></span> <span class='ocrx_word' id='word_1_63' title='bbox 546 1025 630 1086; x_wconf 87' lang='lat'><strong>38,</strong></span> <span class='ocrx_word' id='word_1_64' title='bbox 653 1023 768 1076; x_wconf 89' lang='grc'><strong>107.</strong></span> 
     </span>
    </p>

    <p class='ocr_par' dir='ltr' id='par_1_8' title="bbox 263 1091 1256 1228">
     <span class='ocr_line' id='line_1_13' title="bbox 263 1091 1256 1156; baseline -0.004 -12"><span class='ocrx_word' id='word_1_65' title='bbox 263 1091 535 1144; x_wconf 84' lang='lat' dir='ltr'><strong>Caudium</strong></span> <span class='ocrx_word' id='word_1_66' title='bbox 564 1095 614 1142; x_wconf 89' lang='lat' dir='ltr'><strong>in</strong></span> <span class='ocrx_word' id='word_1_67' title='bbox 644 1091 867 1142; x_wconf 86' lang='lat' dir='ltr'><strong>Samnio.</strong></span> <span class='ocrx_word' id='word_1_68' title='bbox 901 1092 1029 1142; x_wconf 87' lang='lat' dir='ltr'><strong>Male</strong></span> <span class='ocrx_word' id='word_1_69' title='bbox 1061 1093 1130 1142; x_wconf 86' lang='lat' dir='ltr'><strong>ibi</strong></span> <span class='ocrx_word' id='word_1_70' title='bbox 1159 1107 1256 1156; x_wconf 87' lang='lat' dir='ltr'><strong>pu-</strong></span> 
     </span>
     <span class='ocr_line' id='line_1_14' title="bbox 330 1159 1071 1228; baseline 0 -18"><span class='ocrx_word' id='word_1_71' title='bbox 330 1163 648 1228; x_wconf 66' lang='lat' dir='ltr'><strong>gnatum,‘de</strong></span> <span class='ocrx_word' id='word_1_72' title='bbox 669 1161 752 1212; x_wconf 82' lang='lat' dir='ltr'><strong>off.</strong></span> <span class='ocrx_word' id='word_1_73' title='bbox 776 1161 826 1220; x_wconf 88' lang='lat'><strong>3,</strong></span> <span class='ocrx_word' id='word_1_74' title='bbox 849 1159 933 1222; x_wconf 86' lang='lat'><strong>30,</strong></span> <span class='ocrx_word' id='word_1_75' title='bbox 957 1160 1071 1212; x_wconf 85' lang='lat'><strong>109.</strong></span> 
     </span>
    </p>

    <p class='ocr_par' dir='ltr' id='par_1_9' title="bbox 261 1227 1258 1430">
     <span class='ocr_line' id='line_1_15' title="bbox 261 1227 1257 1295; baseline -0.006 -13"><span class='ocrx_word' id='word_1_76' title='bbox 261 1231 324 1282; x_wconf 73' lang='lat' dir='ltr'><strong>Ia.</strong></span> <span class='ocrx_word' id='word_1_77' title='bbox 350 1227 577 1280; x_wconf 78' lang='lat' dir='ltr'><strong>Caulius</strong></span> <span class='ocrx_word' id='word_1_78' title='bbox 601 1228 832 1295; x_wconf 80' lang='lat' dir='ltr'><strong>Mergus</strong></span> <span class='ocrx_word' id='word_1_79' title='bbox 853 1237 1076 1289; x_wconf 80' lang='lat' dir='ltr'><strong>senator,</strong></span> <span class='ocrx_word' id='word_1_80' title='bbox 1105 1229 1160 1277; x_wconf 89' lang='lat' dir='ltr'><strong>in</strong></span> <span class='ocrx_word' id='word_1_81' title='bbox 1179 1229 1257 1278; x_wconf 84' lang='lat' dir='ltr'><strong>iu-</strong></span> 
     </span>
     <span class='ocr_line' id='line_1_16' title="bbox 329 1296 1258 1366; baseline -0.001 -19"><span class='ocrx_word' id='word_1_82' title='bbox 329 1298 474 1366; x_wconf 86' lang='lat' dir='ltr'><strong>diciis</strong></span> <span class='ocrx_word' id='word_1_83' title='bbox 499 1298 714 1364; x_wconf 87' lang='lat' dir='ltr'><strong>publicis</strong></span> <span class='ocrx_word' id='word_1_84' title='bbox 743 1298 949 1346; x_wconf 83' lang='lat' dir='ltr'><strong>florente</strong></span> <span class='ocrx_word' id='word_1_85' title='bbox 977 1311 1032 1345; x_wconf 89' lang='lat' dir='ltr'><strong>re</strong></span> <span class='ocrx_word' id='word_1_86' title='bbox 1056 1296 1258 1361; x_wconf 85' lang='lat' dir='ltr'><strong>publica</strong></span> 
     </span>
     <span class='ocr_line' id='line_1_17' title="bbox 327 1363 1101 1430; baseline 0 -14"><span class='ocrx_word' id='word_1_87' title='bbox 327 1367 520 1428; x_wconf 84' lang='lat' dir='ltr'><strong>floruit,</strong></span> <span class='ocrx_word' id='word_1_88' title='bbox 543 1381 636 1430; x_wconf 90' lang='lat' dir='ltr'><strong>pro</strong></span> <span class='ocrx_word' id='word_1_89' title='bbox 659 1365 848 1417; x_wconf 84' lang='lat' dir='ltr'><strong>Cluent.</strong></span> <span class='ocrx_word' id='word_1_90' title='bbox 875 1363 960 1426; x_wconf 84' lang='lat'><strong>38,</strong></span> <span class='ocrx_word' id='word_1_91' title='bbox 985 1363 1101 1416; x_wconf 86' lang='grc'><strong>107.</strong></span> 
     </span>
    </p>

    <p class='ocr_par' dir='ltr' id='par_1_10' title="bbox 264 1431 1256 1633">
     <span class='ocr_line' id='line_1_18' title="bbox 264 1431 1256 1499; baseline -0.004 -14"><span class='ocrx_word' id='word_1_92' title='bbox 264 1431 494 1499; x_wconf 83' lang='lat' dir='ltr'><strong>Caunii,</strong></span> <span class='ocrx_word' id='word_1_93' title='bbox 533 1434 724 1485; x_wconf 80' lang='lat' dir='ltr'>incolae</span> <span class='ocrx_word' id='word_1_94' title='bbox 764 1433 948 1493; x_wconf 83' lang='lat' dir='ltr'><strong>Cauni,</strong></span> <span class='ocrx_word' id='word_1_95' title='bbox 986 1433 1124 1483; x_wconf 86' lang='lat' dir='ltr'><strong>urbis</strong></span> <span class='ocrx_word' id='word_1_96' title='bbox 1161 1433 1256 1483; x_wconf 84' lang='lat' dir='ltr'><strong>Ca-</strong></span> 
     </span>
     <span class='ocr_line' id='line_1_19' title="bbox 327 1500 1253 1566; baseline 0.003 -16"><span class='ocrx_word' id='word_1_97' title='bbox 327 1506 434 1552; x_wconf 86' lang='lat' dir='ltr'><strong>riae</strong></span> <span class='ocrx_word' id='word_1_98' title='bbox 450 1539 467 1564; x_wconf 91' lang='lat'><strong>,</strong></span> <span class='ocrx_word' id='word_1_99' title='bbox 485 1503 551 1553; x_wconf 87' lang='lat' dir='ltr'><strong>ad</strong></span> <span class='ocrx_word' id='word_1_100' title='bbox 571 1502 691 1556; x_wconf 79' lang='lat' dir='ltr'><strong>fam.</strong></span> <span class='ocrx_word' id='word_1_101' title='bbox 717 1503 796 1566; x_wconf 84' lang='lat'><strong>13,</strong></span> <span class='ocrx_word' id='word_1_102' title='bbox 817 1502 900 1562; x_wconf 94' lang='grc'><strong>56,</strong></span> <span class='ocrx_word' id='word_1_103' title='bbox 931 1501 980 1552; x_wconf 85' lang='grc'><strong>3.</strong></span> <span class='ocrx_word' id='word_1_104' title='bbox 1020 1503 1087 1552; x_wconf 85' lang='lat' dir='ltr'><strong>ad</strong></span> <span class='ocrx_word' id='word_1_105' title='bbox 1105 1502 1164 1561; x_wconf 84' lang='lat' dir='ltr'><strong>Q.</strong></span> <span class='ocrx_word' id='word_1_106' title='bbox 1189 1500 1253 1553; x_wconf 78' lang='lat' dir='ltr'><strong>fr.</strong></span> 
     </span>
     <span class='ocr_line' id='line_1_20' title="bbox 317 1569 727 1633; baseline 0 -14"><span class='ocrx_word' id='word_1_107' title='bbox 317 1573 376 1629; x_wconf 86' lang='grc'><strong>’1,</strong></span> <span class='ocrx_word' id='word_1_108' title='bbox 401 1573 448 1633; x_wconf 91' lang='grc'><strong>1,</strong></span> <span class='ocrx_word' id='word_1_109' title='bbox 471 1570 554 1620; x_wconf 84' lang='grc'><strong>11.</strong></span> <span class='ocrx_word' id='word_1_110' title='bbox 573 1572 623 1632; x_wconf 69' lang='lat' dir='ltr'><strong>S.</strong></span> <span class='ocrx_word' id='word_1_111' title='bbox 645 1569 727 1622; x_wconf 88' lang='grc'><strong>33.</strong></span> 
     </span>
    </p>

    <p class='ocr_par' dir='ltr' id='par_1_11' title="bbox 263 1637 1250 1753">
     <span class='ocr_line' id='line_1_21' title="bbox 263 1637 1250 1753; baseline 0 -65"><span class='ocrx_word' id='word_1_112' title='bbox 263 1638 484 1753; x_wconf 58' lang='grc' dir='ltr'>Οαυηιόε</span> <span class='ocrx_word' id='word_1_113' title='bbox 505 1637 677 1686; x_wconf 83' lang='lat' dir='ltr'><strong>Cariae</strong></span> <span class='ocrx_word' id='word_1_114' title='bbox 707 1638 946 1702; x_wconf 88' lang='lat' dir='ltr'><strong>oppidum</strong></span> <span class='ocrx_word' id='word_1_115' title='bbox 965 1673 978 1700; x_wconf 92' lang='lat'>‚</span> <span class='ocrx_word' id='word_1_116' title='bbox 1011 1638 1072 1687; x_wconf 90' lang='lat' dir='ltr'><strong>de</strong></span> <span class='ocrx_word' id='word_1_117' title='bbox 1093 1638 1250 1688; x_wconf 89' lang='lat' dir='ltr'><strong>divin.</strong></span> 
     </span>
    </p>

    <p class='ocr_par' dir='ltr' id='par_1_12' title="bbox 261 1771 1257 1970">
     <span class='ocr_line' id='line_1_22' title="bbox 261 1771 1257 1836; baseline -0.001 -13"><span class='ocrx_word' id='word_1_118' title='bbox 261 1773 543 1836; x_wconf 81' lang='lat' dir='ltr'><strong>Cauneae,</strong></span> <span class='ocrx_word' id='word_1_119' title='bbox 577 1774 612 1822; x_wconf 89' lang='lat' dir='ltr'><strong>i.</strong></span> <span class='ocrx_word' id='word_1_120' title='bbox 635 1788 678 1821; x_wconf 87' lang='lat' dir='ltr'><strong>e.</strong></span> <span class='ocrx_word' id='word_1_121' title='bbox 713 1772 838 1824; x_wconf 87' lang='lat' dir='ltr'><strong>ficus</strong></span> <span class='ocrx_word' id='word_1_122' title='bbox 860 1771 1105 1832; x_wconf 77' lang='lat' dir='ltr'><strong>Cauneas,</strong></span> <span class='ocrx_word' id='word_1_123' title='bbox 1128 1788 1257 1836; x_wconf 85' lang='lat' dir='ltr'><strong>quae</strong></span> 
     </span>
     <span class='ocr_line' id='line_1_23' title="bbox 326 1840 1254 1904; baseline -0.002 -14"><span class='ocrx_word' id='word_1_124' title='bbox 326 1842 380 1890; x_wconf 91' lang='lat' dir='ltr'><strong>in</strong></span> <span class='ocrx_word' id='word_1_125' title='bbox 416 1855 599 1904; x_wconf 86' lang='lat' dir='ltr'><strong>magno</strong></span> <span class='ocrx_word' id='word_1_126' title='bbox 636 1841 802 1904; x_wconf 85' lang='lat' dir='ltr'><strong>precio</strong></span> <span class='ocrx_word' id='word_1_127' title='bbox 835 1841 885 1888; x_wconf 88' lang='lat' dir='ltr'><strong>in</strong></span> <span class='ocrx_word' id='word_1_128' title='bbox 915 1840 1063 1889; x_wconf 87' lang='lat' dir='ltr'><strong>Italia</strong></span> <span class='ocrx_word' id='word_1_129' title='bbox 1099 1849 1254 1900; x_wconf 82' lang='lat' dir='ltr'><strong>erant,</strong></span> 
     </span>
     <span class='ocr_line' id='line_1_24' title="bbox 329 1908 849 1970; baseline -0.002 -10"><span class='ocrx_word' id='word_1_130' title='bbox 329 1911 392 1960; x_wconf 91' lang='lat' dir='ltr'><strong>de</strong></span> <span class='ocrx_word' id='word_1_131' title='bbox 411 1909 563 1960; x_wconf 87' lang='lat' dir='ltr'><strong>divin.</strong></span> <span class='ocrx_word' id='word_1_132' title='bbox 587 1911 638 1970; x_wconf 88' lang='lat'><strong>2,</strong></span> <span class='ocrx_word' id='word_1_133' title='bbox 660 1909 746 1967; x_wconf 90' lang='grc'><strong>40,</strong></span> <span class='ocrx_word' id='word_1_134' title='bbox 765 1908 849 1959; x_wconf 93' lang='grc'><strong>81.</strong></span> 
     </span>
    </p>

    <p class='ocr_par' dir='ltr' id='par_1_13' title="bbox 265 1977 1252 2110">
     <span class='ocr_line' id='line_1_25' title="bbox 265 1977 1252 2043; baseline -0.001 -15"><span class='ocrx_word' id='word_1_135' title='bbox 265 1977 524 2043; x_wconf 82' lang='lat' dir='ltr'><strong>Cecrops,</strong></span> <span class='ocrx_word' id='word_1_136' title='bbox 538 1977 920 2028; x_wconf 74' lang='lat' dir='ltr'><strong>Atheniensium</strong></span> <span class='ocrx_word' id='word_1_137' title='bbox 935 1993 1026 2027; x_wconf 85' lang='lat' dir='ltr'><strong>rex</strong></span> <span class='ocrx_word' id='word_1_138' title='bbox 1043 1979 1252 2043; x_wconf 86' lang='lat' dir='ltr'><strong>primus,</strong></span> 
     </span>
     <span class='ocr_line' id='line_1_26' title="bbox 329 2044 798 2110; baseline 0.002 -13"><span class='ocrx_word' id='word_1_139' title='bbox 329 2048 392 2097; x_wconf 87' lang='lat' dir='ltr'><strong>de</strong></span> <span class='ocrx_word' id='word_1_140' title='bbox 410 2046 509 2110; x_wconf 80' lang='lat' dir='ltr'><strong>leg.</strong></span> <span class='ocrx_word' id='word_1_141' title='bbox 531 2047 583 2110; x_wconf 89' lang='lat'><strong>2,</strong></span> <span class='ocrx_word' id='word_1_142' title='bbox 609 2047 692 2106; x_wconf 79' lang='lat'><strong>25,</strong></span> <span class='ocrx_word' id='word_1_143' title='bbox 713 2044 798 2099; x_wconf 92' lang='grc'><strong>63.</strong></span> 
     </span>
    </p>
   </div>
   <div class='ocr_carea' id='block_1_3' title="bbox 179 2112 1257 2179">
    <p class='ocr_par' dir='ltr' id='par_1_14' title="bbox 179 2112 1257 2179">
     <span class='ocr_line' id='line_1_27' title="bbox 179 2112 1257 2179; baseline -0.004 -12"><span class='ocrx_word' id='word_1_144' title='bbox 179 2160 186 2167; x_wconf 85' lang='grc'><strong>.</strong></span> <span class='ocrx_word' id='word_1_145' title='bbox 262 2112 360 2165; x_wconf 84' lang='lat' dir='ltr'><strong>Cei</strong></span> <span class='ocrx_word' id='word_1_146' title='bbox 424 2120 588 2163; x_wconf 81' lang='lat' dir='ltr'><strong>ortum</strong></span> <span class='ocrx_word' id='word_1_147' title='bbox 654 2114 920 2165; x_wconf 77' lang='lat' dir='ltr'><strong>Caniculae</strong></span> <span class='ocrx_word' id='word_1_148' title='bbox 990 2114 1257 2179; x_wconf 77' lang='lat' dir='ltr'>diligenter</span> 
     </span>
    </p>
   </div>
   <div class='ocr_carea' id='block_1_4' title="bbox 260 2182 1258 3472">
    <p class='ocr_par' dir='ltr' id='par_1_15' title="bbox 325 2182 1258 2439">
     <span class='ocr_line' id='line_1_28' title="bbox 327 2182 1258 2245; baseline 0.002 -14"><span class='ocrx_word' id='word_1_149' title='bbox 327 2184 592 2245; x_wconf 77' lang='lat' dir='ltr'><strong>quotannis</strong></span> <span class='ocrx_word' id='word_1_150' title='bbox 639 2182 800 2232; x_wconf 81' lang='lat' dir='ltr'><strong>solent</strong></span> <span class='ocrx_word' id='word_1_151' title='bbox 849 2184 1146 2245; x_wconf 82' lang='lat' dir='ltr'><strong>observare,</strong></span> <span class='ocrx_word' id='word_1_152' title='bbox 1193 2184 1258 2233; x_wconf 92' lang='lat' dir='ltr'><strong>de</strong></span> 
     </span>
     <span class='ocr_line' id='line_1_29' title="bbox 329 2248 1254 2311; baseline -0.001 -10"><span class='ocrx_word' id='word_1_153' title='bbox 329 2251 484 2301; x_wconf 84' lang='lat' dir='ltr'><strong>divin.</strong></span> <span class='ocrx_word' id='word_1_154' title='bbox 509 2250 652 2311; x_wconf 86' lang='lat'><strong>1,57,</strong></span> <span class='ocrx_word' id='word_1_155' title='bbox 671 2250 786 2303; x_wconf 85' lang='lat'><strong>130.</strong></span> <span class='ocrx_word' id='word_1_156' title='bbox 811 2252 875 2301; x_wconf 88' lang='lat' dir='ltr'><strong>V.</strong></span> <span class='ocrx_word' id='word_1_157' title='bbox 897 2248 1085 2302; x_wconf 82' lang='lat' dir='ltr'><strong>Aristo</strong></span> <span class='ocrx_word' id='word_1_158' title='bbox 1112 2249 1254 2301; x_wconf 87' lang='lat' dir='ltr'><strong>Ceus</strong></span> 
     </span>
     <span class='ocr_line' id='line_1_30' title="bbox 328 2315 1256 2370; baseline 0 -2"><span class='ocrx_word' id='word_1_159' title='bbox 328 2336 370 2368; x_wconf 85' lang='lat' dir='ltr'><strong>s.</strong></span> <span class='ocrx_word' id='word_1_160' title='bbox 395 2316 545 2368; x_wconf 86' lang='lat' dir='ltr'><strong>Cius.</strong></span> <span class='ocrx_word' id='word_1_161' title='bbox 577 2316 846 2369; x_wconf 82' lang='lat' dir='ltr'><strong>Prodicus</strong></span> <span class='ocrx_word' id='word_1_162' title='bbox 868 2317 1035 2369; x_wconf 85' lang='lat' dir='ltr'><strong>Ceus.</strong></span> <span class='ocrx_word' id='word_1_163' title='bbox 1070 2315 1256 2370; x_wconf 86' lang='lat' dir='ltr'><strong>Simo-</strong></span> 
     </span>
     <span class='ocr_line' id='line_1_31' title="bbox 325 2384 665 2439; baseline -0.003 -3"><span class='ocrx_word' id='word_1_164' title='bbox 325 2384 480 2436; x_wconf 83' lang='lat' dir='ltr'><strong>nides</strong></span> <span class='ocrx_word' id='word_1_165' title='bbox 503 2386 665 2439; x_wconf 87' lang='lat' dir='ltr'><strong>Ceus.</strong></span> 
     </span>
    </p>

    <p class='ocr_par' dir='ltr' id='par_1_16' title="bbox 261 2453 1250 2521">
     <span class='ocr_line' id='line_1_32' title="bbox 261 2453 1250 2521; baseline -0.003 -14"><span class='ocrx_word' id='word_1_166' title='bbox 261 2454 428 2507; x_wconf 86' lang='lat' dir='ltr'><strong>Ceius</strong></span> <span class='ocrx_word' id='word_1_167' title='bbox 450 2456 648 2505; x_wconf 82' lang='lat' dir='ltr'><strong>Samnis</strong></span> <span class='ocrx_word' id='word_1_168' title='bbox 666 2492 680 2515; x_wconf 90' lang='lat'><strong>,</strong></span> <span class='ocrx_word' id='word_1_169' title='bbox 700 2471 790 2521; x_wconf 83' lang='lat' dir='ltr'><strong>pro</strong></span> <span class='ocrx_word' id='word_1_170' title='bbox 815 2455 1006 2505; x_wconf 87' lang='lat' dir='ltr'><strong>Cluent.</strong></span> <span class='ocrx_word' id='word_1_171' title='bbox 1027 2454 1112 2518; x_wconf 82' lang='lat'><strong>59,</strong></span> <span class='ocrx_word' id='word_1_172' title='bbox 1136 2453 1250 2505; x_wconf 83' lang='lat'><strong>162.</strong></span> 
     </span>
    </p>

    <p class='ocr_par' dir='ltr' id='par_1_17' title="bbox 263 2521 1130 2587">
     <span class='ocr_line' id='line_1_33' title="bbox 263 2521 1130 2587; baseline 0 -14"><span class='ocrx_word' id='word_1_173' title='bbox 263 2521 500 2575; x_wconf 78' lang='lat' dir='ltr'><strong>Celaeno</strong></span> <span class='ocrx_word' id='word_1_174' title='bbox 516 2560 531 2587; x_wconf 91' lang='lat'><strong>,</strong></span> <span class='ocrx_word' id='word_1_175' title='bbox 549 2524 714 2575; x_wconf 78' lang='lat' dir='ltr'>Pleias</span> <span class='ocrx_word' id='word_1_176' title='bbox 729 2560 744 2587; x_wconf 90' lang='lat'>‚</span> <span class='ocrx_word' id='word_1_177' title='bbox 775 2526 914 2577; x_wconf 82' lang='lat' dir='ltr'><strong>Arat.</strong></span> <span class='ocrx_word' id='word_1_178' title='bbox 937 2541 987 2577; x_wconf 79' lang='grc' dir='ltr'><strong>ν.</strong></span> <span class='ocrx_word' id='word_1_179' title='bbox 1012 2522 1130 2574; x_wconf 88' lang='grc'><strong>269.</strong></span> 
     </span>
    </p>

    <p class='ocr_par' dir='ltr' id='par_1_18' title="bbox 263 2589 1254 2789">
     <span class='ocr_line' id='line_1_34' title="bbox 263 2589 1253 2654; baseline -0.001 -15"><span class='ocrx_word' id='word_1_180' title='bbox 263 2589 456 2654; x_wconf 86' lang='lat' dir='ltr'><strong>Celer,</strong></span> <span class='ocrx_word' id='word_1_181' title='bbox 478 2593 715 2651; x_wconf 84' lang='lat' dir='ltr'><strong>libertus,</strong></span> <span class='ocrx_word' id='word_1_182' title='bbox 748 2598 800 2642; x_wconf 89' lang='lat' dir='ltr'><strong>ut</strong></span> <span class='ocrx_word' id='word_1_183' title='bbox 832 2593 1052 2651; x_wconf 80' lang='lat' dir='ltr'><strong>videtur,</strong></span> <span class='ocrx_word' id='word_1_184' title='bbox 1081 2590 1253 2651; x_wconf 79' lang='lat' dir='ltr'><strong>Attici,</strong></span> 
     </span>
     <span class='ocr_line' id='line_1_35' title="bbox 325 2658 1254 2724; baseline -0.002 -16"><span class='ocrx_word' id='word_1_185' title='bbox 325 2660 390 2708; x_wconf 84' lang='lat' dir='ltr'><strong>ad</strong></span> <span class='ocrx_word' id='word_1_186' title='bbox 410 2662 512 2709; x_wconf 73' lang='lat' dir='ltr'><strong>Au.</strong></span> <span class='ocrx_word' id='word_1_187' title='bbox 537 2660 628 2724; x_wconf 88' lang='lat'><strong>10,</strong></span> <span class='ocrx_word' id='word_1_188' title='bbox 654 2660 713 2720; x_wconf 92' lang='lat'><strong>1,</strong></span> <span class='ocrx_word' id='word_1_189' title='bbox 733 2662 784 2710; x_wconf 86' lang='lat'><strong>4.</strong></span> <span class='ocrx_word' id='word_1_190' title='bbox 821 2660 886 2713; x_wconf 85' lang='lat' dir='ltr'><strong>cl.</strong></span> <span class='ocrx_word' id='word_1_191' title='bbox 909 2659 979 2708; x_wconf 86' lang='lat' dir='ltr'><strong>ib.</strong></span> <span class='ocrx_word' id='word_1_192' title='bbox 1003 2659 1065 2709; x_wconf 88' lang='lat'><strong>11</strong></span> <span class='ocrx_word' id='word_1_193' title='bbox 1083 2694 1098 2719; x_wconf 91' lang='lat'><strong>,</strong></span> <span class='ocrx_word' id='word_1_194' title='bbox 1117 2661 1182 2719; x_wconf 83' lang='lat'><strong>4,</strong></span> <span class='ocrx_word' id='word_1_195' title='bbox 1203 2658 1254 2707; x_wconf 78' lang='grc'><strong>2.</strong></span> 
     </span>
     <span class='ocr_line' id='line_1_36' title="bbox 324 2727 678 2789; baseline -0.003 -14"><span class='ocrx_word' id='word_1_196' title='bbox 324 2727 396 2775; x_wconf 87' lang='lat' dir='ltr'><strong>lb.</strong></span> <span class='ocrx_word' id='word_1_197' title='bbox 420 2727 502 2786; x_wconf 91' lang='lat'><strong>11,</strong></span> <span class='ocrx_word' id='word_1_198' title='bbox 527 2727 608 2789; x_wconf 90' lang='grc'><strong>12,</strong></span> <span class='ocrx_word' id='word_1_199' title='bbox 629 2728 678 2779; x_wconf 90' lang='grc'><strong>8.</strong></span> 
     </span>
    </p>

    <p class='ocr_par' dir='ltr' id='par_1_19' title="bbox 260 2790 1252 2924">
     <span class='ocr_line' id='line_1_37' title="bbox 260 2790 1252 2859; baseline 0.003 -15"><span class='ocrx_word' id='word_1_200' title='bbox 260 2790 539 2859; x_wconf 84' lang='lat' dir='ltr'><strong>Celeripes</strong></span> <span class='ocrx_word' id='word_1_201' title='bbox 553 2830 567 2853; x_wconf 92' lang='lat'><strong>,</strong></span> <span class='ocrx_word' id='word_1_202' title='bbox 589 2795 740 2843; x_wconf 82' lang='lat' dir='ltr'><strong>Attici</strong></span> <span class='ocrx_word' id='word_1_203' title='bbox 761 2809 963 2854; x_wconf 83' lang='lat' dir='ltr'><strong>servus,</strong></span> <span class='ocrx_word' id='word_1_204' title='bbox 991 2795 1057 2843; x_wconf 86' lang='lat' dir='ltr'><strong>ad</strong></span> <span class='ocrx_word' id='word_1_205' title='bbox 1076 2794 1179 2845; x_wconf 83' lang='lat' dir='ltr'><strong>Att.</strong></span> <span class='ocrx_word' id='word_1_206' title='bbox 1202 2794 1252 2854; x_wconf 84' lang='lat'><strong>9,</strong></span> 
     </span>
     <span class='ocr_line' id='line_1_38' title="bbox 327 2861 446 2924; baseline 0 -14"><span class='ocrx_word' id='word_1_207' title='bbox 327 2863 376 2924; x_wconf 89' lang='lat'><strong>7,</strong></span> <span class='ocrx_word' id='word_1_208' title='bbox 399 2861 446 2911; x_wconf 94' lang='lat'><strong>1.</strong></span> 
     </span>
    </p>

    <p class='ocr_par' dir='ltr' id='par_1_20' title="bbox 262 2925 1254 3253">
     <span class='ocr_line' id='line_1_39' title="bbox 262 2925 1254 2997; baseline 0.001 -17"><span class='ocrx_word' id='word_1_209' title='bbox 262 2925 532 2981; x_wconf 80' lang='lat' dir='ltr'><strong>Celtiberi</strong></span> <span class='ocrx_word' id='word_1_210' title='bbox 557 2936 606 2979; x_wconf 84' lang='lat' dir='ltr'><strong>et</strong></span> <span class='ocrx_word' id='word_1_211' title='bbox 638 2928 824 2979; x_wconf 84' lang='lat' dir='ltr'>Cimbri</span> <span class='ocrx_word' id='word_1_212' title='bbox 847 2932 898 2979; x_wconf 90' lang='lat' dir='ltr'><strong>in</strong></span> <span class='ocrx_word' id='word_1_213' title='bbox 927 2931 1136 2997; x_wconf 86' lang='lat' dir='ltr'><strong>proeliis</strong></span> <span class='ocrx_word' id='word_1_214' title='bbox 1168 2948 1254 2981; x_wconf 86' lang='lat' dir='ltr'><strong>ex-</strong></span> 
     </span>
     <span class='ocr_line' id='line_1_40' title="bbox 326 2997 1251 3065; baseline 0.003 -18"><span class='ocrx_word' id='word_1_215' title='bbox 326 2998 509 3048; x_wconf 84' lang='lat' dir='ltr'><strong>sultant</strong></span> <span class='ocrx_word' id='word_1_216' title='bbox 525 3033 540 3061; x_wconf 92' lang='lat'><strong>,</strong></span> <span class='ocrx_word' id='word_1_217' title='bbox 594 2997 944 3047; x_wconf 58' lang='lat' dir='ltr'><strong>lamentantur</strong></span> <span class='ocrx_word' id='word_1_218' title='bbox 972 3000 1024 3048; x_wconf 89' lang='lat' dir='ltr'><strong>in</strong></span> <span class='ocrx_word' id='word_1_219' title='bbox 1060 3002 1251 3065; x_wconf 86' lang='lat' dir='ltr'><strong>morb0,</strong></span> 
     </span>
     <span class='ocr_line' id='line_1_41' title="bbox 324 3065 1254 3136; baseline 0.001 -20"><span class='ocrx_word' id='word_1_220' title='bbox 324 3068 528 3136; x_wconf 79' lang='lat' dir='ltr'><strong>Tuscul.</strong></span> <span class='ocrx_word' id='word_1_221' title='bbox 552 3067 611 3127; x_wconf 92' lang='grc'><strong>2,</strong></span> <span class='ocrx_word' id='word_1_222' title='bbox 633 3068 715 3125; x_wconf 88' lang='grc'><strong>27,</strong></span> <span class='ocrx_word' id='word_1_223' title='bbox 735 3065 820 3117; x_wconf 87' lang='grc'><strong>65.</strong></span> <span class='ocrx_word' id='word_1_224' title='bbox 841 3092 909 3103; x_wconf 94' lang='grc'><strong>-</strong></span> <span class='ocrx_word' id='word_1_225' title='bbox 927 3066 1120 3119; x_wconf 87' lang='lat' dir='ltr'><strong>Bellum</strong></span> <span class='ocrx_word' id='word_1_226' title='bbox 1140 3084 1254 3118; x_wconf 84' lang='lat' dir='ltr'><strong>cum</strong></span> 
     </span>
     <span class='ocr_line' id='line_1_42' title="bbox 326 3134 1252 3253; baseline 0.003 -69"><span class='ocrx_word' id='word_1_227' title='bbox 326 3134 616 3253; x_wconf 51' lang='lat' dir='ltr'><strong>Celtibegis,</strong></span> <span class='ocrx_word' id='word_1_228' title='bbox 650 3150 762 3185; x_wconf 91' lang='lat' dir='ltr'><strong>cum</strong></span> <span class='ocrx_word' id='word_1_229' title='bbox 793 3135 1036 3200; x_wconf 69' lang='lat' dir='ltr'><strong>Cimbris,</strong></span> <span class='ocrx_word' id='word_1_230' title='bbox 1073 3137 1136 3187; x_wconf 89' lang='lat' dir='ltr'><strong>de</strong></span> <span class='ocrx_word' id='word_1_231' title='bbox 1167 3136 1252 3187; x_wconf 81' lang='lat' dir='ltr'><strong>off.</strong></span> 
     </span>
    </p>

    <p class='ocr_par' dir='ltr' id='par_1_21' title="bbox 261 3268 1253 3406">
     <span class='ocr_line' id='line_1_43' title="bbox 261 3268 1253 3337; baseline 0.003 -18"><span class='ocrx_word' id='word_1_232' title='bbox 261 3268 597 3334; x_wconf 83' lang='lat' dir='ltr'><strong>Celtiberia,</strong></span> <span class='ocrx_word' id='word_1_233' title='bbox 618 3272 758 3335; x_wconf 81' lang='lat' dir='ltr'><strong>regio</strong></span> <span class='ocrx_word' id='word_1_234' title='bbox 777 3272 1050 3337; x_wconf 78' lang='lat' dir='ltr'><strong>Hispaniae</strong></span> <span class='ocrx_word' id='word_1_235' title='bbox 1071 3272 1253 3323; x_wconf 86' lang='lat' dir='ltr'><strong>Tarra-</strong></span> 
     </span>
     <span class='ocr_line' id='line_1_44' title="bbox 327 3338 1114 3406; baseline 0.006 -19"><span class='ocrx_word' id='word_1_236' title='bbox 327 3340 581 3399; x_wconf 85' lang='lat' dir='ltr'><strong>conensis,</strong></span> <span class='ocrx_word' id='word_1_237' title='bbox 598 3338 824 3406; x_wconf 80' lang='lat' dir='ltr'><strong>Philipp.</strong></span> <span class='ocrx_word' id='word_1_238' title='bbox 846 3340 905 3391; x_wconf 86' lang='lat'><strong>11</strong></span> <span class='ocrx_word' id='word_1_239' title='bbox 921 3378 936 3403; x_wconf 92' lang='lat'><strong>,</strong></span> <span class='ocrx_word' id='word_1_240' title='bbox 957 3341 1008 3401; x_wconf 79' lang='lat'><strong>5,</strong></span> <span class='ocrx_word' id='word_1_241' title='bbox 1033 3342 1114 3392; x_wconf 82' lang='lat'><strong>12.</strong></span> 
     </span>
    </p>

    <p class='ocr_par' dir='ltr' id='par_1_22' title="bbox 263 3402 1200 3472">
     <span class='ocr_line' id='line_1_45' title="bbox 263 3402 1200 3472; baseline 0.005 -19"><span class='ocrx_word' id='word_1_242' title='bbox 263 3402 560 3457; x_wconf 80' lang='lat' dir='ltr'><strong>Censoriae</strong></span> <span class='ocrx_word' id='word_1_243' title='bbox 577 3409 776 3459; x_wconf 87' lang='lat' dir='ltr'><strong>tabulae</strong></span> <span class='ocrx_word' id='word_1_244' title='bbox 791 3445 806 3472; x_wconf 91' lang='lat'><strong>,</strong></span> <span class='ocrx_word' id='word_1_245' title='bbox 829 3417 950 3460; x_wconf 86' lang='lat' dir='ltr'><strong>orat.</strong></span> <span class='ocrx_word' id='word_1_246' title='bbox 975 3409 1060 3468; x_wconf 84' lang='lat'><strong>46,</strong></span> <span class='ocrx_word' id='word_1_247' title='bbox 1083 3408 1200 3459; x_wconf 83' lang='lat'><strong>156.</strong></span> 
     </span>
    </p>
   </div>
   <div class='ocr_carea' id='block_1_5' title="bbox 925 191 1663 240">
    <p class='ocr_par' dir='ltr' id='par_1_23' title="bbox 925 191 1663 240">
     <span class='ocr_line' id='line_1_46' title="bbox 925 191 1663 240; baseline 0.003 -2"><span class='ocrx_word' id='word_1_248' title='bbox 925 191 1176 238; x_wconf 79' lang='lat' dir='ltr'><strong>CATULI</strong></span> <span class='ocrx_word' id='word_1_249' title='bbox 1215 215 1295 227; x_wconf 91' lang='lat'><strong>---</strong></span> <span class='ocrx_word' id='word_1_250' title='bbox 1332 192 1663 240; x_wconf 80' lang='lat' dir='ltr'><strong>CEPHEUS.</strong></span> 
     </span>
    </p>
   </div>
   <div class='ocr_carea' id='block_1_6' title="bbox 1332 343 2334 1360">
    <p class='ocr_par' dir='ltr' id='par_1_24' title="bbox 1334 343 2131 396">
     <span class='ocr_line' id='line_1_47' title="bbox 1334 343 2131 396; baseline 0 -4"><span class='ocrx_word' id='word_1_251' title='bbox 1334 343 1687 396; x_wconf 77' lang='lat' dir='ltr'><strong>Censorinus.</strong></span> <span class='ocrx_word' id='word_1_252' title='bbox 1725 347 1787 394; x_wconf 92' lang='lat' dir='ltr'><strong>V.</strong></span> <span class='ocrx_word' id='word_1_253' title='bbox 1811 347 1861 394; x_wconf 87' lang='lat' dir='ltr'><strong>in</strong></span> <span class='ocrx_word' id='word_1_254' title='bbox 1879 343 2131 396; x_wconf 78' lang='lat' dir='ltr'><strong>Marciis.</strong></span> 
     </span>
    </p>

    <p class='ocr_par' dir='ltr' id='par_1_25' title="bbox 1337 409 2334 676">
     <span class='ocr_line' id='line_1_48' title="bbox 1337 409 2334 464; baseline 0.004 -4"><span class='ocrx_word' id='word_1_255' title='bbox 1337 409 1664 463; x_wconf 76' lang='lat' dir='ltr'><strong>Centaurus.</strong></span> <span class='ocrx_word' id='word_1_256' title='bbox 1701 413 1917 463; x_wconf 87' lang='lat' dir='ltr'><strong>Nubium</strong></span> <span class='ocrx_word' id='word_1_257' title='bbox 1934 428 2035 463; x_wconf 83' lang='lat' dir='ltr'><strong>una</strong></span> <span class='ocrx_word' id='word_1_258' title='bbox 2055 412 2334 464; x_wconf 81' lang='lat' dir='ltr'><strong>Centauros</strong></span> 
     </span>
     <span class='ocr_line' id='line_1_49' title="bbox 1398 479 2331 545; baseline 0.004 -17"><span class='ocrx_word' id='word_1_259' title='bbox 1398 482 1658 544; x_wconf 80' lang='lat' dir='ltr'><strong>peperisse</strong></span> <span class='ocrx_word' id='word_1_260' title='bbox 1679 483 1890 545; x_wconf 86' lang='lat' dir='ltr'><strong>dicitur,</strong></span> <span class='ocrx_word' id='word_1_261' title='bbox 1921 482 1983 530; x_wconf 84' lang='lat' dir='ltr'><strong>de</strong></span> <span class='ocrx_word' id='word_1_262' title='bbox 2001 496 2051 533; x_wconf 86' lang='lat' dir='ltr'><strong>n.</strong></span> <span class='ocrx_word' id='word_1_263' title='bbox 2076 483 2127 535; x_wconf 88' lang='lat' dir='ltr'><strong>d.</strong></span> <span class='ocrx_word' id='word_1_264' title='bbox 2151 479 2185 532; x_wconf 87' lang='lat'><strong>3</strong></span> <span class='ocrx_word' id='word_1_265' title='bbox 2201 518 2216 542; x_wconf 86' lang='lat'><strong>,</strong></span> <span class='ocrx_word' id='word_1_266' title='bbox 2244 481 2331 543; x_wconf 86' lang='grc'><strong>20,</strong></span> 
     </span>
     <span class='ocr_line' id='line_1_50' title="bbox 1401 547 2329 608; baseline 0.004 -10"><span class='ocrx_word' id='word_1_267' title='bbox 1401 547 1483 598; x_wconf 88' lang='grc'><strong>51.</strong></span> <span class='ocrx_word' id='word_1_268' title='bbox 1525 549 1661 596; x_wconf 70' lang='lat' dir='ltr'><strong>chin</strong></span> <span class='ocrx_word' id='word_1_269' title='bbox 1684 551 1855 600; x_wconf 88' lang='lat' dir='ltr'><strong>Pison.</strong></span> <span class='ocrx_word' id='word_1_270' title='bbox 1882 549 1971 608; x_wconf 83' lang='grc'><strong>10,</strong></span> <span class='ocrx_word' id='word_1_271' title='bbox 1993 551 2076 599; x_wconf 84' lang='grc'><strong>22.</strong></span> <span class='ocrx_word' id='word_1_272' title='bbox 2119 549 2329 602; x_wconf 87' lang='lat' dir='ltr'><strong>Tuscul.</strong></span> 
     </span>
     <span class='ocr_line' id='line_1_51' title="bbox 1402 615 2087 676; baseline -0.001 -11"><span class='ocrx_word' id='word_1_273' title='bbox 1402 617 1451 676; x_wconf 87' lang='lat'><strong>2,</strong></span> <span class='ocrx_word' id='word_1_274' title='bbox 1472 615 1522 676; x_wconf 87' lang='lat'><strong>8,</strong></span> <span class='ocrx_word' id='word_1_275' title='bbox 1544 616 1627 669; x_wconf 87' lang='grc'><strong>20.</strong></span> <span class='ocrx_word' id='word_1_276' title='bbox 1666 619 1732 665; x_wconf 85' lang='lat' dir='ltr'><strong>V.</strong></span> <span class='ocrx_word' id='word_1_277' title='bbox 1750 616 1976 667; x_wconf 87' lang='lat' dir='ltr'><strong>Nessus.</strong></span> <span class='ocrx_word' id='word_1_278' title='bbox 2080 649 2087 654; x_wconf 87' lang='lat'><em>-</em></span> 
     </span>
    </p>

    <p class='ocr_par' dir='ltr' id='par_1_26' title="bbox 1336 683 2333 813">
     <span class='ocr_line' id='line_1_52' title="bbox 1336 683 2333 748; baseline 0.003 -16"><span class='ocrx_word' id='word_1_279' title='bbox 1336 683 1674 748; x_wconf 76' lang='lat' dir='ltr'><strong>Centaurus,</strong></span> <span class='ocrx_word' id='word_1_280' title='bbox 1712 685 1883 746; x_wconf 84' lang='lat' dir='ltr'><strong>sidus,</strong></span> <span class='ocrx_word' id='word_1_281' title='bbox 1924 685 2064 736; x_wconf 89' lang='lat' dir='ltr'><strong>Arat.</strong></span> <span class='ocrx_word' id='word_1_282' title='bbox 2098 699 2150 731; x_wconf 85' lang='lat' dir='ltr'><strong>v.</strong></span> <span class='ocrx_word' id='word_1_283' title='bbox 2186 685 2333 744; x_wconf 81' lang='lat'><strong>447..</strong></span> 
     </span>
     <span class='ocr_line' id='line_1_53' title="bbox 1400 753 1927 813; baseline 0.008 -13"><span class='ocrx_word' id='word_1_284' title='bbox 1400 753 1462 800; x_wconf 88' lang='lat' dir='ltr'><strong>de</strong></span> <span class='ocrx_word' id='word_1_285' title='bbox 1482 766 1533 803; x_wconf 88' lang='lat' dir='ltr'><strong>n.</strong></span> <span class='ocrx_word' id='word_1_286' title='bbox 1558 753 1607 801; x_wconf 86' lang='lat' dir='ltr'><strong>d.</strong></span> <span class='ocrx_word' id='word_1_287' title='bbox 1630 755 1681 813; x_wconf 89' lang='grc'><strong>2,</strong></span> <span class='ocrx_word' id='word_1_288' title='bbox 1702 754 1787 813; x_wconf 88' lang='grc'><strong>44,</strong></span> <span class='ocrx_word' id='word_1_289' title='bbox 1812 753 1927 804; x_wconf 89' lang='grc'><strong>114.</strong></span> 
     </span>
    </p>

    <p class='ocr_par' dir='ltr' id='par_1_27' title="bbox 1337 817 2085 872">
     <span class='ocr_line' id='line_1_54' title="bbox 1337 817 2085 872; baseline -0.003 -3"><span class='ocrx_word' id='word_1_290' title='bbox 1337 819 1397 869; x_wconf 89' lang='lat' dir='ltr'><strong>C.</strong></span> <span class='ocrx_word' id='word_1_291' title='bbox 1426 818 1617 869; x_wconf 84' lang='lat' dir='ltr'><strong>Cento.</strong></span> <span class='ocrx_word' id='word_1_292' title='bbox 1655 823 1721 872; x_wconf 89' lang='lat' dir='ltr'><strong>V.</strong></span> <span class='ocrx_word' id='word_1_293' title='bbox 1744 823 1793 869; x_wconf 90' lang='lat' dir='ltr'><strong>in</strong></span> <span class='ocrx_word' id='word_1_294' title='bbox 1820 817 2085 869; x_wconf 86' lang='lat' dir='ltr'><strong>Claudiis.</strong></span> 
     </span>
    </p>

    <p class='ocr_par' dir='ltr' id='par_1_28' title="bbox 1332 885 2329 1360">
     <span class='ocr_line' id='line_1_55' title="bbox 1332 885 2329 953; baseline -0.002 -17"><span class='ocrx_word' id='word_1_295' title='bbox 1332 885 1680 952; x_wconf 79' lang='lat' dir='ltr'><strong>Centuripini</strong></span> <span class='ocrx_word' id='word_1_296' title='bbox 1716 890 1824 953; x_wconf 84' lang='lat' dir='ltr'><strong>agri</strong></span> <span class='ocrx_word' id='word_1_297' title='bbox 1866 887 2135 936; x_wconf 79' lang='lat' dir='ltr'><strong>Aetnensis</strong></span> <span class='ocrx_word' id='word_1_298' title='bbox 2172 886 2329 935; x_wconf 84' lang='lat' dir='ltr'><strong>multo</strong></span> 
     </span>
     <span class='ocr_line' id='line_1_56' title="bbox 1395 956 2326 1022; baseline -0.003 -18"><span class='ocrx_word' id='word_1_299' title='bbox 1395 958 1670 1006; x_wconf 66' lang='lat' dir='ltr'><strong>maximam⁴</strong></span> <span class='ocrx_word' id='word_1_300' title='bbox 1680 965 1874 1022; x_wconf 86' lang='lat' dir='ltr'><strong>partem</strong></span> <span class='ocrx_word' id='word_1_301' title='bbox 1887 956 2171 1020; x_wconf 80' lang='lat' dir='ltr'><strong>possident,</strong></span> <span class='ocrx_word' id='word_1_302' title='bbox 2183 956 2326 1005; x_wconf 82' lang='lat' dir='ltr'><strong>Verr.</strong></span> 
     </span>
     <span class='ocr_line' id='line_1_57' title="bbox 1399 1023 2324 1086; baseline -0.003 -13"><span class='ocrx_word' id='word_1_303' title='bbox 1399 1031 1616 1073; x_wconf 86' lang='lat' dir='ltr'><strong>accusat.</strong></span> <span class='ocrx_word' id='word_1_304' title='bbox 1637 1025 1689 1086; x_wconf 88' lang='grc'>3,</span> <span class='ocrx_word' id='word_1_305' title='bbox 1708 1025 1793 1086; x_wconf 87' lang='grc'>45,</span> <span class='ocrx_word' id='word_1_306' title='bbox 1812 1024 1929 1075; x_wconf 93' lang='grc'><strong>108.</strong></span> <span class='ocrx_word' id='word_1_307' title='bbox 1952 1025 2023 1072; x_wconf 88' lang='lat' dir='ltr'><strong>Ib.</strong></span> <span class='ocrx_word' id='word_1_308' title='bbox 2042 1023 2091 1083; x_wconf 84' lang='lat'><strong>3,</strong></span> <span class='ocrx_word' id='word_1_309' title='bbox 2108 1023 2194 1086; x_wconf 83' lang='lat'><strong>48,</strong></span> <span class='ocrx_word' id='word_1_310' title='bbox 2208 1023 2324 1073; x_wconf 85' lang='lat'><strong>114.</strong></span> 
     </span>
     <span class='ocr_line' id='line_1_58' title="bbox 1394 1092 2327 1156; baseline -0.003 -15"><span class='ocrx_word' id='word_1_311' title='bbox 1394 1115 1464 1130; x_wconf 83' lang='lat'><strong>...</strong></span> <span class='ocrx_word' id='word_1_312' title='bbox 1506 1093 1843 1156; x_wconf 78' lang='lat' dir='ltr'><strong>Centuripinis</strong></span> <span class='ocrx_word' id='word_1_313' title='bbox 1880 1099 2083 1142; x_wconf 86' lang='lat' dir='ltr'><strong>senatus</strong></span> <span class='ocrx_word' id='word_1_314' title='bbox 2129 1092 2327 1140; x_wconf 87' lang='lat' dir='ltr'><strong>decreto</strong></span> 
     </span>
     <span class='ocr_line' id='line_1_59' title="bbox 1396 1159 2329 1224; baseline -0.005 -15"><span class='ocrx_word' id='word_1_315' title='bbox 1396 1161 1671 1224; x_wconf 83' lang='lat' dir='ltr'><strong>populique</strong></span> <span class='ocrx_word' id='word_1_316' title='bbox 1688 1161 1856 1224; x_wconf 86' lang='lat' dir='ltr'><strong>iussu,</strong></span> <span class='ocrx_word' id='word_1_317' title='bbox 1888 1168 2082 1210; x_wconf 79' lang='lat' dir='ltr'><strong>statuae</strong></span> <span class='ocrx_word' id='word_1_318' title='bbox 2103 1159 2157 1210; x_wconf 86' lang='lat' dir='ltr'><strong>C.</strong></span> <span class='ocrx_word' id='word_1_319' title='bbox 2182 1159 2329 1209; x_wconf 84' lang='lat' dir='ltr'><strong>Verri</strong></span> 
     </span>
     <span class='ocr_line' id='line_1_60' title="bbox 1398 1227 2323 1293; baseline -0.004 -16"><span class='ocrx_word' id='word_1_320' title='bbox 1398 1235 1446 1277; x_wconf 89' lang='lat' dir='ltr'><strong>et</strong></span> <span class='ocrx_word' id='word_1_321' title='bbox 1481 1230 1611 1292; x_wconf 84' lang='lat' dir='ltr'><strong>patri</strong></span> <span class='ocrx_word' id='word_1_322' title='bbox 1644 1229 1753 1279; x_wconf 87' lang='lat' dir='ltr'><strong>eius</strong></span> <span class='ocrx_word' id='word_1_323' title='bbox 1786 1235 1835 1277; x_wconf 81' lang='lat' dir='ltr'><strong>et</strong></span> <span class='ocrx_word' id='word_1_324' title='bbox 1860 1228 1963 1278; x_wconf 86' lang='lat' dir='ltr'><strong>filio</strong></span> <span class='ocrx_word' id='word_1_325' title='bbox 1987 1229 2215 1293; x_wconf 84' lang='lat' dir='ltr'><strong>positae,</strong></span> <span class='ocrx_word' id='word_1_326' title='bbox 2255 1227 2323 1274; x_wconf 88' lang='lat' dir='ltr'><strong>ib.</strong></span> 
     </span>
     <span class='ocr_line' id='line_1_61' title="bbox 1394 1295 2328 1360; baseline -0.003 -15"><span class='ocrx_word' id='word_1_327' title='bbox 1394 1297 1463 1356; x_wconf 91' lang='grc'><strong>2,</strong></span> <span class='ocrx_word' id='word_1_328' title='bbox 1502 1295 1606 1356; x_wconf 87' lang='grc'><strong>67,</strong></span> <span class='ocrx_word' id='word_1_329' title='bbox 1653 1297 1769 1347; x_wconf 87' lang='grc'><strong>161.</strong></span> <span class='ocrx_word' id='word_1_330' title='bbox 1811 1324 1878 1333; x_wconf 90' lang='lat'><strong>-—</strong></span> <span class='ocrx_word' id='word_1_331' title='bbox 1914 1296 2241 1360; x_wconf 82' lang='lat' dir='ltr'><strong>Centuripina</strong></span> <span class='ocrx_word' id='word_1_332' title='bbox 2281 1301 2328 1343; x_wconf 80' lang='lat' dir='ltr'><strong>et</strong></span> 
     </span>
    </p>
   </div>
   <div class='ocr_carea' id='block_1_7' title="bbox 1328 1362 2325 1428">
    <p class='ocr_par' dir='ltr' id='par_1_29' title="bbox 1328 1362 2325 1428">
     <span class='ocr_line' id='line_1_62' title="bbox 1328 1362 2325 1428; baseline -0.002 -14"><span class='ocrx_word' id='word_1_333' title='bbox 1328 1385 1336 1394; x_wconf 56' lang='grc'><em>“</em></span> <span class='ocrx_word' id='word_1_334' title='bbox 1405 1362 1681 1428; x_wconf 82' lang='lat' dir='ltr'><strong>Segestana</strong></span> <span class='ocrx_word' id='word_1_335' title='bbox 1712 1366 1889 1415; x_wconf 84' lang='lat' dir='ltr'><strong>civitas</strong></span> <span class='ocrx_word' id='word_1_336' title='bbox 1918 1364 2219 1428; x_wconf 79' lang='lat' dir='ltr'><strong>cognatione</strong></span> <span class='ocrx_word' id='word_1_337' title='bbox 2236 1378 2325 1428; x_wconf 92' lang='lat' dir='ltr'><strong>po-</strong></span> 
     </span>
    </p>
   </div>
   <div class='ocr_carea' id='block_1_8' title="bbox 1331 1431 2327 2043">
    <p class='ocr_par' dir='ltr' id='par_1_30' title="bbox 1393 1431 2327 1900">
     <span class='ocr_line' id='line_1_63' title="bbox 1394 1431 2322 1496; baseline -0.004 -15"><span class='ocrx_word' id='word_1_338' title='bbox 1394 1433 1503 1496; x_wconf 88' lang='lat' dir='ltr'><strong>puli</strong></span> <span class='ocrx_word' id='word_1_339' title='bbox 1530 1433 1676 1482; x_wconf 90' lang='lat' dir='ltr'><strong>Rom.</strong></span> <span class='ocrx_word' id='word_1_340' title='bbox 1716 1447 1897 1482; x_wconf 89' lang='lat' dir='ltr'><strong>nomen</strong></span> <span class='ocrx_word' id='word_1_341' title='bbox 1933 1433 2211 1496; x_wconf 77' lang='lat' dir='ltr'><strong>attingunt,</strong></span> <span class='ocrx_word' id='word_1_342' title='bbox 2251 1431 2322 1479; x_wconf 90' lang='lat' dir='ltr'><strong>Ib.</strong></span> 
     </span>
     <span class='ocr_line' id='line_1_64' title="bbox 1395 1499 2326 1566; baseline -0.005 -15"><span class='ocrx_word' id='word_1_343' title='bbox 1395 1501 1457 1562; x_wconf 85' lang='lat'><strong>5,</strong></span> <span class='ocrx_word' id='word_1_344' title='bbox 1509 1500 1604 1561; x_wconf 82' lang='lat'><strong>32,</strong></span> <span class='ocrx_word' id='word_1_345' title='bbox 1652 1501 1737 1553; x_wconf 85' lang='lat'><strong>83.</strong></span> <span class='ocrx_word' id='word_1_346' title='bbox 1774 1528 1841 1537; x_wconf 93' lang='lat'>—</span> <span class='ocrx_word' id='word_1_347' title='bbox 1881 1499 2205 1566; x_wconf 85' lang='lat' dir='ltr'><strong>Centuripina</strong></span> <span class='ocrx_word' id='word_1_348' title='bbox 2258 1501 2326 1548; x_wconf 80' lang='lat' dir='ltr'><strong>ci-</strong></span> 
     </span>
     <span class='ocr_line' id='line_1_65' title="bbox 1393 1567 2325 1619; baseline -0.005 -1"><span class='ocrx_word' id='word_1_349' title='bbox 1393 1570 1523 1618; x_wconf 85' lang='lat' dir='ltr'><strong>vitas</strong></span> <span class='ocrx_word' id='word_1_350' title='bbox 1550 1570 1657 1618; x_wconf 90' lang='lat' dir='ltr'><strong>sine</strong></span> <span class='ocrx_word' id='word_1_351' title='bbox 1687 1569 1888 1619; x_wconf 78' lang='lat' dir='ltr'><strong>foedere</strong></span> <span class='ocrx_word' id='word_1_352' title='bbox 1912 1570 2151 1618; x_wconf 87' lang='lat' dir='ltr'><strong>immunis</strong></span> <span class='ocrx_word' id='word_1_353' title='bbox 2179 1583 2239 1616; x_wconf 84' lang='lat' dir='ltr'><strong>ac</strong></span> <span class='ocrx_word' id='word_1_354' title='bbox 2266 1567 2325 1614; x_wconf 85' lang='lat' dir='ltr'><strong>li-</strong></span> 
     </span>
     <span class='ocr_line' id='line_1_66' title="bbox 1394 1636 2327 1698; baseline -0.002 -13"><span class='ocrx_word' id='word_1_355' title='bbox 1394 1636 1541 1698; x_wconf 81' lang='lat' dir='ltr'><strong>bera,</strong></span> <span class='ocrx_word' id='word_1_356' title='bbox 1576 1638 1650 1686; x_wconf 87' lang='lat' dir='ltr'><strong>Ib.</strong></span> <span class='ocrx_word' id='word_1_357' title='bbox 1688 1636 1747 1696; x_wconf 83' lang='lat'><strong>3,</strong></span> <span class='ocrx_word' id='word_1_358' title='bbox 1777 1637 1839 1697; x_wconf 84' lang='lat'><strong>6,</strong></span> <span class='ocrx_word' id='word_1_359' title='bbox 1870 1636 1953 1688; x_wconf 84' lang='lat'><strong>13.</strong></span> <span class='ocrx_word' id='word_1_360' title='bbox 1992 1663 2060 1674; x_wconf 88' lang='lat'><strong>--</strong></span> <span class='ocrx_word' id='word_1_361' title='bbox 2100 1636 2327 1686; x_wconf 85' lang='lat' dir='ltr'><strong>Centuri-</strong></span> 
     </span>
     <span class='ocr_line' id='line_1_67' title="bbox 1396 1704 2323 1770; baseline -0.002 -16"><span class='ocrx_word' id='word_1_362' title='bbox 1396 1706 1534 1770; x_wconf 68' lang='lat' dir='ltr'><strong>pini,</strong></span> <span class='ocrx_word' id='word_1_363' title='bbox 1566 1707 1741 1766; x_wconf 66' lang='lat' dir='ltr'><strong>civitas</strong></span> <span class='ocrx_word' id='word_1_364' title='bbox 1760 1707 1911 1754; x_wconf 84' lang='lat' dir='ltr'><strong>totius</strong></span> <span class='ocrx_word' id='word_1_365' title='bbox 1930 1704 2138 1756; x_wconf 82' lang='lat' dir='ltr'><strong>Siciliae</strong></span> <span class='ocrx_word' id='word_1_366' title='bbox 2168 1705 2323 1754; x_wconf 86' lang='lat' dir='ltr'><strong>multo</strong></span> 
     </span>
     <span class='ocr_line' id='line_1_68' title="bbox 1395 1772 2323 1838; baseline -0.001 -16"><span class='ocrx_word' id='word_1_367' title='bbox 1395 1775 1614 1823; x_wconf 85' lang='lat' dir='ltr'><strong>maxima</strong></span> <span class='ocrx_word' id='word_1_368' title='bbox 1643 1783 1691 1822; x_wconf 88' lang='lat' dir='ltr'><strong>et</strong></span> <span class='ocrx_word' id='word_1_369' title='bbox 1715 1772 2139 1838; x_wconf 85' lang='lat' dir='ltr'><strong>locupletissima,</strong></span> <span class='ocrx_word' id='word_1_370' title='bbox 2168 1775 2244 1823; x_wconf 88' lang='lat' dir='ltr'><strong>Ib.</strong></span> <span class='ocrx_word' id='word_1_371' title='bbox 2273 1773 2323 1830; x_wconf 83' lang='lat'><strong>4,</strong></span> 
     </span>
     <span class='ocr_line' id='line_1_69' title="bbox 1397 1840 1585 1900; baseline -0.005 -11"><span class='ocrx_word' id='word_1_372' title='bbox 1397 1840 1479 1900; x_wconf 84' lang='lat'><strong>23,</strong></span> <span class='ocrx_word' id='word_1_373' title='bbox 1502 1842 1585 1891; x_wconf 88' lang='grc'><strong>50.</strong></span> 
     </span>
    </p>

    <p class='ocr_par' dir='ltr' id='par_1_31' title="bbox 1331 1905 2324 2043">
     <span class='ocr_line' id='line_1_70' title="bbox 1331 1905 2324 1973; baseline -0.001 -16"><span class='ocrx_word' id='word_1_374' title='bbox 1331 1905 1473 1960; x_wconf 82' lang='lat' dir='ltr'><strong>Ceos</strong></span> <span class='ocrx_word' id='word_1_375' title='bbox 1494 1926 1537 1962; x_wconf 79' lang='lat' dir='ltr'><strong>S.</strong></span> <span class='ocrx_word' id='word_1_376' title='bbox 1559 1907 1670 1959; x_wconf 85' lang='lat' dir='ltr'><strong>Cea</strong></span> <span class='ocrx_word' id='word_1_377' title='bbox 1688 1910 1855 1960; x_wconf 86' lang='lat' dir='ltr'><strong>insula</strong></span> <span class='ocrx_word' id='word_1_378' title='bbox 1874 1910 2083 1961; x_wconf 87' lang='lat' dir='ltr'><strong>celebris</strong></span> <span class='ocrx_word' id='word_1_379' title='bbox 2104 1926 2130 1959; x_wconf 93' lang='lat' dir='ltr'><strong>e</strong></span> <span class='ocrx_word' id='word_1_380' title='bbox 2152 1907 2324 1973; x_wconf 74' lang='lat' dir='ltr'><strong>Cycla-</strong></span> 
     </span>
     <span class='ocr_line' id='line_1_71' title="bbox 1396 1978 2324 2043; baseline -0.004 -14"><span class='ocrx_word' id='word_1_381' title='bbox 1396 1978 1573 2038; x_wconf 87' lang='lat' dir='ltr'><strong>dibus,</strong></span> <span class='ocrx_word' id='word_1_382' title='bbox 1605 1980 1768 2043; x_wconf 85' lang='lat' dir='ltr'><strong>patria</strong></span> <span class='ocrx_word' id='word_1_383' title='bbox 1802 1978 2109 2041; x_wconf 78' lang='lat' dir='ltr'><strong>SimonidiS,</strong></span> <span class='ocrx_word' id='word_1_384' title='bbox 2142 1979 2231 2041; x_wconf 91' lang='lat' dir='ltr'><strong>qui</strong></span> <span class='ocrx_word' id='word_1_385' title='bbox 2250 1978 2324 2025; x_wconf 90' lang='lat' dir='ltr'><strong>di·</strong></span> 
     </span>
    </p>
   </div>
   <div class='ocr_carea' id='block_1_9' title="bbox 1395 2044 2319 2110">
    <p class='ocr_par' dir='ltr' id='par_1_32' title="bbox 1274 2044 2319 2110">
     <span class='ocr_line' id='line_1_72' title="bbox 1395 2044 2319 2110; baseline -0.001 -16.116"><span class='ocrx_word' id='word_1_386' title='bbox 1395 2047 1523 2095; x_wconf 85' lang='lat' dir='ltr'><strong>citur</strong></span> <span class='ocrx_word' id='word_1_387' title='bbox 1555 2046 1709 2110; x_wconf 86' lang='lat' dir='ltr'><strong>Ceus,</strong></span> <span class='ocrx_word' id='word_1_388' title='bbox 1741 2048 1802 2095; x_wconf 87' lang='lat' dir='ltr'><strong>de</strong></span> <span class='ocrx_word' id='word_1_389' title='bbox 1833 2054 1957 2099; x_wconf 83' lang='lat' dir='ltr'><strong>orat.</strong></span> <span class='ocrx_word' id='word_1_390' title='bbox 1990 2050 2052 2107; x_wconf 93' lang='grc'><strong>2,</strong></span> <span class='ocrx_word' id='word_1_391' title='bbox 2084 2046 2179 2109; x_wconf 89' lang='grc'><strong>86,</strong></span> <span class='ocrx_word' id='word_1_392' title='bbox 2204 2044 2319 2095; x_wconf 84' lang='grc'><strong>351.</strong></span> 
     </span>
    </p>
   </div>
   <div class='ocr_carea' id='block_1_10' title="bbox 1332 2114 2333 3333">
    <p class='ocr_par' dir='ltr' id='par_1_33' title="bbox 1399 2114 1842 2175">
     <span class='ocr_line' id='line_1_73' title="bbox 1399 2114 1842 2175; baseline 0.009 -13"><span class='ocrx_word' id='word_1_393' title='bbox 1399 2115 1464 2163; x_wconf 87' lang='lat' dir='ltr'><strong>ad</strong></span> <span class='ocrx_word' id='word_1_394' title='bbox 1482 2114 1583 2163; x_wconf 82' lang='lat' dir='ltr'><strong>Att.</strong></span> <span class='ocrx_word' id='word_1_395' title='bbox 1610 2116 1660 2175; x_wconf 82' lang='lat'><strong>5,</strong></span> <span class='ocrx_word' id='word_1_396' title='bbox 1688 2116 1769 2175; x_wconf 82' lang='lat'><strong>12,</strong></span> <span class='ocrx_word' id='word_1_397' title='bbox 1794 2116 1842 2167; x_wconf 89' lang='lat'><strong>1.</strong></span> 
     </span>
    </p>

    <p class='ocr_par' dir='ltr' id='par_1_34' title="bbox 1336 2180 2070 2248">
     <span class='ocr_line' id='line_1_74' title="bbox 1336 2180 2070 2248; baseline -0.003 -18"><span class='ocrx_word' id='word_1_398' title='bbox 1336 2180 1619 2247; x_wconf 80' lang='lat' dir='ltr'><strong>Ceparius.</strong></span> <span class='ocrx_word' id='word_1_399' title='bbox 1654 2184 1719 2234; x_wconf 88' lang='lat' dir='ltr'><strong>V.</strong></span> <span class='ocrx_word' id='word_1_400' title='bbox 1748 2180 2070 2248; x_wconf 73' lang='lat' dir='ltr'><strong>Caeparius.</strong></span> 
     </span>
    </p>

    <p class='ocr_par' dir='ltr' id='par_1_35' title="bbox 1334 2245 2186 2315">
     <span class='ocr_line' id='line_1_75' title="bbox 1334 2245 2186 2315; baseline -0.002 -17"><span class='ocrx_word' id='word_1_401' title='bbox 1334 2247 1557 2315; x_wconf 87' lang='lat' dir='ltr'><strong>Cepasii</strong></span> <span class='ocrx_word' id='word_1_402' title='bbox 1578 2250 1777 2304; x_wconf 79' lang='lat' dir='ltr'><strong>fratres.</strong></span> <span class='ocrx_word' id='word_1_403' title='bbox 1818 2252 1883 2300; x_wconf 88' lang='lat' dir='ltr'><strong>V.</strong></span> <span class='ocrx_word' id='word_1_404' title='bbox 1908 2245 2186 2313; x_wconf 78' lang='lat' dir='ltr'><strong>Caepasii.</strong></span> 
     </span>
    </p>

    <p class='ocr_par' dir='ltr' id='par_1_36' title="bbox 1332 2315 2325 2570">
     <span class='ocr_line' id='line_1_76' title="bbox 1332 2315 2324 2385; baseline -0.002 -18"><span class='ocrx_word' id='word_1_405' title='bbox 1332 2315 1598 2381; x_wconf 84' lang='lat' dir='ltr'><strong>Cephalio</strong></span> <span class='ocrx_word' id='word_1_406' title='bbox 1619 2354 1634 2380; x_wconf 92' lang='lat'>‚</span> <span class='ocrx_word' id='word_1_407' title='bbox 1688 2334 1863 2369; x_wconf 84' lang='lat' dir='ltr'><strong>servus</strong></span> <span class='ocrx_word' id='word_1_408' title='bbox 1909 2319 2123 2385; x_wconf 77' lang='lat' dir='ltr'><strong>fortasse</strong></span> <span class='ocrx_word' id='word_1_409' title='bbox 2173 2317 2324 2366; x_wconf 84' lang='lat' dir='ltr'><strong>Attici</strong></span> 
     </span>
     <span class='ocr_line' id='line_1_77' title="bbox 1394 2386 2321 2446; baseline -0.003 -11"><span class='ocrx_word' id='word_1_410' title='bbox 1394 2386 1711 2446; x_wconf 75' lang='lat' dir='ltr'><strong>tabellariuS,</strong></span> <span class='ocrx_word' id='word_1_411' title='bbox 1748 2387 1815 2436; x_wconf 87' lang='lat' dir='ltr'><strong>ad</strong></span> <span class='ocrx_word' id='word_1_412' title='bbox 1861 2388 1963 2436; x_wconf 70' lang='lat' dir='ltr'><strong>Aa.</strong></span> <span class='ocrx_word' id='word_1_413' title='bbox 2012 2387 2070 2446; x_wconf 86' lang='lat'><strong>7,</strong></span> <span class='ocrx_word' id='word_1_414' title='bbox 2108 2386 2193 2435; x_wconf 91' lang='grc'><strong>25.</strong></span> <span class='ocrx_word' id='word_1_415' title='bbox 2250 2386 2321 2435; x_wconf 87' lang='lat' dir='ltr'><strong>Ib.</strong></span> 
     </span>
     <span class='ocr_line' id='line_1_78' title="bbox 1396 2453 2325 2570; baseline -0.001 -67"><span class='ocrx_word' id='word_1_416' title='bbox 1396 2455 1459 2570; x_wconf 47' lang='grc' dir='ltr'>ᾗ),</span> <span class='ocrx_word' id='word_1_417' title='bbox 1501 2453 1589 2518; x_wconf 87' lang='grc'><strong>19,</strong></span> <span class='ocrx_word' id='word_1_418' title='bbox 1627 2453 1678 2507; x_wconf 89' lang='grc'><strong>3.</strong></span> <span class='ocrx_word' id='word_1_419' title='bbox 1716 2456 1789 2508; x_wconf 92' lang='lat' dir='ltr'><strong>Ib.</strong></span> <span class='ocrx_word' id='word_1_420' title='bbox 1821 2456 1914 2517; x_wconf 92' lang='lat'><strong>10,</strong></span> <span class='ocrx_word' id='word_1_421' title='bbox 1946 2455 2003 2513; x_wconf 90' lang='lat'><strong>1,</strong></span> <span class='ocrx_word' id='word_1_422' title='bbox 2039 2454 2089 2506; x_wconf 87' lang='grc'><strong>3.</strong></span> <span class='ocrx_word' id='word_1_423' title='bbox 2131 2453 2207 2503; x_wconf 89' lang='lat' dir='ltr'><strong>Ib.</strong></span> <span class='ocrx_word' id='word_1_424' title='bbox 2242 2453 2325 2514; x_wconf 93' lang='grc'><strong>11,</strong></span> 
     </span>
    </p>

    <p class='ocr_par' dir='ltr' id='par_1_37' title="bbox 1334 2587 2324 2721">
     <span class='ocr_line' id='line_1_79' title="bbox 1334 2587 2324 2654; baseline 0 -15"><span class='ocrx_word' id='word_1_425' title='bbox 1334 2587 1807 2654; x_wconf 79' lang='lat' dir='ltr'><strong>Cephaloeditana</strong></span> <span class='ocrx_word' id='word_1_426' title='bbox 1828 2592 2035 2650; x_wconf 87' lang='lat' dir='ltr'><strong>civitas,</strong></span> <span class='ocrx_word' id='word_1_427' title='bbox 2064 2592 2213 2641; x_wconf 81' lang='lat' dir='ltr'><strong>Verr.</strong></span> <span class='ocrx_word' id='word_1_428' title='bbox 2244 2605 2324 2639; x_wconf 84' lang='lat' dir='ltr'><strong>ec·</strong></span> 
     </span>
     <span class='ocr_line' id='line_1_80' title="bbox 1400 2657 1887 2721; baseline 0 -14"><span class='ocrx_word' id='word_1_429' title='bbox 1400 2665 1560 2711; x_wconf 81' lang='lat' dir='ltr'><strong>cusat.</strong></span> <span class='ocrx_word' id='word_1_430' title='bbox 1584 2657 1631 2721; x_wconf 88' lang='lat'><strong>3,</strong></span> <span class='ocrx_word' id='word_1_431' title='bbox 1661 2658 1743 2715; x_wconf 81' lang='lat'><strong>43,</strong></span> <span class='ocrx_word' id='word_1_432' title='bbox 1772 2658 1887 2709; x_wconf 86' lang='lat'><strong>103.</strong></span> 
     </span>
    </p>

    <p class='ocr_par' dir='ltr' id='par_1_38' title="bbox 1335 2723 2327 2857">
     <span class='ocr_line' id='line_1_81' title="bbox 1335 2723 2327 2790; baseline 0 -15"><span class='ocrx_word' id='word_1_433' title='bbox 1335 2723 1731 2789; x_wconf 77' lang='lat' dir='ltr'><strong>Cephaloedis,</strong></span> <span class='ocrx_word' id='word_1_434' title='bbox 1800 2728 2040 2790; x_wconf 88' lang='lat' dir='ltr'><strong>oppidum</strong></span> <span class='ocrx_word' id='word_1_435' title='bbox 2104 2724 2327 2785; x_wconf 83' lang='lat' dir='ltr'><strong>Siciliae,</strong></span> 
     </span>
     <span class='ocr_line' id='line_1_82' title="bbox 1396 2793 2107 2857; baseline -0.003 -13"><span class='ocrx_word' id='word_1_436' title='bbox 1396 2796 1543 2844; x_wconf 84' lang='lat' dir='ltr'><strong>Verr.</strong></span> <span class='ocrx_word' id='word_1_437' title='bbox 1566 2802 1782 2843; x_wconf 80' lang='lat' dir='ltr'><strong>accusat.</strong></span> <span class='ocrx_word' id='word_1_438' title='bbox 1802 2796 1853 2855; x_wconf 94' lang='grc'><strong>2,</strong></span> <span class='ocrx_word' id='word_1_439' title='bbox 1883 2794 1968 2857; x_wconf 88' lang='grc'><strong>52,</strong></span> <span class='ocrx_word' id='word_1_440' title='bbox 1992 2793 2107 2844; x_wconf 88' lang='grc'><strong>128.</strong></span> 
     </span>
    </p>

    <p class='ocr_par' dir='ltr' id='par_1_39' title="bbox 1336 2860 2330 3061">
     <span class='ocr_line' id='line_1_83' title="bbox 1336 2860 2329 2927; baseline 0.002 -16"><span class='ocrx_word' id='word_1_441' title='bbox 1336 2860 1614 2926; x_wconf 80' lang='lat' dir='ltr'><strong>Cephalus</strong></span> <span class='ocrx_word' id='word_1_442' title='bbox 1628 2876 1651 2924; x_wconf 89' lang='lat'><strong>,·</strong></span> <span class='ocrx_word' id='word_1_443' title='bbox 1688 2870 1833 2927; x_wconf 81' lang='lat' dir='ltr'><strong>pater</strong></span> <span class='ocrx_word' id='word_1_444' title='bbox 1865 2863 2048 2926; x_wconf 77' lang='lat' dir='ltr'><strong>Lysiae</strong></span> <span class='ocrx_word' id='word_1_445' title='bbox 2092 2863 2329 2925; x_wconf 85' lang='lat' dir='ltr'><strong>oratoris,</strong></span> 
     </span>
     <span class='ocr_line' id='line_1_84' title="bbox 1396 2928 2330 2999; baseline 0.002 -21"><span class='ocrx_word' id='word_1_446' title='bbox 1396 2944 1613 2994; x_wconf 83' lang='lat' dir='ltr'><strong>persona</strong></span> <span class='ocrx_word' id='word_1_447' title='bbox 1638 2932 1689 2979; x_wconf 90' lang='lat' dir='ltr'><strong>in</strong></span> <span class='ocrx_word' id='word_1_448' title='bbox 1721 2931 1941 2981; x_wconf 87' lang='lat' dir='ltr'><strong>Platonis</strong></span> <span class='ocrx_word' id='word_1_449' title='bbox 1968 2928 2243 2999; x_wconf 79' lang='grc' dir='ltr'>πολιτείᾳ,</span> <span class='ocrx_word' id='word_1_450' title='bbox 2266 2931 2330 2980; x_wconf 88' lang='lat' dir='ltr'><strong>ad</strong></span> 
     </span>
     <span class='ocr_line' id='line_1_85' title="bbox 1398 2998 1751 3061; baseline 0.003 -14"><span class='ocrx_word' id='word_1_451' title='bbox 1398 2998 1500 3047; x_wconf 76' lang='lat' dir='ltr'><strong>An.</strong></span> <span class='ocrx_word' id='word_1_452' title='bbox 1522 3001 1575 3061; x_wconf 89' lang='lat'><strong>4,</strong></span> <span class='ocrx_word' id='word_1_453' title='bbox 1598 2999 1680 3060; x_wconf 85' lang='lat'><strong>16,</strong></span> <span class='ocrx_word' id='word_1_454' title='bbox 1702 2998 1751 3049; x_wconf 86' lang='lat'><strong>3.</strong></span> 
     </span>
    </p>

    <p class='ocr_par' dir='ltr' id='par_1_40' title="bbox 1334 3064 2333 3333">
     <span class='ocr_line' id='line_1_86' title="bbox 1334 3064 2329 3132; baseline 0.001 -16"><span class='ocrx_word' id='word_1_455' title='bbox 1334 3064 1605 3130; x_wconf 85' lang='lat' dir='ltr'><strong>Cepheus.</strong></span> <span class='ocrx_word' id='word_1_456' title='bbox 1656 3066 1766 3118; x_wconf 89' lang='lat' dir='ltr'><strong>Non</strong></span> <span class='ocrx_word' id='word_1_457' title='bbox 1814 3068 2039 3118; x_wconf 84' lang='lat' dir='ltr'><strong>stellatus</strong></span> <span class='ocrx_word' id='word_1_458' title='bbox 2092 3067 2329 3132; x_wconf 81' lang='lat' dir='ltr'><strong>Cepheus</strong></span> 
     </span>
     <span class='ocr_line' id='line_1_87' title="bbox 1396 3134 2331 3203; baseline 0 -17"><span class='ocrx_word' id='word_1_459' title='bbox 1396 3150 1507 3186; x_wconf 89' lang='lat' dir='ltr'><strong>cum</strong></span> <span class='ocrx_word' id='word_1_460' title='bbox 1542 3150 1699 3185; x_wconf 83' lang='lat' dir='ltr'><strong>uxore</strong></span> <span class='ocrx_word' id='word_1_461' title='bbox 1742 3134 2099 3203; x_wconf 87' lang='lat' dir='ltr'><strong>(Cassiepea)‚</strong></span> <span class='ocrx_word' id='word_1_462' title='bbox 2141 3149 2331 3201; x_wconf 81' lang='lat' dir='ltr'><strong>genero</strong></span> 
     </span>
     <span class='ocr_line' id='line_1_88' title="bbox 1394 3200 2333 3269; baseline -0.001 -17"><span class='ocrx_word' id='word_1_463' title='bbox 1394 3202 1661 3269; x_wconf 86' lang='lat' dir='ltr'><strong>(Perseo),</strong></span> <span class='ocrx_word' id='word_1_464' title='bbox 1685 3204 1785 3253; x_wconf 83' lang='lat' dir='ltr'><strong>filia</strong></span> <span class='ocrx_word' id='word_1_465' title='bbox 1816 3200 2199 3267; x_wconf 81' lang='lat' dir='ltr'><strong>(Andromeda)</strong></span> <span class='ocrx_word' id='word_1_466' title='bbox 2227 3211 2333 3251; x_wconf 84' lang='lat' dir='ltr'><strong>tre·</strong></span> 
     </span>
     <span class='ocr_line' id='line_1_89' title="bbox 1396 3272 2332 3333; baseline -0.001 -13"><span class='ocrx_word' id='word_1_467' title='bbox 1396 3272 1623 3333; x_wconf 84' lang='lat' dir='ltr'><strong>deretur,</strong></span> <span class='ocrx_word' id='word_1_468' title='bbox 1674 3273 1775 3323; x_wconf 88' lang='lat' dir='ltr'><strong>nisi</strong></span> <span class='ocrx_word' id='word_1_469' title='bbox 1817 3272 2107 3323; x_wconf 84' lang='lat' dir='ltr'><strong>caelestium</strong></span> <span class='ocrx_word' id='word_1_470' title='bbox 2156 3272 2332 3319; x_wconf 86' lang='lat' dir='ltr'><strong>divina</strong></span> 
     </span>
    </p>
   </div>
   <div class='ocr_carea' id='block_1_11' title="bbox 1292 3338 2332 3402">
    <p class='ocr_par' dir='ltr' id='par_1_41' title="bbox 1292 3338 2332 3402">
     <span class='ocr_line' id='line_1_90' title="bbox 1292 3338 2332 3402; baseline 0 -15"><span class='ocrx_word' id='word_1_471' title='bbox 1292 3338 1301 3347; x_wconf 74' lang='lat'><strong><em>⁴</em></strong></span> <span class='ocrx_word' id='word_1_472' title='bbox 1396 3340 1618 3402; x_wconf 82' lang='lat' dir='ltr'><strong>cognitio</strong></span> <span class='ocrx_word' id='word_1_473' title='bbox 1654 3341 1980 3389; x_wconf 81' lang='lat' dir='ltr'><strong>nomen-eius</strong></span> <span class='ocrx_word' id='word_1_474' title='bbox 2008 3339 2075 3388; x_wconf 84' lang='lat' dir='ltr'><strong>ad</strong></span> <span class='ocrx_word' id='word_1_475' title='bbox 2108 3354 2332 3391; x_wconf 86' lang='lat' dir='ltr'><strong>errorem</strong></span> 
     </span>
    </p>
   </div>
   <div class='ocr_carea' id='block_1_12' title="bbox 1394 3406 2333 3470">
    <p class='ocr_par' dir='ltr' id='par_1_42' title="bbox 1394 3406 2333 3470">
     <span class='ocr_line' id='line_1_91' title="bbox 1394 3406 2333 3470; baseline 0.004 -15"><span class='ocrx_word' id='word_1_476' title='bbox 1394 3406 1597 3457; x_wconf 65' lang='lat' dir='ltr'><strong>‘abulae</strong></span> <span class='ocrx_word' id='word_1_477' title='bbox 1619 3407 1950 3470; x_wconf 83' lang='lat' dir='ltr'><strong>traduxisset,</strong></span> <span class='ocrx_word' id='word_1_478' title='bbox 1972 3406 2177 3456; x_wconf 86' lang='lat' dir='ltr'><strong>Tuscul.</strong></span> <span class='ocrx_word' id='word_1_479' title='bbox 2203 3408 2256 3466; x_wconf 87' lang='lat'><strong>5,</strong></span> <span class='ocrx_word' id='word_1_480' title='bbox 2278 3406 2333 3467; x_wconf 83' lang='lat'><strong>3,</strong></span> 
     </span>
    </p>
   </div>
   <div class='ocr_carea' id='block_1_13' title="bbox 2471 21 2480 3819">
    <p class='ocr_par' dir='ltr' id='par_1_43' title="bbox 2471 21 2480 3819">
     <span class='ocr_line' id='line_1_92' title="bbox 2471 21 2480 3819; baseline 0 0"><span class='ocrx_word' id='word_1_481' title='bbox 2471 21 2480 3819; x_wconf 95' lang='lat' dir='ltr'><strong> </strong></span> 
     </span>
    </p>
   </div>
  </div>
 </body>
</html>
