2500 3850
0 1161 9 1238 l

3 1241 38 1280 ..ΙΙ

3 1253 40 1338 l.

3 1323 40 1359 ,ε

3 1374 5 1389 l

5 1413 14 1427 .-

712 181 774 231 0.
807 181 1214 231 SCRIBONIUS
1249 185 1479 234 CURIO.

113 339 361 388 ‘Vincat
419 337 611 385 utilitas
659 338 732 386 rei
778 336 964 402 publ.’,
1013 338 1078 387 de

116 408 215 456 off.
261 405 298 457 3
358 407 452 465 22,
483 404 570 456 88.
603 430 670 442 -—
715 405 768 456 C.
809 407 960 457 Curio
1001 407 1077 457 fa—

116 470 290 524 veBat
325 444 426 539 legi
449 467 704 538 Maniliae,
738 476 798 525 de
832 476 955 541 imp.
984 475 1073 529 Cn.

117 544 320 608 Pomp.
350 543 432 601 23,
454 542 536 593 68.
579 569 649 579 --
678 542 732 591 Ρ.
762 543 992 594 Clodium
1023 548 1075 594 in

119 621 318 669 senatu
348 613 520 661 iuvare
553 611 733 661 frustra
764 614 932 663 studet
953 628 998 663 a.
1020 630 1070 663 u.

122 700 172 735 c.
201 680 354 745 693„
394 682 458 730 ad
479 681 583 730 Att.
609 681 658 746 1,
683 682 762 746 14,
798 680 848 734 5.
869 708 938 719 -
977 682 1074 733 Οιι-

122 754 204 800 rio
250 751 315 799 de
347 748 788 799 animadversione
823 753 876 801 iu
900 750 1075 801 Catili-

121 821 308 869 narios
330 820 461 868 dixit
478 825 592 867 ante
612 816 868 882 Catonem,
891 821 963 869 lb.
989 821 1074 879 12,

122 887 301 947 21,1,
343 915 408 925 —
447 886 780 938 Consulatum
819 888 1074 939 Ciceronis

122 924 708 1015 ἄποθέωσιννοοαδαι,
724 957 789 1007 ad
803 958 906 1007 Att.
926 958 972 1018 1,
988 956 1072 1017 16,

30 1011 38 1020 '
128 1025 217 1079 13
256 1026 322 1073 01.
345 1024 570 1089 Philipp.
591 1027 715 1088 2,5,
744 1027 827 1075 12.
852 992 1078 1084 —duni

129 1096 182 1143 ei
202 1095 380 1144 Cicero
402 1094 465 1145 de
485 1094 590 1143 filio
611 1096 856 1155 suaserit,
890 1095 962 1145 Ib.
989 1094 1071 1153 18,

126 1162 217 1215 45.
235 1162 369 1212 -C.
386 1162 652 1213 Curionem
677 1179 789 1213 cum
817 1164 920 1214 filio
934 1165 1076 1230 prin-

130 1233 250 1297 cipe
263 1233 536 1283 iuventutis
548 1232 604 1280 L.
617 1233 774 1282 Vettii
790 1233 975 1283 iudicio
991 1234 1074 1285 de·

130 1300 236 1349 lere
249 1302 408 1351 voluit
421 1302 733 1360 P.Vatinius,
749 1302 980 1351 tribunus
998 1302 1069 1365 pl.

135 1384 250 1421 a.u.
277 1386 325 1422 c.
354 1366 494 1428 695„
521 1370 572 1417 in
590 1368 850 1421 Vatinium
873 1370 955 1427 10,
981 1372 1069 1423 24.

135 1436 192 1489 C.
221 1436 398 1498 Curi0,
437 1438 667 1501 pontifex
692 1452 740 1487 a.
771 1454 822 1486 ιι.
855 1453 899 1485 c.
931 1437 1070 1498 697„

135 1506 199 1555 de
228 1506 440 1569 harusp.
462 1520 597 1570 resp.
619 1506 680 1563 6,
716 1506 799 1557 12.
830 1533 898 1541 -
917 1506 1072 1557 Bonis

136 1575 497 1624 adnumeratur
519 1589 568 1627 a.
592 1590 642 1622 u.
668 1590 712 1623 e.
732 1572 852 1627 698.
867 1610 883 1635 ‚
905 1576 994 1630 ‚ad
1009 1575 1070 1635 Q.

135 1643 201 1692 fr.
229 1644 280 1703 2,
303 1642 353 1702 3,
373 1645 424 1699 2,
461 1669 528 1679 -
563 1642 672 1703 Quo
702 1644 852 1699 modo
881 1659 936 1694 se
957 1658 1078 1710 ge&

136 1713 258 1761 serit
277 1712 328 1760 in
348 1727 500 1764 causa
516 1712 788 1761 Ptolemaei
815 1714 951 1778 regis
973 1715 1071 1767 Ae-

139 1782 281 1846 gypti
302 1796 347 1829 a.
364 1797 416 1834 ιι.
433 1797 478 1829 c.
502 1780 640 1842 698„
663 1781 730 1831 ad
745 1781 867 1831 fam.
888 1782 998 1848 ¹²4»
1024 1782 1098 1837 14.

137 1850 381 1901 -—.Curio
413 1856 588 1915 pater,
630 1851 896 1913 privata-in
919 1866 1073 1905 eausa

135 1934 324 1982 magna
339 1945 366 1956 -
382 1945 404 1955 -
425 1935 577 1984 quum
595 1920 847 1988 coepisset
860 1935 1071 1986 respon-

136 1991 270 2046 dere,
290 1989 456 2038 subito
469 1989 684 2049 adsedit,
700 2005 849 2052 quum
875 1991 1071 2040 sibive

139 2058 278 2107 neuis
297 2065 521 2122 ereptam
540 2061 841 2116 memoriam
861 2059 1080 2119 diceret,

137 2135 261 2176 orat.
292 2126 376 2186 37,
416 2128 530 2180 129.
561 2154 632 2165 -
654 2128 783 2178 Eum
811 2129 1068 2191 quondam

138 2197 301 2246 contio
323 2196 541 2259 reliquit,
562 2198 701 2249 Brut.
725 2197 811 2257 51,
833 2197 952 2252 192
992 2199 1068 2251 lb.

137 2263 221 2327 29,
255 2264 371 2316 110.
422 2264 494 2314 Ib.
527 2265 612 2325 58,
647 2263 766 2315 210.
791 2265 1070 2316 ——Orator

137 2333 310 2382 Latine
346 2347 446 2381 non
491 2334 712 2398 pessime
747 2332 1066 2396 loquebatur,

139 2403 228 2451 sed
250 2409 354 2450 erat
374 2401 625 2461 indoctus,
646 2403 889 2454 memoria
905 2402 1066 2464 nulla,

140 2471 330 2520 actione
350 2471 613 2530 ridiculus,
626 2472 700 2520 lb.
724 2471 810 2534 59,
831 2470 932 2529 213
953 2486 1065 2534 sqq

141 2539 224 2598 60,
247 2537 360 2588 216.
402 2539 519 2591 217.
559 2540 678 2592 220.
731 2539 804 2591 Ib.
826 2538 913 2600 66,
940 2539 1061 2592 234.

139 2609 209 2658 lb.
230 2605 321 2666 89,
352 2607 469 2661 305.
500 2635 566 2644 --
596 2607 868 2659 Eiusliber
884 2609 1066 2660 adver.

138 2690 225 2726 sus
255 2675 544 2739 Caesarem,
590 2677 664 2728 lb
706 2673 802 2736 60,
835 2677 958 2728 218.
996 2704 1071 2718 -—

137 2745 335 2794 Dicebat
366 2761 423 2796 se
460 2745 660 2806 omnia,
692 2761 825 2809 qnae
859 2745 1068 2798 haberet

139 2813 478 2878 amplissima,
536 2815 646 2864 sine
698 2814 803 2867 ulio
857 2829 1076 2866 munere.

143 2883 369 2946 adeptum
391 2898 530 2945 esse,
571 2883 634 2933 de
653 2883 740 2932 off.
763 2885 824 2946 2,
865 2883 948 2944 17,
976 2883 1072 2936 59..

139 2949 315 3000 Contra
355 2967 476 3000 eum
499 2952 627 3002 dixit
657 2951 828 3002 Cicero
868 2953 920 3002 in
950 2968 1062 3004 ora-

139 3020 268 3068 tione
313 3021 364 3068 in
403 3020 634 3072 Clodium
687 3027 734 3073 et
771 3020 1059 3088 Curionem,

142 3088 312 3153 fragm.
337 3104 388 3154 p.
410 3091 522 3146 201
543 3106 656 3152 sqq·

79 3153 137 3203 C.
163 3155 474 3209 Scribonius
493 3156 553 3208 C.
565 3157 630 3208 F.
651 3155 841 3219 Curio,
855 3160 921 3210 ad
941 3159 1062 3214 fam.

143 3224 192 3285 8,
216 3225 267 3285 8
281 3227 448 3280 5et6.
473 3228 643 3278 —Ad
661 3242 781 3282 eum
799 3235 918 3281 sunt
934 3230 1064 3279 sori-

144 3289 250 3357 'ptae
263 3308 338 3357 ep.
356 3295 420 3344 ad
432 3296 552 3348 fam.
563 3297 619 3346 2.
647 3296 973 3361 ep.1--8.-=
986 3299 1061 3348 De

147 3363 246 3411 eius
271 3364 470 3426 ingenio
499 3371 548 3414 et
577 3364 818 3416 facultate
837 3366 1058 3425 dicendi,

143 3431 270 3479 Brut.
290 3430 372 3492 81,
393 3431 510 3483 280.
545 3458 614 3470 -
645 3431 798 3483 Curio
828 3433 1055 3488 filius-G.

2030 174 2152 237 349

1221 339 1473 401 Curionis,
1490 341 1552 391 ab
1573 340 1668 390 hoc
1687 339 1899 403 loquens
1922 342 2157 391 inductus

1217 410 1271 458 in
1302 410 1458 473 libro,
1500 425 1601 472 quo
1620 409 1853 459 Caesaris
1878 425 1958 459 res
1983 420 2155 475 gestas

1215 478 1566 542 reprehendit,
1597 477 1734 527 Brut.
1776 477 1879 543 58,
1922 478 2041 532 210.
2079 481 2155 531 lb.

1214 548 1300 610 60,
1337 546 1457 599 218.
1502 574 1572 584 -
1606 547 1661 597 C.
1686 547 1837 597 Curio
1870 555 2067 599 amator
2090 549 2159 597 M.

1215 616 1443 681 Antonii,
1479 616 1703 683 Philipp.
1728 616 1778 679 2,
1820 617 1871 675 2,
1892 615 1943 669 3.
2000 618 2075 669 Ib.
2108 621 2158 679 2,

1217 684 1311 747 18,
1363 688 1449 736 44.
1498 712 1568 722 —
1618 684 1739 734 Eius
1791 700 1924 735 uxor
1962 685 2157 743 Fulvia,
2164 688 2191 753 ζ’

1214 760 1375 817 nupta
1394 761 1576 818 postea
1596 753 1847 815 Antonio,
1886 754 1961 804 Ib.
2004 755 2064 815 2,
2108 755 2159 812 5,

1218 823 1300 872 11.
1321 850 1391 859 —
1421 822 1657 873 Curionis
1676 822 1861 883 filiola,
1894 824 1961 874 ad
1981 823 2137 873 Att.1
2240 880 2251 889 ·

1216 858 1935 962 14,5.1b.1,15,1.b'—
1976 826 2160 952 Clodili,

1217 958 1465 1023 Caesam„
1487 962 1719 1026 Pompeii
1738 942 1869 1011 inter
1893 960 2037 1025 ipsos
2057 962 2161 1010 dis·

1214 1030 1467 1079 sensionis
1504 1029 1677 1081 Cicero
1719 1030 1970 1092 quaedam
2011 1031 2159 1079 initia

1217 1099 1375 1149 sensit
1410 1115 1477 1149 ex
1510 1098 1725 1149 Curione
1760 1113 1807 1148 a.
1849 1115 1909 1149 u.·
1937 1114 1980 1149 c.
2015 1097 2158 1158 695„

1215 1167 1284 1216 ad
1296 1168 1401 1217 Att.
1433 1170 1483 1229 2,
1512 1171 1563 1227 7,
1585 1167 1634 1218 3.
1657 1187 1730 1203 *-
1759 1166 1912 1218 Curio
1934 1167 2157 1229 Caesari,

1213 1236 1477 1300 Pompeio,
1500 1236 1683 1288 Crasso
1704 1238 1941 1286 inimicus
1961 1251 2011 1285 a.
2033 1252 2088 1285 u.
2110 1251 2155 1287 c.

1212 1303 1335 1354 695.
1354 1340 1369 1366 ,
1401 1306 1469 1355 ad
1484 1305 1591 1357 Att.
1613 1306 1646 1355 2
1665 1340 1678 1362 ,
1695 1304 1759 1361 8,
1784 1304 1832 1354 1.
1859 1331 1924 1341 -—
1952 1307 2157 1356 Vettius

1213 1372 1371 1422 index
1400 1372 1606 1423 Caesari
1634 1371 1893 1436 pollicitus
1939 1382 2015 1423 est
2044 1387 2157 1423 sese

1212 1449 1531 1505 curaturum,
1571 1447 1625 1489 ut
1652 1441 1704 1488 in
1734 1440 1957 1502 aliquam
1988 1442 2158 1505 suspi-

1213 1510 1410 1559 cionem
1443 1508 1687 1560 facinoris
1708 1509 1859 1559 Curio
1896 1509 2033 1558 filius
2068 1510 2159 1559 ad-

1213 1578 1482 1629 duceretur
1506 1586 1601 1628 etc.
1643 1592 1689 1627 a.
1730 1593 1782 1630 u.
1820 1593 1865 1631 c.
1900 1577 2050 1637 695„
2090 1579 2157 1629 ad

1210 1646 1317 1700 Att.
1340 1648 1392 1707 2,
1426 1648 1510 1709 24,
1535 1648 1569 1696 2
1590 1660 1701 1709 sqq.
1736 1674 1805 1684 —
1835 1644 1985 1697 Curio
2021 1648 2155 1697 filius

1211 1715 1369 1766 iratus
1413 1718 1469 1765 P.
1512 1714 1687 1767 Clodio
1729 1715 2040 1769 tribunatum
2079 1716 2155 1782 pl.

1210 1785 1403 1848 petenti
1435 1800 1480 1834 a.
1516 1800 1566 1833 u.
1592 1799 1635 1834 c.
1658 1781 1811 1846 695„
1859 1786 1925 1835 ad
1960 1786 2067 1838 Ate.
2100 1784 2153 1846 2,

1214 1853 1300 1914 12,
1339 1854 1390 1903 2.
1440 1879 1501 1889 -
1539 1854 1601 1903 Εἰ
1640 1852 1871 1917 plausus,
1912 1855 2152 1905 salutatio

1211 1920 1414 1984 aliaque
1433 1922 1815 1974 benevolentiae
1834 1925 1985 1989 signa
2015 1941 2044 1974 a
2065 1926 2154 1974 bo-

1210 1993 1290 2042 nis
1310 1993 1683 2057 impertiuntur,
1724 1993 1852 2054 quia·
1866 1992 2074 2044 Caesari
2107 2001 2155 2041 et

1207 2059 1448 2125 Pompeio
1471 2063 1787 2121 adversatur,
1826 2062 1900 2111 Ib.
1928 2063 1979 2122 2,
2002 2062 2085 2122 18,
2102 2061 2150 2114 1.

1206 2157 1278 2170 -Η
1296 2129 1482 2180 Caesar
1503 2146 1656 2194 quum
1683 2130 1818 2180 ludis
1841 2130 2153 2196 Apollinari-

1205 2199 1303 2248 bus
1324 2212 1372 2252 a.
1399 2215 1449 2253 u.
1476 2215 1521 2249 c.
1542 2199 1661 2252 695.
1710 2200 1933 2250 venisset
1952 2208 2152 2250 mortuo

1207 2268 1417 2331 plausu,
1460 2267 1661 2320 Curioni
1684 2268 1791 2318 filio
1823 2277 2053 2320 summus
2072 2269 2153 2319 fa-

1210 2351 1304 2386 vor
1334 2336 1499 2386 factus
1519 2346 1613 2386 est.
1671 2337 1809 2386 Tulit
1829 2337 2017 2388 Caesar
2032 2353 2151 2403 gra-

1205 2406 1351 2468 viter,
1380 2408 1446 2455 ad
1463 2406 1568 2460 Att.
1592 2407 1643 2465 2,
1676 2404 1757 2468 19,
1795 2403 1847 2454 3.
1880 2432 1949 2442 -
1981 2408 2149 2455 Axius

1204 2487 1306 2523 non
1339 2475 1407 2523 ita
1438 2471 1904 2524 laudat-Curionem
1926 2511 1941 2534 ,
1981 2474 2054 2527 Ib.
2099 2473 2151 2532 3,

1208 2542 1294 2602 15,
1316 2541 1365 2592 3.
1408 2569 1475 2580 --
1512 2542 1639 2592 Eius
1659 2542 1850 2601 oratio,
1886 2542 1962 2595 Ib.
1986 2541 2037 2603 3,
2052 2541 2148 2603 20,

1203 2613 1256 2662 2.
1292 2637 1353 2646 -—
1380 2611 1503 2661 Eius
1544 2611 1725 2660 merita
1762 2612 1811 2658 in
1851 2608 2149 2662 Ciceronem

1205 2687 1433 2743 tempore
1460 2678 1727 2740 Clodiano,
1766 2680 1835 2732 ad
1870 2680 1992 2730 fam.
2014 2682 2067 2740 2,
2098 2681 2147 2740 1,

1204 2749 1259 2802 2.
1294 2774 1358 2784 -
1404 2749 1466 2798 Εἰ
1501 2757 1645 2813 pater
1683 2748 1885 2799 decedit
1932 2765 1979 2799 a.
2008 2766 2059 2800 ιι.
2100 2765 2145 2798 c.

1205 2817 1347 2881 701„
1370 2818 1458 2876 ,1b.
1499 2818 1563 2883 2,
1597 2819 1649 2867 2.
1688 2845 1755 2854 --
1793 2817 1915 2872 Eius
1936 2817 2147 2870 libertus

1202 2886 1353 2950 Rupe
1380 2893 1673 2948 excusatur,
1714 2886 1850 2949 quod
1888 2888 1939 2936 in
1970 2887 2147 2938 funere

1201 2956 1365 3018 patris
1396 2956 1543 3008 ludos
1568 2970 1669 3006 non
1706 2957 2027 3023 promiserit,
2064 2956 2145 3008 lb.

1203 3025 1252 3086 2,
1288 3024 1337 3084 3,
1370 3024 1419 3075 1.
1460 3051 1531 3068 -·-
1564 3025 1692 3078 Eum
1730 3023 1899 3074 Cicero
1938 3025 2004 3072 ad
2042 3030 2147 3073 stu-

1205 3094 1345 3144 dium
1374 3109 1603 3156 summae
1636 3093 1803 3144 laudis
1822 3092 2143 3152 ,cohortatum

1202 3162 1278 3213 Ib.
1319 3163 1370 3224 2,
1408 3164 1460 3212 4.
1486 3188 1554 3200 —-
1590 3162 1649 3210 Ei
1694 3176 1757 3211 ex
1792 3161 2054 3224 provincia
2092 3162 2145 3210 in

1201 3230 1401 3279 Italiam
1432 3230 1725 3280 adventanti
1754 3229 1957 3279 Milonis
1987 3244 2143 3279 causa

1201 3297 1518 3351 consulatum
1560 3298 1777 3364 petentis
1820 3298 2143 3348 commenda-

1198 3374 1298 3426 tur,
1320 3367 1395 3420 Ib.
1423 3367 1473 3430 2,
1498 3367 1548 3416 6.
1584 3394 1651 3403 -
1670 3367 1793 3416 Eius
1816 3366 2067 3417 theatrum
2088 3368 2141 3416 in

1201 3434 1403 3485 funebri
1415 3437 1576 3501 patris
1590 3450 1793 3488 munere
1808 3444 2141 3496 exstructum,
