2500 3850
889 207 1210 256 Assomm
1236 195 1323 241 -’-
1343 208 1847 257 ATHENIENSES.

333 367 624 428 Assorum,
679 366 931 430 oppidum
969 361 1171 414 Siciliae
1187 400 1202 425 ,
1247 363 1339 412 ho-

400 436 481 484 die
498 433 702 494 Αεονο,
736 434 886 485 Verr.
909 441 1130 482 accusat.
1159 436 1222 493 4,
1251 433 1337 491 44,

331 503 568 638 Αοῖξίἰί,
589 570 900 637 astrologiae
921 571 1204 621 inventores
1219 607 1234 631 ,
1273 570 1335 620 de

399 641 553 690 divin.
576 639 624 699 l,
648 639 697 700 l,
719 642 770 691 2.

329 708 554 761 Astarte
569 744 584 770 ,
611 709 790 757 eadem
809 722 937 770 quae
953 709 1124 758 Venus
1138 715 1331 770 quarta,

398 780 464 829 de
479 793 530 827 n.
558 777 607 826 d.
631 775 679 834 3,
700 775 786 837 23,
806 776 892 828 59.

330 845 551 897 Asteria
565 882 580 910 ,
599 844 824 896 Latonae
844 857 988 894 soror
1002 880 1016 904 ,
1053 845 1114 894 de
1137 859 1184 893 n.
1207 844 1258 893 d.
1282 841 1332 904 3,

397 916 463 966 16
476 952 491 975 ,
511 918 598 967 42.
620 941 686 952 -—
706 915 868 966 Mater
885 915 1126 972 Hecatae,
1152 913 1226 962 lb.
1251 913 1331 973 18,

327 984 534 1115 Αεῗξιὲἰ,
573 1046 768 1112 ἄστεος
803 1055 1086 1104 Thebarum
1118 1048 1329 1112 incolae,

396 1123 459 1172 de
478 1122 636 1176 divin.
659 1123 710 1182 2,
729 1123 815 1183 64,
840 1123 958 1176 133.

325 1189 468 1241 Astu
485 1190 698 1240 Athenis
711 1227 726 1249 ,
745 1193 807 1240 de
829 1192 932 1258 leg.
957 1195 1005 1249 2,
1026 1191 1076 1248 2,
1095 1191 1145 1240 5.

325 1259 560 1322 Astura,
587 1260 784 1310 flumen
817 1262 976 1319 Latii,
1015 1260 1082 1309 ad
1118 1259 1242 1309 fam.
1274 1259 1327 1320 6,

395 1328 478 1388 19,
499 1330 548 1380 2.
591 1331 656 1380 ad
677 1332 779 1385 Att.
809 1331 892 1393 12,
911 1329 995 1380 40.

323 1394 635 1464 Astyages,
656 1413 747 1448 rex
766 1399 989 1460 Mediae,
1013 1395 1074 1446 de
1094 1396 1253 1446 divin.
1278 1398 1326 1458 1,

322 1465 641 1602 Αοῖξίιξιξιί,
671 1535 898 1584 Hectoris
915 1494 1078 1594 filius,
1109 1547 1330 1599 persona

391 1605 446 1652 in
464 1603 616 1652 Ennii
633 1603 987 1655 Andromacha
1001 1640 1017 1669 ,
1047 1603 1116 1653 ad
1134 1605 1239 1656 Att.
1274 1606 1326 1662 4,

321 1672 813 1806 Asssizgineenses,
836 1741 900 1791 de
911 1755 962 1794 n.
984 1741 1034 1792 d.
1057 1740 1108 1800 3,
1133 1740 1216 1800 18,
1237 1740 1323 1791 45.

321 1807 563 1860 Asuvius
593 1809 832 1872 Larinas,
867 1824 956 1874 pro
986 1808 1216 1860 Cluentio
1238 1806 1322 1869 13,

318 1877 624 1999 ΑεΞιθιιῗιἿίςιίε
645 1964 689 1998 s.
709 1946 1068 2013 Antandrium,
1089 1948 1157 1998 ad
1176 1946 1235 2005 Q.
1259 1946 1321 1996 fr.

317 2018 798 2149 Atssi'uzs'‚²a‘d§of³i‘r.
821 2087 872 2147 2,
897 2036 977 2147 lo,
1000 2086 1048 2137 1.
1177 2052 1182 2055 ’

318 2153 362 2203 C
376 2190 388 2201 .
410 2150 605 2205 Ateius
623 2191 638 2217 ,
662 2171 708 2208 ν.
735 2151 982 2205 Gateius.

317 2220 382 2271 C.
401 2220 599 2272 Ateius
625 2220 824 2288 Capito
839 2258 854 2286 ,
883 2224 947 2272 de
971 2222 1129 2275 divin.
1155 2223 1184 2272 1
1199 2258 1214 2283 ,
1237 2220 1322 2283 16,

389 2290 474 2341 29.
515 2292 582 2341 ad
601 2292 720 2341 fam.
747 2290 828 2353 13,
849 2292 934 2352 29,
956 2292 1006 2340 2.

317 2357 381 2409 L.
419 2357 616 2410 Ateius
654 2358 820 2426 (Att.)
848 2359 911 2409 L.
933 2357 998 2408 F.
1027 2358 1135 2410 An.
1171 2356 1324 2423 (tensi

391 2428 546 2493 tribu)
584 2426 811 2493 Capito,
849 2430 913 2477 ad
949 2428 1068 2477 fam.
1107 2427 1166 2488 8,
1197 2428 1258 2488 8,
1289 2428 1321 2477 5

315 2496 533 2627 Atz'ili',
555 2566 886 2629 municipium
909 2565 1216 2629 Campaniae
1243 2566 1324 2613 in·

385 2644 463 2683 ter
494 2632 718 2698 Capuam
745 2641 794 2683 et
813 2634 1091 2699 Neapolin,
1123 2636 1187 2685 de
1207 2634 1324 2698 lege

388 2718 500 2768 agr.
520 2702 573 2763 2,
593 2702 680 2761 31,
701 2702 786 2754 86.

313 2769 610 2821 Atellanae
657 2771 862 2821 fabulae
906 2773 1016 2823 sive
1053 2770 1172 2821 Osci
1215 2771 1324 2820 ludi

387 2840 492 2888 dati
518 2853 551 2888 a
578 2838 668 2893 Cn.
692 2841 934 2905 Pompeio
967 2856 1015 2894 a.
1036 2856 1087 2888 u.
1111 2856 1155 2893 e.
1179 2838 1321 2899 699.,

352 2926 360 2931 ·
386 2908 455 2957 ad
491 2906 612 2962 fam.
656 2911 708 2971 7,
749 2909 774 2959 1
793 2946 806 2969 ,
843 2908 898 2962 3.
955 2909 1217 2968 Atellana,
1260 2908 1327 2958 ad

387 2977 512 3026 fam.
535 2976 587 3037 9,
612 2976 694 3037 16,
715 2978 765 3030 7.

315 3042 632 3095 Atellaniae
650 3060 827 3095 versus
842 3081 855 3105 ‚
889 3046 952 3096 de
974 3046 1132 3097 divin.
1152 3046 1186 3095 2
1201 3078 1218 3111 ,
1240 3045 1324 3111 10,

316 3112 638 3233 mazzanum
668 3183 999 3248 municipium
1027 3185 1078 3233 iu
1109 3182 1324 3249 Campa-

385 3250 473 3367 ἲίἳα
489 3251 591 3369 ,3ad
613 3250 732 3304 fam.
755 3249 839 3314 13,
860 3253 911 3313 7,
934 3252 981 3303 1.
1017 3252 1084 3302 ad
1103 3252 1160 3311 Q.
1185 3251 1323 3351 rus,

321 3354 564 3506 aggii&
577 3394 627 3437 et
655 3388 872 3454 Tarpeia
900 3389 1016 3451 lex,
1048 3388 1111 3439 de
1130 3405 1175 3438 r.
1196 3403 1250 3454 p.
1272 3390 1327 3450 2,

460 3490 478 3514 ,
567 3490 582 3506 .

2328 197 2409 260 37

1407 363 1473 418 A.
1495 362 1758 415 Aternius
1780 373 1829 414 et
1848 361 1943 430 sp.
1976 361 2255 429 Tarpeius
2276 381 2408 416 coss.

1477 447 1524 482 a.
1546 448 1594 481 u.
1618 448 1660 481 c.
1682 432 1821 497 299„
1846 434 1910 483 de
1929 447 1970 482 r.
1994 447 2047 497 p.
2072 433 2122 492 2,
2144 431 2229 494 35,
2254 434 2338 485 60.

1406 499 1697 551 Athamas.
1738 501 1858 552 Eius
1888 502 2187 561 exsultatio,
2227 503 2291 553 de
2320 503 2411 552 ha-

1470 584 1611 633 rusp‚
1634 584 1772 634 resp.
1797 569 1889 632 18,
1909 569 1995 624 39.
2018 597 2083 606 --—
2105 571 2227 620 Eius
2250 572 2409 632 furor,

1474 638 1679 688 Tuscul.
1710 637 1771 698 3,
1803 638 1868 699 5,
1905 639 1986 690 11.
2015 665 2085 676 -——·
2113 638 2228 691 Piso
2252 641 2410 690 Atha-

1471 715 1641 756 mante
1655 708 1954 767 dementior,
1974 708 2027 756 in
2038 708 2205 762 Pison.
2223 709 2308 772 20,
2322 712 2408 763 47.

1401 775 1676 827 Athamas
1698 791 1875 826 servus
1893 776 2081 838 Attici,
2110 777 2178 827 ad
2197 779 2301 832 Att.
2328 780 2410 839 12,

1403 913 1697 978 Athamas,
1718 913 1942 974 saltator,
1964 914 2016 963 in
2033 914 2201 964 Pison.
2224 913 2309 979 36,
2321 915 2406 967 89.

1401 982 1745 1033 Athamanes
1766 983 1958 1032 venditi
1979 997 2010 1032 a
2026 982 2084 1031 L.
2108 983 2289 1034 Pisone
2306 1021 2322 1046 ,
2357 986 2408 1033 iu

1470 1052 1640 1102 Pison.
1661 1051 1745 1110 40,
1766 1050 1853 1105 96.

1402 1119 1685 1185 Athenae,
1713 1120 1941 1170 Athenae
1960 1122 2184 1181 Atticae,
2206 1130 2329 1172 orat.
2356 1125 2407 1182 7,

1469 1189 1551 1241 23.
1577 1216 1643 1225 -
1664 1188 1878 1239 Athenis
1907 1197 2059 1240 tenue
2078 1191 2273 1240 eaelum
2294 1227 2309 1251 ,
2344 1191 2407 1240 de

1468 1258 1574 1310 fato
1608 1263 1669 1320 4,
1699 1261 1750 1311 7.
1778 1286 1845 1294 -·
1874 1261 1931 1308 In
1970 1260 2127 1310 tutela
2156 1259 2408 1324 Apollinis

1468 1330 1697 1387 fuerunt,
1734 1327 1797 1377 de
1826 1342 1875 1376 n.
1902 1329 1952 1380 (1.
1979 1328 2040 1388 3,
2076 1329 2174 1390 22,
2206 1328 2290 1377 55.
2332 1329 2405 1378 lb.

1468 1399 1565 1459 23,
1597 1400 1682 1451 57,
1706 1421 1772 1433 --·
1796 1395 1945 1449 Verr.
1978 1401 2201 1450 accusat.
2228 1397 2252 1445 l
2271 1433 2285 1455 ‚
2323 1398 2405 1456 17,

1468 1468 1557 1517 45.
1580 1493 1646 1502 -
1669 1467 1732 1515 de
1753 1465 1890 1532 legg.
1915 1465 1941 1514 1
1961 1499 1975 1523 ,
2012 1463 2069 1522 1,
2098 1465 2150 1517 2.
2187 1465 2250 1516 de
2278 1479 2326 1512 n.
2352 1465 2401 1514 d.

1471 1535 1521 1596 3,
1545 1534 1625 1594 18,
1644 1533 1731 1586 46.
1760 1533 1811 1596 3,
1832 1534 1919 1595 21,
1939 1529 2025 1586 53.
2054 1529 2106 1594 3,
2131 1531 2211 1590 19,
2229 1530 2313 1582 49.
2338 1559 2406 1570 -

1465 1603 1539 1652 Ib.
1573 1605 1622 1665 S.
1664 1604 1747 1656 50.
1787 1630 1852 1640 —-
1891 1617 1985 1668 pro
2026 1601 2130 1654 Mil.
2178 1601 2275 1664 29,
2313 1600 2400 1653 80.

1466 1701 1534 1709 -
1552 1672 1725 1738 deleg.
1754 1674 1805 1734 2,
1829 1673 1913 1733 14,
1934 1671 2015 1724 36.
2045 1672 2119 1722 Ib.
2142 1675 2191 1736 2,
2210 1674 2297 1732 25,
2316 1670 2401 1724 63.

1465 1743 1537 1792 Ib.
1561 1742 1622 1802 3,
1656 1742 1750 1803 11,
1778 1742 1864 1795 26.
1887 1744 2036 1792 ⁴-de
2067 1741 2149 1792 off.
2175 1742 2233 1805 1,
2269 1743 2326 1804 1,
2353 1742 2400 1792 1.

1462 1826 1557 1876 pro
1586 1811 1759 1861 Flacco
1790 1810 1880 1871 26,
1916 1810 2003 1864 62.
2038 1837 2103 1846 -
2137 1810 2278 1861 Brut.
2315 1811 2400 1870 10,

1464 1881 1550 1933 39.
1577 1905 1645 1916 --
1682 1881 1745 1931 de
1781 1887 1885 1945 opt.
1926 1895 2047 1946 gen.
2088 1895 2159 1931 or.
2205 1881 2237 1931 7
2254 1915 2268 1941 ,
2312 1879 2396 1933 19.

1464 1977 1529 1985 -
1558 1964 1649 2014 pro
1680 1949 1836 2000 Balbo
1868 1950 1963 2009 12,
1995 1949 2078 2001 30.
2104 1950 2256 1998 ——ad
2273 1949 2396 1999 fam.

1462 2019 1523 2078 9,
1558 2018 1647 2079 16,
1674 2018 1723 2069 6.
1748 2018 1809 2069 de
1831 2034 1905 2072 or.
1931 2018 1989 2077 1,
2015 2019 2078 2078 4,
2111 2016 2195 2072 13.
2218 2016 2278 2077 3,
2313 2019 2397 2077 11,

1460 2088 1547 2139 43.
1580 2086 1720 2137 Brut.
1756 2089 1819 2146 7,
1848 2087 1933 2138 26.
1962 2087 2035 2138 lb.
2070 2085 2162 2147 13,
2196 2086 2279 2136 49.
2314 2088 2398 2145 74,

1460 2155 1580 2207 258.
1621 2162 1745 2207 orat.
1782 2157 1877 2214 44,
1935 2155 2050 2206 151.
2099 2155 2166 2204 ad
2198 2155 2305 2205 Ate.
2346 2155 2396 2213 2,

1464 2226 1491 2276 1
1510 2262 1525 2286 ,
1546 2224 1598 2274 2.
1632 2226 1683 2284 5,
1704 2223 1789 2285 10,
1808 2225 1858 2275 5.
1890 2222 1941 2285 6,
1966 2225 2016 2281 1,
2036 2222 2121 2275 26.
2150 2250 2215 2259 -—-
2236 2224 2394 2273 divin.

1460 2296 1511 2344 in
1532 2293 1593 2351 Q.
1618 2292 1803 2343 Caecil.
1828 2294 1920 2349 12,
1949 2291 2035 2345 39.
2064 2320 2130 2329 -—-
2151 2292 2202 2341 in
2220 2292 2393 2345 Pison.

1459 2362 1544 2415 4⁰0
1562 2360 1649 2415 96.
1672 2389 1737 2397 —
1759 2362 1825 2410 ad
1844 2363 1944 2409 Alto
1966 2362 2017 2418 2,
2044 2360 2092 2419 l,
2112 2361 2163 2411 2·

1388 2420 1687 2493 Ἀθῆναι,
1724 2429 2054 2483 Proverbium
2088 2418 2277 2491 γλαῦκ’
2317 2421 2399 2485 εἰς

1454 2487 1714 2560 Ἀθήνας,
1744 2497 1809 2546 ad
1829 2496 1949 2549 fam.
1972 2494 2023 2557 6,
2042 2495 2093 2556 3,
2114 2498 2163 2545 4.
2194 2496 2245 2555 9,
2268 2496 2318 2557 3,
2342 2497 2393 2551 2.

1390 2554 1758 2631 Ἀθηναίων
1790 2561 2117 2629 (πολιτεία)
2155 2563 2283 2615 liber
2302 2565 2397 2615 Di-

1464 2634 1697 2685 caearchi
1710 2672 1725 2697 ,
1746 2634 1814 2685 ad
1830 2634 1931 2683 Att.
1955 2635 1988 2684 2
2004 2673 2019 2697 ,
2038 2635 2090 2696 2,
2110 2634 2161 2687 2.

1392 2703 1715 2757 Athenaeus
1729 2741 1744 2768 ,
1765 2705 1833 2755 ad
1852 2702 1972 2755 fam.
1998 2703 2083 2766 15,
2102 2706 2167 2764 4,
2187 2704 2237 2755 6.
2360 2740 2365 2745 .

1392 2771 1785 2841 Athenagoras
1806 2771 2084 2839 Cymaeus,
2104 2787 2197 2837 pro
2218 2772 2397 2822 Flacco

1393 2908 1667 2963 Athenai:
1683 2948 1697 2975 ,
1728 2914 1916 2962 coniux
1936 2910 2290 2961 Ariobarzanis
2308 2910 2396 2970 IL,
2474 2918 2476 2927 ·

1462 2980 1529 3029 ad
1546 2979 1666 3031 fam.
1690 2981 1773 3041 15,
1793 2982 1846 3043 4,
1865 2980 1918 3033 6.
2472 3030 2474 3035 .

1393 3046 1785 3113 Athenienses,
1806 3064 1897 3114 pro
1912 3048 2089 3099 Flaeeo
2106 3048 2192 3108 26,
2212 3047 2295 3099 62.
2320 3046 2395 3097 Ib.
2456 3054 2474 3128 ἱ

1466 3118 1551 3177 27,
1570 3118 1656 3169 64.
1677 3144 1743 3155 -
1766 3119 1829 3168 de
1849 3133 1889 3169 r.
1919 3132 1972 3181 p.
1998 3118 2047 3177 1,
2068 3116 2119 3182 3,
2141 3119 2189 3167 5.
2228 3116 2285 3181 1,
2311 3115 2398 3172 27,
2470 3150 2472 3173 ,

1462 3185 1549 3239 43.
1578 3188 1651 3237 Ib.
1676 3187 1763 3247 28,
1780 3187 1865 3238 44.
1893 3186 1965 3235 lb.
1986 3184 2071 3244 31,
2091 3186 2178 3239 47.
2206 3185 2323 3234 der.
2342 3199 2395 3246 p.
2470 3182 2472 3223 ἑ

1464 3253 1528 3316 3,
1556 3253 1610 3317 s,
1635 3255 1716 3305 15.
1738 3253 1791 3314 3,
1810 3252 1895 3315 32,
1915 3254 2003 3304 44.
2025 3254 2183 3302 -1b.
2210 3254 2293 3313 15,
2311 3251 2397 3302 25.
2467 3226 2473 3333 1

1465 3349 1533 3359 --
1557 3323 1620 3373 de
1646 3324 1767 3386 imp.
1789 3322 1879 3376 Cn.
1898 3323 2078 3387 Pomp.
2101 3322 2198 3383 18,
2226 3322 2312 3372 54.
2334 3344 2401 3355 -·
2467 3334 2470 3353 ¹

1465 3391 1535 3441 ad
1548 3390 1665 3442 Her.
1686 3392 1739 3451 4,
1761 3391 1845 3450 25,
1865 3392 1949 3443 34.
1965 3405 2139 3456 -pro
2158 3389 2277 3439 Sex.
2302 3389 2399 3437 Ro·

1466 3460 1572 3510 seio
1594 3460 1680 3523 25,
1700 3458 1787 3510 70.
1807 3486 1874 3497 -
1895 3462 1958 3509 de
1978 3458 2064 3509 off.
2093 3458 2120 3509 1
2138 3494 2153 3519 ,
2186 3458 2279 3518 25,
2309 3455 2398 3509 86.
