2500 3850
239 178 366 241 446
819 184 1096 235 voLcAE
1119 209 1192 218 -
1218 188 1282 234 T.
1302 185 1761 234 vomunoeus,

307 344 513 396 Valerio
547 343 734 407 Orcae,
781 342 850 393 ad
885 342 1006 393 fam.
1059 342 1148 403 13,
1198 344 1250 403 4,

310 415 339 465 1
383 431 461 479 sq.

239 482 473 548 Volcae,
505 482 728 547 populus
753 479 944 531 Galliae
965 480 1251 531 Narboneu·
1283 496 1297 505 ··

309 556 408 610 sis,
431 568 522 618 pro
544 552 688 605 Font.
709 550 762 608 8,
791 549 874 602 16.

240 618 506 672 Volcania
524 636 663 671 arma
679 656 692 679 ,
717 620 923 669 Tuscul.
945 622 996 679 2,
1023 620 1106 681 14,
1126 618 1213 672 33.

239 687 542 741 Volcaniae
564 689 757 740 insulae
777 698 985 754 propter
995 688 1215 738 Siciliam
1233 701 1247 735 ε

309 775 396 809 eas
429 761 590 809 tenuit
619 758 874 809 Volcanus
909 764 1146 820 quartus,
1186 758 1250 807 de

305 846 354 879 n.
377 829 428 881 d.
451 829 504 888 3,
528 830 614 887 22,
642 827 727 878 55.

238 896 532 949 Volcanus.
573 923 644 934 —
676 896 888 947 Volcani
936 896 1247 961 complures:

305 970 504 1031 primus
546 964 696 1015 Caelo
742 974 924 1029 natus,
964 981 1029 1015 ex
1061 980 1162 1028 quo
1201 972 1250 1013 et

305 1034 587 1099 Minerva-l·
614 1034 906 1099 Apollinem
927 1048 1044 1084 eum
1061 1070 1074 1091 ‚
1103 1034 1250 1083 cuius

305 1106 358 1152 in
375 1103 532 1153 tutela
553 1102 780 1152 Athenas
801 1103 997 1165 antiqui
1017 1102 1252 1151 historici

307 1186 420 1222 esse
437 1171 733 1231 voluerunt,
753 1170 1010 1221 secundus
1028 1170 1142 1220 Nilo
1161 1184 1252 1220 na·-

304 1250 416 1305 tus,
455 1238 673 1301 Phthas,
707 1247 763 1289 ut
798 1240 1038 1305 Aegyptii
1073 1238 1250 1305 appel-

306 1310 439 1373 lant,
471 1324 621 1373 quem
651 1310 913 1362 custodem
943 1324 1058 1359 esse
1086 1310 1250 1374 Aegy·

306 1382 380 1443 pti
412 1380 618 1442 volunt,
657 1380 836 1429 tertius
866 1393 932 1427 ex
959 1378 1107 1429 tertio
1135 1378 1252 1428 Iove

306 1457 355 1498 et
399 1450 620 1507 lunone,
671 1450 760 1511 qni
803 1448 982 1497 Lemni
1029 1447 1252 1498 fabricae

307 1516 524 1567 traditur
555 1516 870 1582 praefuisse,
911 1524 1120 1579 quartus
1146 1516 1254 1565 Mess

308 1586 443 1635 nalio
488 1594 660 1647 natus,
710 1586 798 1648 qui
844 1586 1004 1635 tenuit
1057 1584 1253 1634 insulas

305 1662 514 1720 propter
543 1653 796 1711 Siciliam,
827 1668 957 1717 quae
979 1654 1253 1705 Volcaniae

305 1724 722 1787 nominabantur,
743 1723 808 1773 de
835 1738 884 1771 n.
908 1724 961 1776 d.
985 1721 1036 1787 3,
1057 1723 1143 1783 22,
1166 1722 1251 1774 55.

1394 341 1615 405 sulatuS,
1635 340 1860 407 Philipp.
1884 346 1935 404 2,
1957 343 2009 403 5,
2034 344 2118 396 12.
2137 370 2211 381 -·
2228 346 2353 395 Eius

1394 410 1642 461 sententia
1672 411 1722 459 in
1748 426 1902 461 causa
1924 412 2206 463 Ptolemaei
2226 414 2353 463 Ale-

1390 480 1631 530 xandrini
1660 482 1827 546 regis,
1864 495 1912 531 a.
1934 496 1985 531 u.
2018 496 2064 530 c.
2089 481 2253 543 698„
2286 484 2355 533 ad

1390 549 1511 599 fam.
1535 550 1583 611 1,
1606 549 1655 607 1,
1676 548 1727 601 3.
1763 550 1834 600 lb.
1860 549 1908 610 1,
1932 550 1983 611 2,
2011 549 2059 602 1.
2102 550 2180 600 lb.
2211 552 2240 601 1
2258 587 2277 615 ,
2299 554 2350 613 4,

1392 618 1441 669 1.
1477 619 1541 667 ad
1561 618 1621 677 Q.
1644 618 1706 668 fr.
1738 620 1800 679 2,
1836 618 1896 677 1,
1928 618 2215 669 1.-Eius
2240 634 2353 669 mo-

1392 688 1651 737 deratione
1676 687 1729 736 in
1752 687 2028 737 certamine
2061 690 2198 738 inter
2222 687 2353 739 Cae-

1391 771 1557 807 sarem
1576 764 1626 807 et
1644 755 1946 822 Pompeium
1974 771 2024 811 a.
2054 772 2107 807 u.
2142 773 2191 807 c.
2224 758 2348 809 704.

1394 834 1658 877 contentus
1684 834 1792 875 erat
1809 826 2039 887 Atticus,
2072 825 2139 876 ad
2157 826 2271 879 Att.
2297 830 2349 888 7,

1390 894 1442 960 3,
1466 894 1517 947 3.
1556 894 1621 945 cl.
1646 894 1717 947 ib.
1738 894 1801 952 9,
1827 892 1920 955 19,
1942 896 1992 945 2.
2025 895 2099 944 lb.
2122 894 2177 955 8,
2201 896 2231 945 1
2252 932 2269 957 ,
2292 894 2346 947 3.

1389 964 1541 1013 -Ei
1562 978 1837 1027 numquam
1868 964 2061 1027 placuit
2094 979 2157 1014 ex
2195 963 2351 1015 Italia

1392 1035 1559 1097 exire,
1598 1034 1669 1085 lb.
1689 1033 1757 1094 8,
1781 1032 1843 1093 9,
1864 1032 1917 1084 3.
1956 1034 2023 1083 ad
2043 1034 2147 1082 Att.
2168 1032 2226 1096 9,
2260 1034 2346 1097 10,

1392 1106 1445 1154 7.
1468 1128 1534 1139 --
1566 1102 1785 1161 Questus
1822 1110 1928 1153 erat
1953 1118 2067 1153 cum
2104 1100 2344 1161 Caesare,

1392 1172 1528 1235 quod
1556 1186 1654 1224 non
1678 1170 1814 1221 idem
1834 1172 1935 1223 sibi
1954 1171 2090 1233 quod
2111 1170 2347 1221 Ciceroni

1392 1241 1671 1291 remisisset
1690 1256 1736 1293 a.
1758 1256 1811 1293 u.
1842 1257 1888 1290 c.
1909 1240 2029 1291 705.
2046 1276 2061 1300 ,
2084 1240 2157 1289 lb.
2183 1240 2273 1299 10,
2292 1238 2342 1303 3,

1390 1312 1442 1363 2,
1466 1336 1532 1346 -—
1552 1310 1777 1375 Lepidus
1798 1316 1846 1357 et
1868 1308 2045 1359 Tullus
2064 1323 2166 1362 non
2190 1310 2344 1359 dubi-

1392 1386 1500 1429 tant
1516 1380 1636 1442 quin
1657 1378 1862 1429 Caesari
1882 1387 2085 1445 praesto
2107 1378 2273 1428 futuri
2292 1379 2345 1427 in
2434 1400 2446 1411 ·

1394 1460 1725 1511 senatumque
1762 1449 1960 1499 venturi
1996 1448 2123 1505 sint,
2174 1446 2249 1497 lb.
2292 1445 2345 1506 8,

1397 1518 1479 1578 15,
1510 1518 1561 1569 2.
1584 1542 1651 1553 --
1672 1516 1729 1567 L.
1748 1514 2016 1569 Volcatius
2033 1515 2243 1581 Tullus,
2276 1516 2340 1565 M.

1393 1584 1634 1636 Marcello
1675 1585 1933 1651 infensus,
1980 1585 2189 1637 Caesari
2243 1600 2344 1635 non

1394 1656 1499 1721 egit
1517 1655 1735 1721 gratiae,
1762 1654 1851 1705 illo
1872 1656 2103 1704 restituto
2131 1669 2179 1705 a.
2211 1670 2265 1704 u.
2294 1670 2339 1706 c.

1395 1724 1518 1776 708.
1534 1761 1549 1787 ,
1574 1724 1641 1774 ad
1661 1722 1782 1772 fam.
1800 1725 1855 1785 4,
1874 1727 1927 1785 4,
1948 1725 2000 1774 4.

307 1818 375 1829 --
401 1793 628 1842 Volcano
664 1793 837 1857 nupsit
869 1792 1046 1841 Venus
1081 1792 1250 1853 tertia,
1324 1791 1387 1844 L.
1409 1789 1697 1843 Volcatius
1717 1791 1781 1844 L.
1802 1788 1868 1844 F.
1890 1790 2117 1856 Tullus,
2140 1800 2343 1857 praetor

305 1862 381 1914 lb.
405 1860 456 1926 3,
476 1860 562 1921 23,
583 1859 669 1911 59.
694 1886 760 1897 —
777 1860 996 1911 Athenis
1015 1860 1256 1914 laudatur

304 1929 562 1982 Volcanus
583 1931 628 1980 is
644 1967 658 1994 ,
691 1945 840 1994 quem
869 1929 991 1980 fecit
1015 1930 1254 1980 Alcame-

306 2015 426 2058 nes,
470 2001 522 2049 in
556 2015 656 2064 quo
687 2007 852 2050 stante
887 2008 1039 2063 atque
1065 2001 1248 2050 vestito

305 2070 488 2119 leviter
540 2077 754 2134 apparet
801 2067 1104 2119 claudicatio
1149 2083 1252 2118 nou

306 2137 582 2198 deformis,
619 2139 694 2190 lb.
731 2138 788 2200 1,
821 2136 916 2199 30,
944 2137 1031 2188 83.
1051 2164 1122 2175 -
1141 2137 1252 2188 Non

303 2208 441 2255 idem
480 2207 530 2254 in
559 2205 700 2254 Italia
731 2205 989 2255 Volcanus
1016 2213 1169 2270 atque
1197 2208 1252 2256 in

307 2274 480 2324 Africa
499 2280 548 2324 et
563 2274 615 2322 in
625 2273 888 2339 Hispania,
903 2274 978 2328 lb.
995 2274 1045 2338 1,
1061 2272 1148 2334 30,
1161 2274 1248 2326 84.

239 2341 526 2395 Volcatius
540 2379 556 2408 ,
578 2358 732 2406 eques
753 2343 897 2393 Rom.
915 2381 930 2406 ,
953 2344 1252 2393 emissarius

305 2415 511 2472 Verris,
545 2415 688 2463 Verr.
723 2421 946 2466 accusat.
983 2413 1046 2474 2,
1083 2413 1145 2473 9,
1183 2413 1250 2462 25

305 2498 418 2546 sqq.
458 2482 534 2531 lb.
563 2483 625 2542 2,
651 2481 749 2544 23,
780 2482 869 2536 56.
889 2481 1136 2532 -Homo
1155 2483 1251 2530 im-

304 2553 526 2618 probus,
547 2553 617 2602 lb.
639 2550 690 2612 3,
713 2550 798 2608 73,
821 2551 942 2602 171.

241 2617 302 2669 C.
327 2617 643 2683 Volcatius,
669 2619 1063 2670 honestissimus
1084 2620 1187 2680 vir,
1219 2635 1249 2668 a

307 2688 398 2738 Cn.
441 2687 705 2738 Dolabella
742 2689 999 2740 communi
1039 2695 1088 2738 et
1123 2688 1250 2737 coti-

305 2757 458 2804 diano
480 2757 586 2805 iure
605 2759 855 2821 privatus,
877 2755 1074 2807 Cornel.
1095 2758 1245 2823 prim.

305 2825 490 2890 fragm.
529 2824 609 2874 18.
642 2840 695 2888 p.
718 2827 838 2876 211.

235 2891 296 2946 L.
338 2889 625 2943 Volcatius
668 2891 873 2943 Tullus
918 2892 1095 2941 consul
1135 2907 1250 2942 cum

304 2952 388 3017 Μ’.
409 2963 633 3012 Aemilio
659 2961 850 3026 Lepido
879 2975 926 3010 a.
958 2977 1010 3010 u.
1037 2976 1083 3010 c.
1106 2960 1250 3022 688„

303 3035 358 3081 in
376 3032 523 3083 Catil.
559 3033 584 3082 1
605 3069 618 3092 ‚
639 3031 701 3093 6,
726 3031 808 3082 15.
829 3057 900 3068 --
919 3031 972 3080 ln
991 3031 1251 3081 aedilitate

305 3101 676 3151 offensiuncula
711 3109 920 3165 accepta
956 3115 1182 3151 summos
1219 3115 1251 3149 a

303 3171 492 3236 populo
514 3169 661 3222 Rom.
684 3181 759 3220 est
779 3169 996 3220 honores
1013 3172 1249 3235 adeptus,

304 3254 396 3304 pro
424 3240 594 3290 l'lanc.
627 3240 724 3302 21,
762 3239 850 3293 51.
883 3265 954 3276 -
989 3239 1249 3289 Volcatius

306 3309 369 3358 de
391 3309 832 3359 animadversione
855 3309 906 3358 in
929 3308 1250 3360 Catilinarios

308 3377 440 3426 dixit
477 3389 591 3427 ante
623 3377 888 3438 Catonem,
927 3377 994 3428 ad
1022 3378 1127 3427 Att.
1165 3379 1246 3438 12,

307 3445 392 3506 21,
417 3447 466 3495 1.
484 3447 621 3494 -Εἰ
642 3447 833 3509 placuit
855 3445 1112 3496 Ciceronis
1131 3460 1250 3496 con-

1392 1862 1616 1911 urbanus
1635 1876 1684 1914 a.
1708 1877 1762 1915 u.
1786 1878 1831 1915 c.
1852 1860 1995 1921 708.,
2019 1860 2087 1911 ad
2104 1860 2235 1911 fam.
2260 1860 2337 1922 13,

1393 1932 1477 1995 14,
1492 1932 1538 1982 1.
1560 1933 1719 1989 Idem,
1739 1933 1831 1995 qui
1846 1939 2026 1996 postea
2044 1931 2226 1982 consul
2247 1931 2341 1982 fuit

1393 2016 1443 2052 a.
1471 2015 1523 2048 u.
1550 2015 1597 2054 c.
1625 2000 1745 2053 721.
1768 2025 1837 2038 -
1860 2001 1941 2050 Ad
1965 1999 2102 2050 hunc
2123 2000 2341 2051 fortasse

1391 2069 1611 2134 pertinet
1630 2069 1697 2118 ad
1722 2071 1823 2120 Att.
1852 2071 1936 2128 14,
1957 2067 2011 2132 9,
2032 2067 2083 2120 3.

1322 2134 1539 2201 Volsci,
1560 2139 1741 2203 populi
1760 2139 1934 2188 Italiae
1952 2139 2005 2187 in
2024 2137 2193 2188 Latio.
2222 2139 2340 2191 Vol-

1393 2221 1594 2257 scorum
1614 2206 1800 2256 bellum
1826 2207 2217 2274 gravissimum,
2259 2209 2340 2257 cui

1394 2276 1694 2329 Coriolanus
1713 2277 1857 2328 exsul
1878 2275 2132 2336 interfuit,
2158 2277 2338 2327 eodem

1391 2345 1501 2395 fere
1525 2355 1775 2411 tempore,
1806 2359 1904 2408 qno
1935 2346 2203 2396 Persarum
2230 2345 2337 2396 bel-

1392 2415 1497 2464 lum
1516 2414 1646 2473 fuit,
1676 2415 1817 2464 Brut.
1842 2411 1932 2476 10,
1965 2416 2051 2464 41.
2076 2413 2337 2466 —Volsci

1389 2486 1443 2534 in
1488 2483 1744 2532 civitatem
1784 2485 2003 2546 recepti,
2050 2497 2141 2548 pro
2180 2482 2333 2534 Balbo

1390 2552 1475 2612 13,
1504 2550 1592 2602 31.
1631 2552 1694 2602 de
1715 2551 1799 2601 off.
1830 2552 1877 2608 1,
1900 2551 1982 2614 11,
2008 2551 2094 2602 35.

1319 2618 1383 2671 L.
1399 2617 1669 2671 Vulteius.
1693 2619 1975 2669 Plurimum
1988 2628 2187 2684 poterat
2196 2621 2333 2685 apud

1390 2689 1449 2738 L.
1476 2689 1730 2739 Metellum
1750 2687 1957 2739 Siciliae
1980 2697 2264 2754 praetorem
2284 2704 2328 2738 a.

1390 2774 1526 2878 111550.
1556 2757 1707 2823 684„
1738 2760 1887 2812 Verr.
1922 2768 2143 2808 accusat.
2165 2757 2228 2818 3,
2246 2757 2329 2818 66,

1323 2892 1572 2946 Voltinia
1592 2897 1785 2956 tribus,
1814 2911 1905 2961 pro
1929 2895 2102 2948 Plane.
2129 2894 2221 2956 16,
2246 2893 2329 2946 38.

1391 2965 1468 3017 lb..
1505 2965 1598 3028 17,
1626 2964 1713 3016 43.
1750 2965 1874 3016 Eius
1909 2965 2147 3028 tribuleS,
2171 2962 2329 3013 Volti-

1390 3035 1620 3091 menses,
1650 3035 1722 3084 Ib.

1322 3098 1393 3151 Τ,
1416 3100 1740 3153 Volturcius
1766 3098 2326 3153 Crotoniensis.—Con-

1390 3171 1657 3220 iurationis
1693 3170 2017 3222 Catilinariae
2058 3170 2239 3230 index,
2276 3170 2325 3218 in

1391 3238 1539 3290 Catil.
1572 3239 1631 3300 3,
1660 3241 1723 3303 2,
1755 3241 1807 3290 4.
1828 3265 1895 3276 -
1914 3239 2090 3290 Cicero
2110 3238 2156 3288 ei
2180 3236 2325 3287 fldem

1388 3309 1646 3374 publicam
1667 3309 1807 3358 iussu
1832 3317 2038 3358 senatus
2065 3309 2226 3367 dedit,
2252 3306 2320 3356 lb.
2370 3337 2381 3362 ³

1390 3378 1450 3441 3,
1482 3378 1541 3432 4.
1576 3377 1627 3428 8.
1648 3403 1716 3414 -
1736 3379 1969 3428 Praemia
1997 3377 2046 3426 ei
2068 3377 2181 3426 data
2212 3382 2323 3424 sunt

1391 3446 1733 3510 amplissima,
1764 3447 1836 3496 lb.
1858 3448 1908 3506 4,
1930 3445 1983 3508 3,
2002 3445 2055 3497 5.
