2500 3850
210 88 330 152 162
888 99 1193 150 GORGIAS
1223 122 1309 134 —-
1343 100 1620 149 Gaffiot.

274 259 461 324 gister,
484 264 685 308 centum
708 262 755 305 et
776 264 971 321 septem
993 257 1216 321 comple-
1293 254 1354 306 C.
1380 253 1734 324 Gorgonius,
1767 257 1909 311 Brut.
1943 257 2036 318 48,
2076 257 2191 310 180.
2231 259 2305 312 V.

271 327 347 376 vit
374 339 534 376 annos
565 341 729 388 neque
760 339 1002 388 umquam
1034 327 1086 374 in
1122 340 1215 374 suo
1359 323 1700 392 Gargonius.

274 395 445 448 studio
486 402 637 457 atque
674 409 828 458 opere
863 395 1110 454 cessavit,
1152 395 1217 444 de
1289 392 1598 460 Gortynius
1622 396 1794 454 iudex,
1815 393 2036 459 Philipp.
2059 397 2110 459 5,
2134 399 2185 457 5,
2212 397 2300 451 13.

272 479 381 514 sen.
403 465 435 516 5
450 499 463 522 ‚
496 462 578 517 13.
620 464 695 516 lb.
717 465 747 512 7
765 500 779 524 ‚
800 462 889 513 23.
908 491 979 500 —
998 461 1215 528 Gorgias
1289 461 1606 514 Gracchani
1626 464 1821 513 iudices
1835 499 1851 524 ,
1884 465 1937 514 id
1964 473 2039 512 εει
2053 499 2068 526 ,
2099 469 2300 528 equites

274 533 561 606 caeterique
600 532 896 596 sophistae,
940 548 971 581 a
1006 531 1214 586 Socrate
1355 533 1602 592 Romani,
1628 533 1694 582 ad
1723 547 1851 596 quos
1874 532 1986 598 lege
2008 532 2062 583 G.
2084 533 2301 586 Gracchi

272 604 585 666 impugnati,
605 601 747 650 Brut.
769 601 830 662 8,
870 599 958 654 30.
987 627 1055 638 —-
1079 603 1216 652 Inter
1356 601 1544 650 iudicia
1585 601 1789 650 fuerant
1837 602 2104 662 translata,
2153 604 2294 657 Brut.

269 672 463 736 primos
497 671 729 722 tractavit
778 671 1020 722 orationis
1060 671 1215 720 artifl-
1353 669 1581 728 34‚128.

273 742 380 802 cia,
404 747 531 792 orat.
559 739 641 800 12,
662 739 749 791 39.
766 767 837 776 -
858 740 1103 790 Concisus
1120 741 1214 788 mi·
1289 737 1551 789 Gracchi.
1591 739 1657 796 V.
1685 741 1737 788 in
1757 737 2126 805 Semproniis.

270 812 407 860 nutis
432 810 659 860 numeris
692 811 902 861 Isocrati
927 809 1209 868 videbatur,
1287 805 1590 860 Graeceius
1606 844 1623 871 ‚
1652 808 1918 858 familiaris
1949 810 2010 858 D.
2033 810 2204 869 Bruti,
2229 813 2297 860 ad

272 881 345 928 lb.
384 877 476 938 13,
510 877 597 932 40.
632 905 700 916 -
732 877 949 942 Gorgias
976 892 1212 927 numeros
1353 875 1475 926 fam.
1515 879 1574 927 11
1595 914 1608 935 ,
1632 879 1692 936 7,
1724 878 1770 927 1.
1805 879 1879 928 11).
1910 878 2000 937 11,
2024 879 2116 932 12,
2143 880 2189 928 1.
2229 881 2297 929 ad

273 949 520 996 oratorios
543 949 742 1012 primus
774 947 995 1006 invenit,
1026 948 1120 996 sed
1147 948 1212 996 iis

273 1023 349 1066 est
384 1030 505 1064 usus
553 1017 963 1079 intemperatius,
1009 1010 1211 1078 1b.'52,

272 1084 372 1134 175
402 1091 452 1132 ει
497 1083 613 1134 176.
656 1110 724 1120 -
760 1086 813 1134 ln
854 1084 1212 1134 concinnitatis

1355 948 1458 998 Att.
1481 945 1562 1005 15,
1583 945 1635 1005 8,
1658 949 1708 997 2.

1286 1012 1508 1065 Gracci.
1550 1015 1737 1064 Eorum
1760 1030 1872 1064 cum
1896 1014 2135 1065 Romanis
2157 1034 2298 1066 com-

1351 1085 1550 1148 paratio
1567 1120 1580 1142 ,
1608 1083 1815 1132 Tuscul.
1852 1085 1878 1133 l
1895 1119 1908 1142 ,
1946 1084 1971 1133 1
1987 1121 2001 1147 ,
2045 1086 2068 1134 1
2106 1101 2183 1147 sq.
2230 1089 2296 1136 de

272 1153 641 1202 consectatione
667 1153 761 1202 fuit
781 1154 1019 1217 princeps
1036 1190 1049 1213 ,
1083 1161 1209 1202 orat.

270 1221 366 1282 49,
403 1221 515 1271 165.
534 1249 606 1259 -
624 1224 683 1271 In
712 1223 821 1272 eius
854 1224 1080 1271 oratione
1101 1222 1213 1287 ple-

267 1305 482 1353 rumque
502 1305 769 1340 numerum
788 1291 940 1340 efficit
958 1293 1071 1356 ipsa
1093 1306 1213 1342 con-

269 1361 513 1418 cinnitas,
563 1362 635 1410 11).
676 1359 777 1423 50,
818 1359 935 1410 167.
973 1387 1043 1396 --
1087 1358 1212 1410 Gor·

270 1430 412 1494 gias,
466 1429 873 1493 Thrasymachus
893 1465 906 1487 ,
966 1431 1211 1480 Isocrates

268 1499 440 1546 minus
486 1500 537 1548 iu
590 1502 704 1562 ipsa
749 1515 805 1548 re
846 1499 988 1563 publ.
1038 1514 1209 1550 versa-

268 1567 483 1626 bantur,
562 1569 655 1617 sed
724 1577 890 1617 tamen
959 1569 1209 1618 oratoriae

270 1637 514 1688 scientiae
538 1635 773 1686 doctores
805 1645 973 1701 erant,
996 1639 1059 1687 de
1078 1644 1205 1687 orat.

267 1703 326 1763 3,
361 1704 453 1763 16,
484 1703 573 1756 59.
600 1731 667 1741 —-
698 1703 942 1770 Gorgias,
974 1708 1208 1757 omnibus

268 1774 331 1822 de
362 1774 513 1822 rebus
544 1781 795 1823 oratorem
833 1775 1022 1838 optime
1052 1789 1207 1839 posse

269 1842 436 1890 dicere
468 1842 805 1902 existimavit,
836 1842 899 1892 de
931 1844 1033 1893 inv,
1072 1843 1129 1901 1,
1151 1843 1203 1904 5,

267 1913 317 1965 7.
349 1937 421 1949 -
455 1911 502 1961 Is
539 1928 566 1960 e
604 1910 955 1977 Sophistarum
996 1927 1205 1963 numero

264 1982 459 2045 primus
495 1988 571 2031 est
611 1996 767 2032 ausus
801 1997 1014 2048 poscere
1047 1998 1203 2045 quae·

264 2050 505 2112 stionern,
552 2052 604 2100 id
650 2060 755 2115 est,
809 2052 983 2101 iubere
1036 2052 1204 2102 dicere

266 2134 365 2181 qua
394 2121 457 2169 de
492 2136 546 2169 rc
575 2122 688 2184 quis
721 2121 869 2171 vellet
899 2120 1105 2181 audire,
1140 2122 1203 2171 de

264 2188 352 2236 fin.
394 2191 443 2245 2,
489 2189 535 2249 1,
574 2188 623 2238 l.
660 2190 725 2240 01.
760 2192 823 2240 de
856 2197 983 2241 orat.
1023 2191 1078 2249 l,
1114 2191 1203 2251 22,

268 2254 383 2309 103.
416 2259 491 2308 11).
513 2258 545 2309 3
562 2296 578 2319 ,
602 2259 696 2319 32,
729 2260 846 2310 129.
870 2289 938 2299 -
956 2259 1016 2307 Εἰ
1034 2266 1205 2310 tantus

262 2326 425 2395 honos
455 2326 658 2379 habitus
680 2335 755 2379 est
784 2344 815 2379 a
842 2328 1082 2389 Graecia,
1107 2328 1205 2377 soli

262 2404 319 2445 ut
338 2412 401 2447 ex
420 2398 657 2447 omnibus
686 2397 900 2464 Delphis
932 2412 1029 2447 non
1056 2400 1203 2447 inau-

263 2474 369 2515 rata
390 2473 555 2517 statua
568 2504 582 2527 ,
604 2469 692 2517 sed
712 2483 865 2517 aurea
883 2474 1201 2527 statueretur,

266 2536 327 2584 de
353 2544 477 2586 orat.
509 2535 571 2598 3,
608 2535 675 2587 32
695 2572 711 2600 ,
743 2537 858 2588 129.
892 2564 959 2573 —-
988 2535 1205 2601 Gorgias

265 2604 581 2667 singularum
602 2621 769 2654 rerum
802 2605 979 2655 laudes
1001 2606 1202 2669 vitupe-

264 2674 585 2734 rationesque
605 2674 930 2737 conscripsit,
955 2672 1093 2723 Brut.
1118 2675 1201 2737 12,

263 2742 347 2787 47.
392 2740 463 2789 11).
488 2741 579 2800 85,
595 2742 715 2793 292.

196 2804 475 2874 Gorgias,
522 2808 694 2859 rhetor
734 2808 1089 2869 Atheniensis,
1130 2809 1198 2858 Μ.

262 2875 438 2925 Cicero
460 2877 525 2927 ad
545 2876 667 2929 fam.
696 2876 779 2934 16,
803 2877 889 2937 21,
911 2878 961 2927 6.

194 2941 471 3011 Gorgias,
503 2960 684 2995 nomen
714 2944 901 2997 servile
932 2946 1203 3009 pedisequi

260 3015 313 3062 in
333 3017 618 3065 narratione
644 3015 787 3074 ficta,
815 3012 882 3066 ad
900 3013 1018 3064 Her.
1042 3014 1094 3074 4,
1117 3016 1201 3073 52,

193 3147 387 3218 Gorgo
426 3152 536 3200 sive
571 3150 797 3205 Medusa.
858 3149 1108 3217 Gorgonis
1144 3168 1202 3203 os

258 3218 672 3283 pulcherrimum,
690 3221 905 3269 cinctum
928 3223 1199 3287 anguibus,

259 3286 527 3351 Syracusis
542 3290 748 3338 abstulit
760 3288 814 3341 G.
834 3291 1035 3351 Verres,
1049 3292 1196 3341 Verr.

258 3366 474 3409 accusat.
508 3358 558 3417 4,
583 3357 671 3419 56,
699 3358 819 3413 124.

1353 1160 1478 1204 orat.
1516 1151 1542 1200 1
1561 1188 1574 1211 ,
1603 1154 1705 1213 44,
1739 1151 1855 1204 197.
1879 1179 1947 1188 -
1969 1153 2141 1202 Nullas
2160 1156 2295 1204 iuiu-

1353 1222 1460 1270 rias
1485 1219 1664 1270 Graeci
1683 1221 1915 1270 homines
1937 1223 2140 1287 gravius
2159 1223 2295 1273 ferre

1355 1290 1600 1352 solebant,
1623 1306 1774 1353 quam
1794 1290 2124 1355 spoliationes
2147 1291 2296 1343 funo-

1352 1374 1464 1408 rum
1492 1366 1644 1422 atque
1673 1361 1974 1424 oppidorum
1991 1397 2005 1421 ‚
2037 1361 2182 1415 Verr.
2209 1377 2296 1411 ac-

1352 1435 1511 1478 cusat.
1533 1433 1586 1489 4,
1605 1426 1693 1488 59,
1715 1427 1834 1480 132.
1849 1457 1915 1466 —-
1936 1431 2216 1487 Mirandum
2240 1433 2296 1480 in

1351 1496 1559 1547 modum
1595 1493 1776 1547 Graeci
1809 1499 1960 1547 rebus
1988 1500 2131 1558 istis,
2163 1516 2294 1564 quas

1350 1581 1445 1616 nos
1463 1569 1852 1627 contemnimus,
1869 1567 2192 1627 delectantur,
2215 1571 2291 1623 lb.

1350 1636 1400 1700 4,
1413 1633 1498 1694 60,
1516 1633 1632 1684 134.
1647 1661 1712 1670 --
1725 1633 2149 1688 Graecihomiues
2168 1638 2294 1688 deo-

1349 1719 1460 1752 rum
1479 1703 1696 1753 honores
1715 1706 1938 1754 tribuunt
1955 1707 2017 1754 iis
2037 1707 2180 1772 viris,
2203 1709 2295 1769 qui

1347 1781 1587 1838 tyrannos
1605 1781 1914 1824 necaverunt
1932 1783 2025 1824 etc.
2039 1813 2054 1837 ,
2073 1791 2166 1839 pro
2182 1776 2289 1826 Mil.

1347 1843 1440 1901 29,
1481 1841 1569 1897 80.
1611 1869 1684 1884 -
1721 1842 1955 1910 Olympia
1988 1846 2174 1894 vicisse
2213 1855 2294 1895 est

1346 1911 1486 1976 apud
1505 1907 1724 1963 Graecos
1748 1928 1908 1979 prope
1927 1914 2090 1963 maius
2111 1922 2160 1965 et
2178 1914 2293 1983 glo-

1345 1982 1538 2032 riosius
1557 1996 1710 2043 quam
1723 1983 1916 2033 Romae
1929 1984 2290 2049 triumphasse,

1341 2064 1434 2116 pro
1455 2050 1635 2101 Flacco
1659 2050 1751 2110 13,
1772 2051 1858 2104 31.
1901 2052 1966 2101 01.
2001 2052 2211 2106 Tuscul.
2237 2054 2288 2116 1,

1343 2119 1440 2179 46,
1483 2119 1602 2173 111.
1635 2147 1702 2157 -
1734 2120 2040 2172 Graecorum
2075 2136 2292 2172 consus·

1343 2189 1468 2238 tudo
1528 2188 1846 2255 religioque,
1915 2205 2046 2252 quae
2108 2206 2292 2241 monu-

1342 2266 1514 2306 menta
1532 2258 1752 2308 hostium
1777 2261 1827 2307 iu
1859 2259 1992 2309 bello
2020 2261 2132 2324 ipso
2156 2260 2289 2311 solet

1346 2326 1649 2392 defendere,
1673 2328 1822 2377 Verr.
1851 2336 2074 2378 accusat.
2101 2330 2133 2379 2
2153 2367 2167 2391 ,
2195 2328 2288 2389 66,

1345 2395 1464 2449 159.
1495 2424 1567 2434 -
1585 2397 1743 2462 Apud
1773 2396 1991 2447 Graecos
2029 2390 2289 2461 νομοφύ-

1342 2462 1508 2521 λακες
1543 2475 1716 2517 erant:
1747 2481 1843 2516 nec
1874 2466 1929 2516 hi
1955 2465 2122 2517 solum
2149 2467 2290 2517 litte-

1343 2548 1446 2594 ras,
1470 2536 1562 2584 sed
1583 2536 1733 2585 etiam
1755 2534 1888 2585 facta
1905 2534 2170 2585 hominum
2194 2536 2289 2585 ob-

1341 2604 1612 2653 servabant
1624 2604 1688 2653 ad
1706 2604 1946 2670 legesque
1959 2606 2284 2664 revocabant,

1343 2672 1406 2721 de
1443 2672 1543 2737 leg.
1577 2672 1637 2732 3,
1667 2674 1765 2733 20,
1793 2672 1877 2723 46.
1901 2698 1970 2709 --
1999 2675 2054 2723 Iu
2075 2673 2288 2725 Graecia

1342 2740 1549 2804 publice
1575 2742 1837 2791 constituti
1867 2750 1984 2792 sunt
2019 2750 2287 2793 accusato-

1343 2824 1455 2869 res,
1482 2810 1553 2858 Ib.
1581 2810 1629 2868 3,
1649 2809 1736 2870 20,
1757 2812 1845 2860 47.
1869 2837 1930 2849 —-
1955 2811 2134 2861 Graeci
2151 2812 2288 2861 mul·

1343 2885 1449 2927 tum
1490 2877 1679 2928 frustra
1718 2879 2008 2929 laborarunt
2043 2882 2096 2929 iu
2129 2883 2288 2931 disci-

1340 2945 1484 3009 plina
1500 2947 1676 3011 puerili
1695 2946 1894 3017 legibus
1910 2951 2282 3013 constituenda,

1345 3016 1407 3065 de
1433 3031 1473 3063 r.
1494 3030 1548 3080 p.
1571 3017 1634 3080 4,
1664 3015 1728 3077 3,
1767 3016 1817 3067 3.
1858 3016 1924 3066 01.
1947 3020 2017 3070 ib.
2049 3019 2108 3069 3.
2136 3022 2195 3079 4,
2227 3021 2282 3069 4.

1343 3109 1410 3121 ·-—
1444 3085 1498 3133 In
1531 3084 1836 3139 Graecorum
1873 3089 2153 3152 gymnasiis
2197 3090 2288 3136 isti

1342 3167 1614 3216 puerorum
1647 3152 1791 3203 liberi
1821 3161 1870 3203 et
1898 3158 2124 3207 concessi
2165 3166 2286 3205 sunt

1343 3234 1568 3281 amores,
1607 3222 1811 3271 Tuscul.
1853 3225 1929 3286 4„
1952 3224 2048 3285 33,
2092 3225 2174 3275 70.
2216 3252 2284 3266 -ι

1342 3288 1522 3339 Graeci
1537 3292 1740 3355 legendi
1757 3292 2103 3343 delectationis
2126 3301 2172 3342 et
2193 3292 2286 3341 ho-

1342 3360 1496 3409 minis
1516 3358 1731 3410 alicuius
1756 3362 1964 3421 ornandi
1987 3376 2141 3411 causa
2169 3362 2282 3411 lau-
