2500 3850
489 99 551 145 1..
582 97 966 166 constamus
991 100 1056 147 1..
1081 100 1145 146 F.
1167 99 1232 147 P.
1257 100 1325 147 N.
1353 99 1573 147 sunm
1594 101 1825 148 nnmx.
2079 91 2193 152 111

159 253 296 303 Eius
323 252 442 318 lege
471 253 721 302 Arretinis
743 255 923 303 civitas
943 254 1116 304 adem-

161 329 260 385 pta
278 329 378 382 est,
398 336 492 386 pro
507 320 657 371 Caec.
672 320 758 384 33,
771 322 858 372 97.
873 349 944 358 —
955 323 1115 383 Quem

163 391 236 440 ad
265 390 479 440 modum
508 390 682 439 tulerit
711 391 774 441 de
806 390 1008 442 illorum
1041 393 1114 442 ci-

161 461 358 520 vitate,
392 459 468 510 Ib.
505 457 600 519 32,
633 459 751 511 105.
782 487 853 500 —-
879 461 940 512 L.
967 459 1113 511 Sulla

164 527 349 578 odium
375 527 554 576 habuit
587 529 641 576 in
671 535 955 590 equestrem
977 530 1112 581 ordi-

162 611 312 658 nem,
382 597 657 646 acerbitate
725 599 1112 663 proscriptionis

163 681 295 718 snae
323 672 403 715 est
423 680 548 715 usus
577 667 631 714 in
663 674 862 717 veteres
892 667 1109 735 iudices,

161 749 260 799 pro
291 733 490 787 Cluent.
517 735 612 794 55,
634 734 840 808 lan-
860 735 1001 786 Sulla
1022 751 1111 788 vo-

164 804 266 854 luit
285 817 352 852 ne
372 803 423 853 in
447 804 676 866 quemvis
706 805 912 869 impune
941 805 1110 856 decla·

162 873 300 922 marl
321 873 522 933 liceret,
545 873 612 922 ad
635 871 760 922 fam.
784 871 836 934 3,
860 875 943 934 11,
967 876 1019 925 2.
1040 901 1111 914 -—

160 969 238 981 --
251 941 316 993 L.
341 940 481 992 Sulla
501 942 716 992 dictator
730 943 964 994 vendidit
982 945 1111 996 bona

165 1009 289 1061 Sex.
323 1009 526 1074 Alfeni,
552 1025 646 1074 pro
679 1011 879 1070 Quinct.
901 1014 1000 1075 24,
1022 1014 1106 1065 76.

162 1107 235 1118 —
266 1080 331 1131 L.
363 1077 529 1137 Sulla,
569 1094 676 1129 cos.
711 1080 920 1146 iterum,
958 1082 1104 1137 Verr,

164 1155 392 1199 accusat.
428 1147 486 1210 1,
517 1146 616 1208 50,
650 1147 767 1200 130.
793 1176 864 1186 --
894 1149 967 1200 Eo
998 1165 1106 1201 cos.

163 1221 354 1268 iterum
383 1231 498 1266 cum
532 1215 748 1267 Caecilio
776 1217 979 1269 Metello
1017 1221 1108 1270 Pio

165 1304 214 1340 a.
236 1303 288 1340 u.
318 1303 365 1339 c.
388 1284 508 1337 674.
528 1285 703 1336 habita
729 1293 806 1337 est
833 1291 996 1338 oratio
1015 1303 1107 1352 pro

165 1355 290 1406 Sex.
323 1355 541 1414 Roscio,
574 1355 628 1403 in
657 1369 757 1418 qua
788 1357 941 1408 etiam
967 1357 1107 1407 illius

163 1425 378 1474 libertus
413 1424 476 1474 L.
516 1422 774 1474 Cornelius
819 1424 1108 1494 Chrysogo-

163 1508 260 1543 nus
289 1493 631 1557 exagitandus
668 1501 802 1554 erat,
837 1508 939 1556 qna
964 1496 1018 1544 in
1052 1511 1107 1545 re

163 1569 337 1612 orator
367 1575 564 1611 summo
600 1575 756 1626 opere
793 1563 999 1625 nititur,
1042 1579 1106 1614 ne

163 1630 362 1681 Sullam
391 1629 637 1688 offendat,
671 1645 766 1695 pro
798 1629 916 1684 Sex.
951 1632 1101 1687 Rosc.

159 1704 222 1761 2,
256 1699 312 1752 6.
355 1699 428 1751 Ib.
452 1697 632 1762 8‚23.
674 1701 1012 1760 1b.44,12‘z.
1034 1727 1104 1738 -

157 1788 228 1806 ··—-
261 1768 575 1832 Proscriptio
617 1765 853 1832 Sullana,
901 1770 974 1818 lb.
1012 1772 1099 1834 47,

163 1837 263 1891 136
282 1853 446 1901 sq.--
458 1836 708 1887 Dissensit
726 1854 841 1888 cum
859 1838 1018 1889 Mario
1038 1839 1098 1894 L.

160 1907 320 1961 Sulla.
363 1906 556 1957 Horum
585 1905 796 1971 uterque
820 1907 892 1958 ita
921 1907 1102 1959 cecidit

159 1980 352 2038 victus,
373 1982 430 2025 ut
447 1976 606 2026 victor
627 1976 765 2028 idem
791 1979 1097 2043 regnaverit.

164 2046 287 2096 Cum
313 2044 524 2095 Octavio
542 2044 742 2111 collega
763 2046 920 2099 Cinna
940 2047 1100 2097 disse·

163 2116 259 2165 dit:
294 2115 499 2177 utrique
526 2114 706 2165 horum
740 2116 966 2165 secunda
996 2115 1100 2166 for-

161 2196 284 2235 tuna
307 2197 525 2249 regnum
545 2183 622 2234 es't
644 2184 853 2250 largita,
883 2185 1100 2235 adversa

161 2260 392 2309 mortem.
423 2253 564 2303 Idem
584 2254 768 2303 iterum
787 2251 928 2303 Sulla
947 2268 1098 2318 supe-

163 2324 317 2372 ravit:
349 2328 456 2372 tum
489 2324 601 2373 sine
630 2323 783 2372 dubio
815 2322 996 2372 habuit
1018 2337 1099 2373 rc-

164 2390 328 2457 galem
388 2396 723 2456 potestatem,
794 2405 1100 2454 quamquam

162 2476 266 2509 rem
284 2459 544 2525 publicam
561 2461 900 2527 recuperavit,
924 2462 987 2510 de
1004 2460 1102 2509 ha-

162 2544 302 2595 rusp.
341 2543 480 2594 resp.
518 2530 612 2591 25,
649 2529 736 2580 54.
772 2555 839 2565 -·
873 2528 1099 2593 Populus

161 2598 416 2649 Romanus
429 2634 446 2661 ,
485 2600 546 2649 L.
579 2598 720 2649 Sulla
752 2598 996 2648 dictatore
1025 2596 1099 2647 i'e-

163 2674 328 2727 rente,
361 2668 580 2719 comitiis
611 2667 905 2718 centuriatis
932 2668 1099 2716 muni-

161 2738 308 2801 cipiis
344 2737 606 2787 civitatem
641 2737 860 2797 ademit,
909 2737 1100 2787 ademit

163 2806 341 2857 iisdem
361 2820 538 2872 agros:
562 2807 626 2855 de
645 2807 784 2871 agris
804 2813 971 2855 ratum
991 2812 1097 2856 esta

161 2900 226 2910 -
253 2874 356 2927 fuit
385 2875 522 2925 enim
549 2875 730 2940 populi
761 2882 988 2939 potestas
1009 2901 1096 2936 -‚

163 2944 223 2992 de
241 2945 445 2994 civitate
463 2957 527 2993 ne
544 2952 648 2994 tam
667 2944 756 2993 diu
777 2944 982 3005 quidem
1011 2958 1097 2994 va·

161 3012 276 3076 luit,
299 3027 453 3077 quam
473 3013 562 3063 diu
581 3013 670 3063 illa
687 3010 882 3063 Sullani
899 3018 1095 3077 tempo-

161 3083 227 3130 ris
253 3096 396 3131 arma
421 3082 716 3143 valuerunt,
747 3082 809 3132 de
830 3082 980 3133 domo
1003 3096 1097 3131 sua

161 3149 241 3213 30,
261 3152 348 3205 79.
371 3179 440 3190 -
459 3151 850 3219 Proscriptionis
873 3150 1096 3201 miserri-

64 3266 78 3273 -
163 3234 300 3269 mum
322 3234 511 3272 nomen
538 3219 668 3273 illud
697 3227 745 3269 et
766 3220 928 3270 omnis
953 3235 1096 3270 acer·

161 3289 287 3339 bitas
325 3288 524 3340 Sullani
557 3290 804 3355 temporis
841 3288 964 3351 quid
1001 3288 1095 3339 ha·

164 3360 298 3422 beat,
323 3359 464 3422 quod
480 3360 702 3409 maxime
720 3360 787 3409 sit
805 3358 1008 3423 insigne
1029 3357 1096 3406 ad

1253 256 1555 306 memoriam
1581 255 1893 307 crudelitatis
1910 294 1926 319 ,
1962 260 2025 309 de
2044 259 2197 309 domo

1253 338 1349 374 sua
1384 323 1476 383 17,
1498 321 1585 374 43.
1609 350 1679 361 ·--
1706 324 1850 376 Bona
1881 327 2198 378 indemnato·

1252 406 1365 441 rum
1396 393 1587 442 civium
1621 393 1823 444 funesta
1854 395 1941 446 illa
1961 398 2197 447 auctione

1253 475 1349 510 sua
1369 461 1600 511 vendidit
1626 469 1674 512 et
1704 476 1760 512 se
1782 466 2023 529 praedam
2049 479 2196 516 suam

1251 530 1383 579 dixit
1402 530 1623 580 vendere
1637 567 1653 594 ,
1674 531 1738 582 de
1758 531 1871 599 lege
1891 549 2000 600 agr.
2025 534 2086 594 2,
2107 535 2193 598 21,

1249 598 1338 650 56.
1363 624 1432 636 -
1455 597 1741 663 Campanus
1762 614 1885 668 ager
1900 617 1992 668 per
2010 617 2124 652 sese
2146 613 2197 654 et

1253 666 1493 717 Sullanae
1514 668 1849 722 dominationi
1870 679 1919 720 et
1942 669 2196 722 Graccho-

1248 752 1362 787 rum
1382 737 1643 802 largitioni
1660 739 1860 804 restitit,
1873 739 1937 789 de
1954 739 2069 806 lege
2085 755 2193 806 agr.

1252 805 1316 871 1,
1338 807 1398 870 7,
1419 805 1505 856 21.
1546 805 1613 857 cl.
1634 803 1905 872 ib.2,'29,
1932 808 2019 862 81.
2040 836 2107 847 -·
2130 811 2190 863 L.

1249 873 1397 924 Sulla
1432 875 1637 927 colonos
1673 876 1916 926 Faesulas
1960 878 2191 937 deduxit,

1249 945 1302 993 in
1322 942 1470 996 Catil.
1492 942 1544 1007 3,
1566 943 1619 1005 6,
1643 944 1727 996 14.
1750 974 1823 986 —
1845 946 1909 995 L.
1931 944 2075 996 Sulla
2094 962 2193 998 non

1249 1011 1415 1064 nullas
1446 1013 1705 1079 civitates,
1728 1015 1943 1080 pecunia
1962 1025 2190 1080 accepta,

1249 1097 1314 1131 ex
1337 1088 1545 1132 senatus
1565 1081 1793 1134 consulto
1813 1084 2073 1135 liberavit:
2102 1099 2190 1135 eas

1247 1165 1423 1200 rursus
1442 1150 1721 1216 vectigales
1738 1152 1962 1204 reddidit
1984 1154 2045 1204 L.
2068 1153 2189 1204 Phi-

1247 1219 1448 1284 lippus,
1482 1219 1545 1268 de
1575 1218 1662 1270 off.
1695 1219 1755 1282 3,
1790 1223 1889 1284 22,
1924 1222 2010 1274 87.
2035 1223 2183 1278 ——L.

1249 1287 1411 1338 Cinna
1440 1287 1665 1338 crudelis
1680 1325 1697 1350 ,
1726 1287 1782 1339 C.
1802 1288 1995 1339 Marius
2014 1291 2066 1339 iu
2086 1293 2189 1341 ira-

1247 1356 1434 1407 cundia
1455 1371 1814 1420 perseverans,
1846 1357 1907 1406 L.
1935 1356 2077 1408 Sulla
2103 1374 2189 1409 ve-

1243 1425 1475 1486 hemens,
1498 1424 1723 1489 Philipp.
1748 1425 1832 1485 11,
1852 1425 1905 1489 1,
1928 1425 1976 1478 1.
1997 1455 2069 1465 —
2088 1425 2191 1477 Sed

1246 1493 1372 1556 quid
1384 1493 1576 1558 Sullae,
1590 1493 1758 1558 Marii,
1774 1491 1964 1544 Cinnae
1974 1495 2190 1546 victoria

1243 1562 1501 1613 crudelius
1516 1599 1529 1622 ,
1554 1562 1677 1624 quid
1694 1562 1946 1612 funestius
1958 1565 1983 1614 ’ἶ
2001 1565 2068 1615 ad
2078 1566 2183 1618 Att.

1242 1632 1295 1693 9,
1319 1630 1401 1693 10,
1423 1631 1475 1683 3.
1497 1657 1563 1667 -
1581 1629 1743 1692 Sulla,
1764 1627 1951 1693 Cinna,
1972 1631 2184 1684 Caesar:

1240 1700 1299 1749 hi
1324 1707 1425 1749 tres
1452 1708 1569 1765 post
1596 1701 1853 1750 civitatem
1875 1716 1908 1751 a
1939 1701 1997 1750 L.
2031 1703 2185 1752 Bruto

1242 1769 1503 1820 liberatam
1548 1769 1667 1835 plus
1714 1777 1987 1835 potuerunt
2033 1785 2184 1834 quam

1241 1839 1482 1889 universa
1504 1853 1587 1890 res
1609 1838 1750 1904 publ.
1768 1875 1783 1900 ,
1802 1839 2023 1906 Philipp.
2044 1840 2078 1890 5
2093 1878 2107 1900 ,
2130 1839 2182 1901 6,

1241 1908 1328 1962 17.
1343 1935 1409 1945 -
1424 1906 1633 1959 Sullana
1647 1916 1762 1958 acta
1780 1907 1981 1960 confers
1998 1917 2048 1959 et
2062 1907 2185 1959 Gae-

1239 1978 1465 2039 sariana,
1485 1978 1550 2027 ad
1567 1979 1674 2030 Att.
1699 1977 1783 2043 11,
1797 1978 1946 2043 21,3.
1961 1976 2187 2029 -Sulla

1239 2062 1307 2097 ex
1325 2048 1389 2096 iis
1407 2047 1697 2097 hominibus
1714 2045 1839 2109 fuit,
1867 2048 1957 2111 qui
1976 2047 2181 2111 quidvis

1235 2117 1617 2181 perpetiuntur,
1671 2116 1834 2165 cuivis
1872 2117 2183 2179 deserviunt,

1239 2185 1359 2235 dum
1398 2186 1537 2249 quod
1573 2182 1752 2235 volunt
1788 2194 2181 2247 consequantur,

1239 2253 1305 2303 de
1322 2252 1410 2303 off.
1432 2254 1481 2313 1,
1495 2251 1579 2315 30,
1602 2252 1795 2306 109.—
1812 2252 1974 2304 Civile
1987 2253 2183 2303 bellum

1238 2322 1417 2372 consul
1436 2319 1583 2371 Sulla
1600 2323 1789 2386 gessit3
1819 2322 2109 2386 legionibus
2129 2324 2184 2369 in

1237 2392 1415 2441 urbem
1452 2388 1714 2449 adductis,
1746 2404 1875 2451 quos
1903 2390 2067 2439 voluit
2088 2404 2184 2439 ex-

1238 2459 1395 2523 pulit,
1415 2471 1544 2520 quos
1562 2458 1728 2523 potuit
1748 2458 1963 2508 occidit:
1986 2458 2182 2523 suppli-

1237 2527 1454 2578 cationis
1472 2526 1659 2585 mentio
1678 2524 1837 2579 nulla.
1876 2524 2041 2577 Grave
2075 2524 2181 2577 bel-

1235 2597 1344 2646 lum
1383 2594 1715 2647 Octavianum
1752 2595 2037 2646 insecutum
2076 2604 2178 2646 est:

1235 2665 1540 2732 supplicatio
1572 2664 1763 2717 Cinnae
1795 2664 1933 2715 nulla
1949 2666 2178 2716 victoris.

1237 2734 1427 2785 Cinnae
1459 2734 1729 2785 victoriam
1746 2735 2021 2800 imperator
2038 2736 2179 2787 ultus

1237 2811 1316 2854 est
1352 2803 1515 2854 Sulla:
1565 2803 1710 2853 nulla
1745 2805 2054 2870 snpplicatio
2093 2806 2180 2857 de-

1237 2881 1372 2923 creta
1390 2888 1421 2923 a
1438 2880 1643 2938 senatu,
1664 2872 1886 2939 Philipp.
1912 2873 1996 2936 14,
2016 2875 2067 2933 8,
2088 2872 2174 2924 23.

1235 2968 1307 2981 -
1324 2943 1381 2992 L.
1408 2942 1581 2994 Sullae
1600 2951 1651 2993 et
1682 2940 1741 2995 C.
1773 2942 2005 2993 Caesaris
2024 2957 2179 3007 pecu-

1235 3014 1435 3062 niarum
1451 3012 1713 3062 translatio
1734 3026 1767 3061 a
1786 3012 1933 3060 iustis
1959 3010 2178 3059 dominis

1236 3081 1304 3131 ad
1332 3081 1524 3131 alienos
1541 3096 1644 3130 non
1673 3079 1825 3130 debet
1853 3078 2080 3128 liberalis
2099 3079 2177 3128 vi-

1237 3150 1378 3212 deri,
1409 3151 1473 3201 de
1507 3150 1590 3199 off.
1627 3149 1687 3210 1,
1720 3149 1816 3207 14,
1845 3145 2021 3199 43.-
2044 3146 2179 3197 Illud

1237 3220 1472 3270 omnibus
1493 3217 1813 3282 exploratum
1844 3223 1949 3275 est,
1978 3216 2026 3266 si
2054 3216 2178 3265 boni

1234 3289 1359 3337 victi
1402 3288 1532 3347 siut,
1572 3300 1667 3335 nec
1707 3286 1761 3334 in
1797 3286 1953 3336 caede
1986 3284 2176 3349 princi-

1233 3372 1358 3423 pum
1374 3355 1749 3407 clemeutiorem
1762 3353 2029 3405 Caesarem
2045 3353 2175 3418 fore,
