2500 3850
806 209 877 255 ιι.
903 208 1204 257 mcmms
1228 199 1292 255 ι’.
1315 207 1378 256 r.
1406 207 1721 257 anssn-S.
2161 196 2286 258 217

258 363 317 413 in
370 363 685 428 principibus
733 366 961 428 patronis
1018 365 1209 432 aliquot.

262 446 430 481 anuos
467 431 564 480 fuit
594 439 687 486 etc.
739 433 863 483 Eius
891 435 1128 484 inimicus
1150 425 1207 483 C.

260 500 532 561 Fimbria,-
558 499 697 553 Brut.
732 500 828 566 66,
857 501 977 553 233.
1015 503 1089 556 lb.
1123 501 1208 562 90,

263 568 387 620 308.
421 595 487 605 —-
524 569 645 618 Eius
673 570 857 620 virtute
892 573 1209 635 consilioque

262 639 460 688 factum
490 645 597 698 est,
623 653 687 688 ne
709 639 901 689 ratibus
926 641 1206 691 coniunctis

262 705 397 756 freto
436 706 646 770 fugitivi
693 708 821 758 duce
858 706 1102 773 Spartaco
1139 709 1207 760 ad

262 777 553 825 Messanam
572 775 790 825 transire
809 786 1035 842 possent,
1053 779 1201 829 Verr.

264 851 488 895 accusat.
512 846 563 904 5,
585 845 636 908 2,
662 845 715 898 5.
755 846 819 899 cl.
843 847 893 896 in
914 847 1085 897 Pison.
1115 849 1203 910 24,

262 914 350 965 58.
392 939 454 949 -
496 913 561 966 Μ.
608 912 821 964 Crassus
871 916 933 965 ab
973 917 1115 966 Aeno
1152 919 1204 966 in

262 983 443 1031 Asiam
473 982 763 1048 navigavit,
799 999 891 1048 pro
913 984 1088 1034 Flacco
1120 985 1201 1047 14,

262 1050 352 1102 32.
383 1080 453 1092 --
480 1050 550 1099 Μ.
584 1049 796 1101 Crassus
833 1068 879 1103 a.
916 1068 965 1102 ιι.
1000 1069 1046 1107 c.
1080 1053 1201 1110 693.

264 1121 591 1170 ornatissime
628 1119 691 1170 de
730 1120 987 1172 Cleeronis
1023 1136 1206 1174 consu-

262 1190 371 1237 latu
388 1188 587 1238 locutus
608 1197 711 1250 est,
742 1190 808 1239 ad
828 1191 931 1240 Att.
958 1191 985 1240 1
1003 1227 1018 1256 ,
1054 1192 1149 1255 14,
1172 1191 1205 1242 3

262 1273 378 1320 sqq.
417 1257 483 1309 cl.
508 1256 729 1323 Philipp.
752 1258 811 1318 2,
833 1258 867 1310 5
884 1297 897 1320 ,
920 1261 1003 1314 12.
1025 1287 1090 1298 —
1114 1261 1209 1309 Per
1265 1313 1270 1320 ,

260 1328 439 1374 iocum
454 1325 664 1376 ‘Calvus
684 1341 748 1376 ex
768 1326 1077 1378 Nanneianis
1096 1327 1203 1377 ille’

262 1403 493 1453 vocatur,
520 1395 589 1449 ib.
614 1395 639 1444 1
656 1432 670 1458 ,
698 1396 779 1455 16,
800 1395 851 1446 5.
884 1398 950 1449 V.
975 1394 1204 1447 Calvus.

260 1489 337 1499 -—
350 1463 583 1528 Corrupit
600 1465 797 1514 iudices
818 1463 1107 1528 Clodianos,
1131 1467 1204 1518 lb.

264 1559 337 1568 —-
365 1534 549 1583 Caesar
566 1534 836 1583 Ravennae
860 1550 889 1583 a
922 1533 987 1582 M.
1022 1534 1203 1584 Crasso

262 1605 320 1651 in
351 1600 641 1651 Ciceronem
670 1617 945 1668 accensus,
984 1604 1051 1653 ad
1082 1603 1201 1654 fam.

265 1671 294 1721 1
313 1706 328 1734 ‚
350 1669 385 1719 9
399 1708 413 1730 ,
446 1671 498 1722 9.
523 1697 589 1708 --
608 1672 674 1723 M.
696 1671 908 1720 Crassus
931 1687 1044 1721 cum
1064 1671 1205 1722 Cice—

264 1754 392 1790 rone
410 1747 457 1788 et
474 1739 740 1790 Hortensio
768 1739 998 1790 defendit
1014 1740 1073 1795 L.
1096 1740 1205 1790 Mu-

263 1823 471 1866 renam,
506 1823 599 1872 pro
629 1809 757 1858 Mur.
788 1811 851 1874 4,
888 1809 971 1862 10.
1009 1811 1081 1860 Πι.
1114 1809 1200 1874 23,

260 1877 353 1930 48.
376 1903 446 1914 -—
471 1878 691 1930 Asianos
721 1877 949 1943 impulit,
976 1887 1030 1929 ut
1049 1879 1204 1929 aude-

263 1954 379 1996 rent
396 1947 655 2011 postulare
674 1986 687 2006 ‚
710 1954 764 1996 ut
783 1948 1105 1998 induceretur
1129 1948 1205 1998 lo—

265 2016 400 2067 catio
449 2016 773 2082 vectigalium
828 2032 860 2067 a
908 2021 1205 2069 censoribus

262 2085 401 2135 facta
424 2100 469 2133 a.
492 2100 542 2134 u.
565 2100 607 2134 c.
630 2084 751 2138 693.
771 2124 785 2146 ,
813 2087 879 2137 ad
906 2088 1010 2140 Ait.
1038 2088 1063 2137 1
1080 2124 1095 2151 ‚
1120 2088 1203 2149 17,

264 2152 321 2204 9.
344 2184 407 2191 -
430 2152 781 2218 Spectaculum
814 2154 995 2207 Crasso
1029 2158 1205 2205 iucun-

263 2223 387 2272 dum
418 2221 689 2288 Pompeius
724 2225 891 2274 animo
927 2225 1117 2275 stactus
1154 2240 1202 2277 a.

266 2308 319 2341 u.
340 2308 387 2341 c.
406 2290 524 2342 695.
542 2328 556 2353 ,
591 2293 658 2344 lb.
684 2293 744 2348 2,
779 2294 843 2343 21
866 2331 878 2349 ,
909 2296 962 2345 4.
983 2322 1050 2331 —
1068 2294 1207 2343 Reus

263 2368 373 2411 erat
406 2360 540 2424 apud
560 2360 798 2411 Crassum
830 2362 1049 2412 Divitem
1084 2363 1207 2411 Vet-

261 2431 369 2479 tius
390 2430 543 2478 index
570 2430 637 2479 de
658 2431 707 2481 vi
726 2446 775 2483 a.
798 2446 850 2483 u.
876 2446 918 2479 c.
945 2430 1066 2484 695.
1085 2468 1099 2491 ,
1127 2433 1203 2481 Ib.

264 2500 329 2561 2,
364 2500 459 2557 24,
486 2500 539 2551 4.
568 2526 627 2536 -·
672 2501 719 2548 'A
756 2499 811 2549 P.
852 2498 1031 2551 Clodio
1064 2514 1111 2548 a.
1151 2518 1203 2554 u.

264 2582 311 2616 e.
360 2564 479 2619 696.
538 2566 900 2618 infestissimus
954 2582 1067 2618 esse
1124 2568 1207 2617 Ci-

262 2636 461 2685 ceronis
522 2635 739 2686 fortunis
800 2636 1203 2703 praedicabatur,

262 2719 360 2769 pro
398 2703 529 2753 Sest.
573 2704 667 2767 17,
714 2704 799 2756 39.
856 2706 932 2755 Ib.
974 2704 1068 2768 18,
1098 2706 1204 2755 '41.

264 2773 333 2827 ci.
356 2774 422 2824 ad
442 2772 565 2821 fam.
590 2772 654 2824 14
672 2810 685 2832 ,
718 2776 778 2835 2,
802 2776 853 2825 2.
877 2800 945 2812 --
967 2776 1034 2827 M.
1058 2772 1205 2824 Cras-

266 2857 357 2891 sus
374 2841 633 2907 poutii'ex,
666 2843 729 2893 de
748 2843 955 2909 harusp.
994 2858 1130 2908 resp.
1152 2844 1202 2904 6,

264 2912 351 2961 12.
392 2936 459 2947 ——-
504 2909 573 2963 M.
615 2910 827 2962 Crassus
874 2912 1052 2961 consul
1104 2928 1203 2975 quo

264 2980 419 3029 modo
453 2981 655 3029 comitia
684 2982 921 3031 aedilicia
953 2981 1202 3044 habuerit,

262 3063 355 3112 pro
376 3048 549 3103 Pianc,
584 3049 679 3113 20,
710 3051 797 3105 49.
820 3077 885 3087 ·-
909 3049 1017 3108 Quo
1052 3051 1203 3100 modo

264 3134 319 3167 se
344 3120 560 3185 gesserit
582 3120 634 3167 in
660 3134 814 3169 causa
831 3119 1106 3169 Ptolemaei
1125 3135 1205 3169 re-

267 3188 349 3251 gis
366 3189 651 3253 Aegyptia.
674 3203 727 3241 u.
755 3204 799 3238 c.
822 3186 975 3246 698,
995 3189 1061 3238 ad
1080 3189 1200 3242 fam.

268 3254 331 3317 l,
362 3256 422 3319 1,
443 3256 493 3307 3.
515 3283 588 3295 --
605 3254 817 3306 Crassus
835 3257 1013 3307 aderat
1030 3258 1206 3307 Miloni

266 3323 436 3374 animo
460 3336 556 3374 non
579 3326 777 3392 amico,
804 3324 947 3385 adQ.
972 3326 1035 3375 fr.
1060 3329 1120 3389 2,
1152 3325 1203 3389 3,

264 3391 317 3441 2.
352 3418 419 3427 —-
444 3392 514 3444 Μ.
546 3362 777 3445 Crassus
792 3410 907 3445 cum
939 3393 1026 3444 Cn.
1058 3394 1207 3443 Ροιιι-

262 3459 385 3525 peio
416 3467 466 3508 et
499 3460 740 3514 Cicerone
763 3478 856 3527 pro
892 3462 1130 3512 facultate
1158 3469 1207 3511 et

1345 380 1435 430 pro
1454 364 1552 416 fide
1576 381 1668 415 sua
1689 365 2076 431 diligentissime
2111 363 2285 416 defen-

1347 434 1424 483 dit
1439 433 1496 486 L.
1515 433 1801 484 Cornelium
1819 434 2051 494 Balbum,
2064 449 2156 499 pro
2169 435 2286 485 Bal-

1347 504 1412 553 bo
1433 505 1464 553 7
1481 538 1496 566 ‚
1521 503 1599 554 17.
1630 503 1703 556 Ib.
1727 505 1808 555 22.
1832 503 1915 556 50.
1933 529 2003 540 —-
2023 503 2089 556 M.
2113 503 2286 554 Crassi

1348 573 1632 622 castissima
1652 574 1833 622 domus
1848 612 1862 635 ‚
1885 587 1977 637 pro
1999 571 2136 626 Cael.
2159 575 2208 634 4,
2229 574 2280 625 9.

1347 669 1416 678 -
1438 643 1741 705 Fragmenta
1760 643 1870 692 eius
1891 643 2132 691 orationis
2149 679 2163 704 ,
2185 657 2286 704 qua

1346 709 1416 763 M.
1446 708 1670 760 Caelium
1701 709 1952 774 defendit,
1995 707 2068 760 lb.
2102 709 2164 771 8,
2199 711 2284 765 18.

1346 779 1419 832 lb.
1456 778 1550 838 10,
1588 777 1669 829 23.
1697 806 1761 817 ——
1786 779 1908 828 Eius
1944 787 1993 828 et
2027 777 2286 830 Ciceronis

1345 854 1547 897 mutuae
1567 849 1815 900 rationes:
1851 862 1950 911 quo
1976 849 2126 898 modo
2155 863 2204 902 a.
2226 864 2282 900 u.

1345 934 1392 966 c.
1412 915 1530 970 699.
1570 917 1743 967 Cicero
1777 933 1889 967 cum
1911 932 1970 967 eo
1989 918 2041 966 in
2063 919 2282 982 gratiam

1341 985 1567 1048 redierit,
1590 985 1655 1034 ad
1675 986 1793 1036 fam.
1820 984 1866 1046 1,
1883 985 1934 1046 9,
1956 985 2042 1037 20.
2057 985 2284 1047 -Οιιιε-

1347 1069 1456 1104 sum
1493 1055 1684 1104 minore
1718 1055 1963 1120 dignitate
1993 1056 2135 1104 aiunt
2163 1069 2282 1119 pro-

1346 1121 1534 1174 fectum
1555 1122 1850 1188 paludatum
1870 1138 2021 1186 quam
2051 1124 2174 1174 olim
2195 1137 2282 1174 ae-

1348 1191 1548 1255 qualem
1581 1194 1691 1243 eius
1731 1193 1788 1243 L.
1833 1191 2064 1243 Paullum
2101 1193 2282 1242 iterum

1347 1261 1622 1321 consulem,
1647 1277 1692 1310 a.
1714 1279 1765 1312 ιι
1790 1277 1833 1310 c.
1857 1260 2001 1326 699,
2021 1263 2087 1312 ad
2107 1265 2210 1312 Att.
2230 1264 2282 1320 4,

1348 1330 1447 1395 13,
1469 1331 1521 1380 2.
1545 1357 1614 1366 -
1635 1331 1696 1378 Εἰ
1724 1330 1847 1392 quid
1877 1329 2116 1380 acciderit
2147 1332 2284 1379 dira-

1346 1414 1458 1448 rum
1501 1399 1884 1448 obnunciatione
1920 1397 2174 1462 neglecta,
2219 1401 2282 1448 de

1349 1469 1508 1517 divin.
1534 1468 1580 1527 1,
1607 1466 1686 1531 16,
1707 1465 1794 1518 29.
1834 1466 1896 1514 cl.
1923 1466 1991 1516 ib.
2018 1468 2069 1525 2,
2088 1466 2171 1526 40,
2193 1467 2308 1518 822?

1349 1563 1415 1572 —
1443 1535 1624 1586 Crasso
1660 1533 1952 1599 proconsuli
1987 1533 2164 1598 Syriae
2202 1533 2284 1584 Ci-

1348 1619 1464 1654 cero
1494 1604 1670 1654 scribit
1698 1619 1745 1654 a.
1775 1619 1824 1652 u.
1855 1619 1899 1652 c.
1938 1602 2057 1654 700.
2098 1611 2284 1665 quanto

1348 1674 1514 1723 studio
1547 1675 1769 1722 absentis
1799 1673 2095 1738 dignitatem
2119 1673 2170 1722 in
2203 1687 2284 1721 se-

1345 1749 1465 1791 natu
1486 1742 1792 1801 defenderit,
1822 1743 1888 1790 ad
1907 1741 2026 1791 fam.
2050 1742 2082 1791 5
2099 1779 2111 1800 ,
2142 1743 2191 1792 8.
2215 1768 2281 1786 -.-

1345 1811 1560 1876 Sapiens
1581 1811 1764 1862 rectius
1784 1809 2120 1876 appellabitur
2140 1811 2282 1860 dives

1346 1895 1494 1944 quam
1516 1881 1754 1939 Crassus,
1783 1879 1894 1945 qui,
1919 1881 2017 1930 nisi
2037 1881 2282 1945 eguisset,

1343 1964 1619 2012 numquam
1655 1949 1960 2014 Euphratem
1989 1950 2132 1999 nulla
2163 1948 2282 1997 belli

1345 2034 1497 2069 causa
1517 2019 1732 2067 transire
1755 2017 2012 2081 voluisset,
2035 2017 2098 2068 de
2120 2017 2203 2065 fin.
2229 2018 2278 2078 3,

1345 2089 1442 2147 22,
1477 2088 1559 2140 75.
1581 2086 1738 2140 -Μ.
1775 2085 1983 2136 Crassus
2018 2086 2282 2135 interfecto

1346 2157 1448 2207 filio
1475 2157 1800 2218 exercituque
1833 2156 1996 2205 deleto
2027 2162 2162 2204 trans
2184 2156 2282 2203 Eu-

1345 2226 1576 2291 phratem
1612 2239 1724 2275 cum
1759 2225 2032 2290 ignominia
2057 2234 2107 2275 et
2128 2225 2281 2274 dede·

1347 2309 1460 2344 core
1479 2295 1650 2360 periit,
1681 2294 1744 2343 de
1765 2295 1923 2347 divin.
1945 2295 2004 2350 2,
2026 2293 2085 2353 9,
2106 2294 2191 2341 22.
2214 2318 2280 2328 -·

1344 2363 1468 2414 Cum
1491 2378 1550 2415 eo
1571 2362 1635 2415 M.
1659 2361 1885 2412 Ciceroni
1905 2360 2088 2409 multae
2107 2369 2156 2410 et
2176 2373 2280 2408 ma-

1345 2446 1476 2497 gnae
1514 2433 1858 2481 contentiones
1895 2429 2125 2491 fuerunt,
2164 2427 2283 2477 Phi·

1345 2502 1472 2565 lipp.
1495 2501 1547 2563 2,
1566 2500 1616 2558 3,
1635 2502 1686 2553 7.
1709 2498 1915 2547 -Erat
1935 2496 2190 2546 surdaster
2210 2494 2278 2548 M.

1345 2568 1574 2627 Crassus,
1592 2568 1682 2617 sed
1702 2566 1838 2616 aliud
1851 2566 2132 2629 molestius,
2147 2567 2283 2628 quod

1345 2638 1477 2688 male
1497 2638 1751 2696 audiebat,
1767 2636 2075 2699 Tusc.5,40,
2095 2635 2210 2685 116.
2219 2660 2278 2673 --

1345 2706 1414 2760 M.
1439 2705 1649 2755 Crassus
1680 2720 1708 2754 a
1733 2704 1951 2756 falsariis
1981 2704 2128 2753 heres
2159 2706 2283 2753 scri-

1344 2783 1461 2841 ptus
1483 2774 1641 2825 Basili
1665 2774 1817 2825 alieni
1842 2774 2078 2825 facinoris
2101 2789 2281 2822 munn-

1345 2844 1540 2895 sculum
1559 2858 1658 2895 non
1681 2844 1998 2909 repudiavit,
2029 2844 2092 2893 de
2113 2842 2200 2893 off.
2228 2841 2279 2905 3,

1345 2912 1518 2979 18‚73.
1544 2914 1608 2963 cl.
1622 2914 1693 2963 ib.
1709 2912 1758 2978 3,
1781 2914 1862 2972 19,
1877 2913 1960 2964 75.
1973 2912 2118 2960 -Μ.
2136 2910 2285 2959 Cras·

1345 2997 1432 3032 sus
1459 2996 1559 3032 non
1587 2982 1748 3035 solum
1781 2982 1996 3031 callidus
2029 2989 2164 3039 erat,
2195 2994 2254 3027 ve

1344 3066 1456 3101 rum
1477 3051 1630 3101 etiam
1652 3059 1980 3115 praepotens,
2003 3049 2094 3110 qui
2110 3057 2280 3095 tamen

1345 3120 1539 3172 solebat
1559 3120 1632 3169 uti
1650 3131 1742 3170 suo
1761 3120 1912 3179 bono,
1933 3118 1997 3166 de
2017 3116 2101 3165 fin.
2121 3117 2173 3174 2,
2197 3115 2286 3178 18,

1343 3190 1430 3241 5⁶1.
1461 3214 1527 3225 --
1549 3187 1611 3237 M.
1634 3186 1845 3239 Crassus
1874 3186 2092 3250 negabat
2121 3184 2280 3232 ullam

1346 3259 1471 3308 satis
1503 3270 1739 3320 magnam
1769 3256 2036 3320 pecuniam
2072 3269 2186 3303 esse
2211 3255 2285 3313 ei,

1347 3328 1434 3390 qui
1477 3326 1527 3374 in
1565 3340 1619 3373 re
1661 3324 1804 3389 publ.
1854 3325 2088 3389 princeps
2127 3321 2284 3372 vellet

1349 3409 1490 3454 esse,
1539 3394 1684 3443 cuius
1719 3391 1971 3443 fructibus
2009 3394 2282 3441 exercitum

1349 3463 1482 3511 alere
1503 3476 1600 3511 non
1621 3471 1823 3526 posset,
1855 3462 1918 3511 de
1941 3461 2024 3510 off.
2051 3462 2097 3523 1,
2119 3461 2170 3522 8,
2191 3460 2276 3509 25.
