2500 3850
770 181 1234 231 nmpnnooms
1258 202 1341 218 --
1362 184 1428 244 Q.
1453 183 1731 233 nnuma.

189 337 572 404 Empedocles
603 339 1000 403 Agrigentinus,
1031 338 1210 403 physi-

271 423 366 457 cus
412 409 674 473 egregium
713 410 900 471 poema
947 405 1096 469 fecit,
1148 407 1211 456 de

269 484 397 526 orat.
425 477 450 527 1
470 513 486 541 ,
514 476 606 540 50,
631 477 752 526 217.
791 478 865 526 Ita
883 473 1210 542 physicorum

268 546 494 596 rationes
527 545 673 608 sequi
709 546 921 605 dicitur,
961 551 1019 593 ut
1055 544 1214 593 inter--

268 616 391 664 dum
413 614 580 663 furere
603 614 852 671 videatur,
878 613 1038 666 Acad.
1062 627 1139 678 pr.
1161 614 1211 672 2,

259 684 318 745 5,
344 684 425 733 14.
467 682 533 730 cl.
557 683 625 732 ib.
648 683 700 746 2,
720 682 805 742 23,
829 684 913 736 74.
941 709 1007 718 -
1028 682 1212 746 Empe-

267 751 444 802 docles
462 753 658 800 censuit
678 753 848 802 omnia
866 753 938 800 ita
958 749 1064 800 fato
1082 750 1208 811 fieri,

264 827 324 870 ut
338 821 392 870 id
411 819 572 870 fatum
590 820 694 870 vim
711 821 1030 870 necessitatis
1044 819 1209 868 adfer-

263 882 370 951 ret,
394 889 458 938 de
477 887 581 938 fato
604 890 669 939 17
686 924 700 948 ,
734 888 820 940 39.
843 915 909 926 -—
928 889 1058 938 Eum
1077 888 1210 936 vati-

260 961 491 1008 cinatum
509 957 692 1019 ferunt,
711 972 842 1020 quae
862 958 915 1006 in
933 971 1100 1006 rerum
1121 969 1208 1004 na-

262 1039 380 1076 tura
425 1033 634 1088 totoque
683 1026 874 1076 mundo
923 1031 1208 1076 constarent

263 1110 498 1158 quaeque
530 1102 879 1157 moverentur,
919 1107 980 1144 ea
1011 1103 1208 1144 contra-

259 1165 387 1214 here
407 1164 704 1222 amicitiam,
727 1164 979 1228 dissipare
997 1177 1206 1213 concor-

262 1235 432 1294 diam,
457 1233 520 1282 de
539 1247 640 1282 am.
673 1233 732 1296 7,
767 1233 852 1281 24.
876 1258 942 1268 -
961 1231 1206 1292 Quattuor

260 1303 514 1352 elementa
563 1301 694 1350 dixit
747 1315 889 1361 esse,
945 1316 972 1350 e
1021 1301 1205 1364 quibus

261 1373 436 1421 omnia
460 1369 814 1436 gignerentur,
849 1369 1010 1426 Acad.
1042 1383 1119 1433 pr.
1153 1369 1204 1431 2,

255 1438 358 1501 37,
410 1438 526 1491 118.
567 1466 633 1475 -
671 1437 1009 1503 Empedocles
1049 1437 1208 1486 multa

257 1509 366 1558 alia
389 1521 612 1572 peccans
642 1507 696 1556 in
726 1507 937 1558 deorum
966 1507 1204 1570 opinione

254 1578 559 1642 turpissime
587 1577 774 1626 dicitur
805 1576 937 1639 labi,
973 1574 1035 1624 de
1068 1590 1118 1624 n.
1149 1574 1198 1627 d.

257 1646 288 1696 1
307 1681 323 1709 ,
362 1646 458 1705 12,
489 1644 575 1695 29.
608 1673 674 1681 -
704 1641 1042 1710 Empedocles
1076 1643 1202 1692 nihil

207 1748 223 1754 ,
257 1715 528 1778 cognosci,
553 1713 680 1763 nihil
702 1713 915 1778 percipi,
938 1712 1063 1762 nihil
1085 1713 1203 1761 sciri

253 1797 416 1848 posse
447 1783 608 1848 dixit,
651 1783 806 1832 Acad.
841 1789 975 1845 post.
1017 1781 1076 1844 1,
1115 1779 1197 1842 12,

252 1853 342 1902 44.
364 1877 437 1889 -
467 1851 805 1916 Empedocles
833 1852 1057 1900 animum
1088 1863 1202 1899 esse

254 1928 431 1970 censet
449 1922 593 1972 cordi
612 1919 858 1971 suffusum
878 1921 1093 1986 sang-uin
1101 1935 1197 1980 em,

251 1988 467 2039 Tuscul.
507 1990 566 2052 1,
599 1989 659 2050 9,
691 1989 775 2041 19.
818 1990 890 2043 Ib.
919 1990 974 2050 1,
1003 1989 1086 2050 17,
1106 1989 1197 2039 41.

251 2086 322 2095 -
377 2059 716 2123 Empedocles
768 2064 817 2107 et
881 2057 1200 2124 Pythagoras

251 2127 476 2177 clamant
508 2126 849 2193 inexpiabiles
877 2140 1072 2192 poenas
1104 2127 1202 2175 im-

250 2197 483 2261 pendere
519 2196 614 2257 iis,
663 2212 694 2246 a
729 2197 916 2259 quibus
949 2194 1200 2245 violatum

252 2267 321 2315 sit
342 2263 563 2328 animal,
597 2265 660 2316 de
691 2279 731 2313 r.
755 2280 808 2329 p.
828 2265 880 2323 3,
907 2262 998 2327 11,
1022 2262 1105 2315 19.
1133 2290 1200 2300 -

252 2330 442 2383 Contra
451 2333 814 2397 Empedoclem
833 2332 1199 2396 dixeruntEpi-

252 2417 408 2453 curus
444 2410 494 2453 et
532 2402 848 2454 Metrodorus
889 2408 938 2450 et
969 2400 1198 2449 Hermar-

251 2471 382 2520 chus
396 2508 411 2532 ,
434 2472 499 2521 de
518 2486 569 2519 n.
588 2472 640 2526 d.
666 2474 712 2532 1,
732 2470 818 2530 33,
835 2469 922 2523 93.
935 2497 999 2507 -
1012 2469 1198 2534 Empe-

251 2540 435 2590 doclea
455 2540 689 2590 Sallustii
719 2541 1099 2605 vituperantur,
1133 2540 1200 2589 ad

250 2608 311 2667 Q.
335 2609 400 2661 fr.
427 2611 477 2669 2,
500 2607 677 2675 9(11),
701 2610 752 2663 4.
781 2630 847 2644 —-
867 2607 1199 2673 Empedocles

251 2678 424 2727 floruit
443 2693 490 2726 a.
517 2686 632 2727 ante
654 2677 770 2730 Chr.
793 2676 912 2727 455.

178 2760 462 2828 Empylus
492 2761 750 2823 Rhodius,
785 2776 914 2824 quae
943 2762 1200 2825 cogitave-

248 2838 360 2895 rat,
384 2831 449 2880 ad
466 2831 677 2879 verbum
697 2830 750 2879 in
769 2831 967 2896 agendo
989 2829 1196 2895 rettulit,

251 2898 442 2963 fragm.
467 2914 518 2963 p.
542 2898 658 2949 344.
1147 2938 1156 2946 .

180 2965 519 3035 Endymion.
541 2967 666 3017 Eius
687 2982 896 3017 somnus
911 3004 926 3028 ,
948 2968 1012 3017 de
1032 2968 1120 3023 fin.
1142 2964 1193 3029 5,

251 3037 338 3098 20,
361 3036 450 3089 55.
487 3036 693 3086 Tuscul.
722 3037 770 3097 1,
790 3036 875 3100 38,
897 3036 984 3087 92.

180 3118 542 3185 Engonasin,
572 3121 744 3189 sidua,
775 3121 917 3171 Arat.
946 3137 997 3172 v.
1016 3121 1103 3172 68.
1127 3146 1194 3158 —-

251 3190 315 3238 de
335 3203 385 3240 u.
409 3190 460 3239 d.
483 3192 534 3249 2,
554 3190 640 3262 42,
665 3188 785 3241 108.

183 3272 445 3339 Enguina
457 3276 636 3324 civitas
650 3276 699 3323 m
713 3262 1194 3339 sicmaJEwoeitov,

249 3344 398 3396 Verr.
423 3352 646 3397 accusat.
668 3343 719 3406 3,
741 3342 826 3406 43,
853 3344 970 3395 103.

181 3424 452 3496 Enguini‚
466 3429 660 3479 incolae
681 3430 903 3480 civitatis
914 3429 1196 3494 Enguinae‚

2172 173 2290 238 135

1266 303 1273 307 ⁹
1350 340 1496 391 Verr.
1521 348 1739 388 accusat.
1762 342 1811 399 4,
1830 342 1916 401 44,
1936 328 2023 394 97.
2046 342 2120 394 Ib.
2134 341 2185 404 5,
2205 343 2289 403 72,

1282 473 1441 525 Enna
1480 483 1529 524 et
1564 475 1869 528 Ennenses.
1923 479 1985 527 V.
2018 477 2217 532 Henna
2241 489 2291 530 et

1352 543 1696 596 Hennenses.

1282 610 1530 676 Ennius,
1575 629 1730 681 egens
1766 615 1974 677 quidam
2015 617 2291 667 calumnia-

1356 692 1458 745 tor,
1485 685 1860 733 mercennarius
1879 681 2174 748 Oppianici,
2195 701 2288 751 pro

1352 749 1544 801 Cluent.
1568 750 1655 811 59,
1681 750 1797 804 163.

1278 817 1357 868 Μ.
1380 818 1592 870 Ennius
1609 856 1624 883 ,
1646 821 1711 871 ad
1731 821 1836 871 Att.
1862 821 1946 884 15,
1966 821 2053 882 26,
2075 821 2127 875 5.

1283 885 1352 952 Q.
1375 884 1591 938 Ennius
1610 896 1757 938 natus
1778 905 1826 939 a.
1847 905 1900 944 u.
1923 907 1967 939 c.
1996 889 2113 941 515.
2139 891 2289 941 Varr.

1350 957 1547 1020 Rudiis,
1571 955 1837 1008 Calabriae
1856 959 2065 1024 oppido,
2086 957 2287 1010 Tuscul.

1350 1025 1397 1088 1,
1425 1025 1473 1085 1,
1495 1024 1545 1075 3.
1583 1027 1721 1076 Brut.
1748 1026 1840 1087 18,
1864 1027 1947 1078 73.
1985 1039 2079 1092 pro
2100 1028 2290 1077 Archia

1347 1094 1407 1153 9,
1452 1094 1537 1145 22.
1576 1121 1643 1130 -—
1678 1095 1897 1156 Ennius,
1936 1097 2138 1146 vicinus
2174 1095 2285 1146 Ser.

1344 1159 1552 1213 Galbae.
1576 1163 1699 1212 Eius
1721 1165 2000 1223 somnium,
2022 1166 2180 1216 Acad.
2205 1180 2282 1230 pr.

1344 1231 1407 1293 2,
1438 1230 1527 1293 16,
1549 1231 1635 1284 51.
1671 1233 1735 1283 cl.
1762 1234 1883 1282 der.
1905 1248 1959 1298 p.
1982 1235 2045 1292 6,
2081 1233 2177 1294 10,
2202 1234 2285 1284 10.

1343 1323 1414 1334 -
1444 1301 1638 1350 Ennius
1670 1317 1785 1350 cum
1821 1302 1889 1355 Μ.
1923 1302 2099 1353 Fulvio
2135 1303 2287 1353 Nobi-

1345 1368 1473 1418 liore
1495 1367 1547 1417 iu
1574 1369 1770 1420 Aetolia
1794 1370 2058 1433 militavit,
2080 1371 2286 1421 Tuscul.

1350 1437 1396 1499 1,
1422 1437 1471 1498 1,
1499 1437 1547 1486 3.
1586 1451 1681 1501 pro
1701 1437 1891 1487 Archia
1912 1437 2001 1496 11,
2034 1438 2119 1486 27.
2158 1439 2287 1488 Eum

1347 1505 1551 1553 civitate
1574 1506 1776 1554 donavit
1799 1506 1939 1555 illius
1956 1505 2095 1554 filius
2107 1506 2166 1565 Q.
2185 1507 2286 1556 No-

1346 1573 1521 1632 bilior,
1572 1589 1727 1636 quum
1764 1577 2001 1626 triumvir
2036 1574 2287 1627 coloniam

1347 1642 1671 1706 deduxisset,
1694 1644 1831 1697 Brut.
1856 1644 1942 1707 20,
1962 1643 2048 1694 79.
2065 1670 2137 1681 —
2153 1644 2285 1696 Lau·

1347 1710 1489 1760 davit
1518 1711 1583 1760 M.
1613 1711 1799 1777 Lepidi
1832 1712 2053 1762 reditum
2087 1714 2138 1761 in
2168 1729 2286 1778 gra·-

1344 1779 1464 1828 tiam
1486 1794 1599 1828 cum
1624 1781 1689 1834 M.
1713 1781 1887 1832 Fulvio
1908 1781 2168 1832 Nobiliore
2183 1817 2198 1845 ‚
2221 1784 2285 1833 de

1340 1862 1482 1913 prov.
1522 1863 1660 1898 cons.
1693 1848 1755 1909 9,
1788 1849 1871 1901 20.
1897 1877 1967 1887 -
1998 1850 2156 1902 Cama
2188 1851 2286 1903 fuit

1343 1917 1584 1967 Africano
1604 1919 1857 1985 superiori
1875 1919 2087 1978 Ennius,
2115 1921 2284 1983 itaque

1343 1988 1495 2037 etiam
1517 1988 1570 2035 in
1594 1989 1826 2052 sepulcro
1866 1988 2163 2058 Scipionum
2187 2005 2284 2054 pu-

1341 2063 1474 2105 tatur
1492 2070 1605 2105 esse
1626 2058 1927 2108 constitutus
1954 2072 1982 2107 e
2011 2072 2281 2123 marmore,

1340 2138 1434 2189 pro
1467 2124 1653 2175 Archia
1684 2122 1744 2190 9,
1779 2126 1864 2175 22.
1900 2152 1966 2163 -·
1988 2126 2098 2185 Quo
2130 2129 2281 2177 modo

1341 2208 1457 2242 cum
1481 2192 1659 2244 Ennio·
1673 2195 1871 2243 iocatus
1906 2197 1974 2243 sit
2005 2195 2062 2245 P.
2094 2195 2283 2245 Corne·

1338 2262 1438 2311 lius
1474 2260 1645 2326 Scipio
1690 2262 1873 2312 Nasica
1912 2263 2195 2327 Optimus,·
2218 2264 2282 2315 de

1342 2336 1468 2380 orat.
1497 2331 1558 2387 2,
1588 2330 1681 2389 68,
1715 2330 1835 2381 276.
1872 2358 1937 2367 —
1962 2330 2019 2381 C.
2052 2332 2281 2395 Sulpicio

1342 2397 1483 2447 Gallo
1534 2406 1792 2461 praetore,
1838 2413 1994 2460 quum
2030 2398 2283 2465 Thyesten

1340 2465 1564 2517 fabulam
1587 2466 1869 2526 docuisset,
1894 2467 1951 2525 Q.
1978 2466 2167 2516 Marcio
2190 2467 2280 2521 Cn.

1340 2533 1557 2585 Servilio
1589 2548 1723 2585 coss.
1756 2550 1805 2583 a.
1834 2550 1885 2584 u.
1922 2551 1967 2587 c.
1990 2534 2110 2587 585.
2146 2552 2280 2587 mor-

1338 2612 1441 2653 tem
1460 2604 1603 2669 obiit,
1622 2603 1764 2656 Brut.
1786 2603 1871 2665 20,
1884 2604 1969 2657 78.
1998 2605 2063 2654 cl.
2084 2606 2147 2655 de
2168 2620 2277 2656 sen.

1338 2672 1521 2736 5,214.
1561 2698 1631 2711 —-
1664 2673 1898 2724 Eximiae
1936 2675 2045 2723 eius
2080 2673 2277 2739 laudea,

1336 2740 1541 2794 Tuscul.
1568 2740 1620 2804 3,
1646 2740 1738 2801 19,
1760 2744 1846 2793 45.
1891 2744 1955 2793 de
1972 2750 2101 2794 orat.
2124 2744 2172 2806 1,
2198 2745 2280 2803 45,

1341 2809 1458 2861 198.
1480 2838 1548 2847 --
1568 2810 1695 2861 Eius
1729 2812 1962 2862 versiculi
1996 2829 2059 2862 ex
2078 2822 2279 2879 tragoe-

1340 2880 1454 2941 dia,
1487 2880 1561 2929 Ib.
1586 2880 1611 2929 1
1632 2916 1645 2939 ,
1678 2881 1774 2941 45,
1808 2880 1923 2932 199.
1948 2910 2017 2918 -
2038 2880 2278 2933 Summus

1338 2949 1514 3013 epicus
1533 2952 1712 3013 poeta,
1750 2950 1815 2999 de
1847 2958 1952 3015 opt.
1984 2966 2101 3017 gen.
2130 2965 2202 2999 or.
2226 2952 2275 3013 1,

1334 3019 1387 3066 2.
1428 3044 1494 3053 -
1530 3016 1640 3067 Non
1683 3018 1901 3067 discedit
1944 3034 1973 3067 a
2022 3020 2278 3069 communi

1332 3100 1472 3135 more
1504 3086 1803 3150 verborum,
1833 3094 1956 3135 orat.
1982 3085 2043 3135 11
2061 3124 2074 3147 ,
2098 3086 2183 3137 36.
2210 3114 2275 3123 -

1336 3154 1530 3204 Ennius
1554 3154 1829 3219 perfectior
1855 3154 2045 3205 Naevio
2062 3191 2075 3214 ,
2106 3162 2277 3205 tamen

1338 3224 1401 3273 ab
1434 3222 1524 3271 illo
1554 3221 1775 3284 sumpsit
1803 3222 1985 3283 multa,
2016 3222 2155 3272 Brut.
2190 3222 2273 3283 19,

1338 3290 1424 3340 76.
1448 3316 1514 3325 --
1537 3290 1755 3352 Ennius,
1788 3290 2065 3353 Pacuvius,
2088 3292 2275 3341 Accius

1340 3360 1473 3408 inter
1490 3372 1547 3407 se
1568 3356 1843 3408 dissimiles
1860 3393 1875 3421 ,
1900 3360 1961 3409 de
1984 3369 2109 3410 orat.
2130 3359 2163 3412 3
2177 3397 2192 3422 ,
2221 3361 2273 3423 7,

1339 3430 1425 3479 27.
1450 3454 1515 3462 -—-
1537 3426 1754 3488 Ennius,
1783 3428 2066 3490 Pacuvius,
2090 3428 2277 3481 Accius
