2500 3850
713 201 788 247 M.
823 200 1158 248 Amnnms
1189 200 1494 249 somnos
1518 221 1602 234 --
1628 202 1865 261 AEQUI.
2290 194 2330 256 9

310 355 366 407 C.
387 357 598 407 Rabirio
621 358 765 422 perd.
787 359 848 416 7,
881 359 966 412 21.
1002 383 1070 394 -
1097 357 1171 410 Ib.
1199 357 1249 422 9,

307 425 394 478 26.
423 453 494 466 --
524 429 570 475 A
604 425 656 476 G.
675 425 900 476 Graccho
917 442 1078 489 usque
1097 427 1164 478 ad
1189 427 1249 486 Q.

306 497 523 544 Varium
546 495 620 562 (a.
643 511 693 544 u.
716 512 760 546 c.
789 493 1092 559 630—-663J
1115 497 1253 546 sedi-

307 566 456 614 tiosis
477 566 710 614 omnibus
730 565 940 630 restitit,
975 579 1066 630 pro
1085 565 1250 614 Sestio

305 635 374 682 47
419 634 540 684 101.
559 659 628 670 -
663 633 788 684 Eius
809 635 1086 700 singularis
1105 649 1252 685 seve-

305 703 450 761 ritaS,
503 693 566 752 He
601 701 682 752 off.
722 703 766 759 1,
799 703 883 765 30,
919 701 1035 755 108.
1079 728 1141 738 —
1181 704 1247 752 M.

307 769 530 822 Scaurus
566 787 598 820 a
637 771 695 830 Q.
730 771 932 822 Metelio
978 773 1246 823 Numidico

305 841 594 890 constantia
613 851 660 890 et
683 842 934 906 gravitate
957 850 1242 906 superatus,

307 911 374 958 ad
405 909 528 958 fam.
558 911 602 970 1,
635 909 688 970 9,
721 910 804 962 16.
848 912 969 962 Eius
995 912 1146 960 iurati
1175 920 1247 960 te-

305 980 542 1028 stimonio
582 974 745 1040 ne‘que
788 980 842 1028 in
881 981 937 1031 C.
972 980 1245 1028 Fimbriam

225 1094 232 1098 .
305 1063 470 1110 neque
504 1049 554 1096 iu
589 1047 642 1096 C.
676 1048 968 1103 Memmium
999 1050 1248 1099 creditum

305 1125 400 1175 est,
423 1132 514 1181 pro
537 1118 741 1168 Fonteio
777 1120 827 1179 7,
862 1118 948 1169 14.
984 1143 1047 1154 --
1079 1118 1248 1167 Accu-

303 1194 448 1236 satus
479 1195 557 1236 est
590 1201 637 1238 a.
676 1185 742 1235 M.
772 1186 925 1236 Bruto
945 1225 958 1246 ,
992 1201 1082 1250 pro
1115 1187 1247 1236 Fon-

303 1258 405 1304 teio
449 1255 529 1314 13,
563 1253 646 1304 28.
680 1281 740 1290 —
771 1253 936 1306 Subiit
962 1255 1138 1321 populi
1169 1258 1248 1308 iu-

303 1325 494 1374 dicium
551 1324 834 1387 inquirente
889 1323 978 1380 Cn.
1023 1325 1244 1375 Domitio

299 1394 504 1442 tribuno
525 1394 619 1458 pl„
643 1408 734 1458 pro
756 1392 947 1445 Scauro
963 1395 1011 1457 1,
1029 1396 1077 1446 l.
1110 1396 1245 1444 Reus

303 1473 383 1512 est
414 1463 580 1513 factus
603 1477 634 1510 a
663 1462 722 1522 Q.
746 1462 963 1513 Servilio
993 1462 1245 1527 Caepione

301 1533 418 1598 lege
438 1531 686 1594 Servilia,
713 1533 776 1582 ab
804 1533 984 1581 eodem
1005 1533 1118 1597 lege
1144 1533 1247 1582 Va-

302 1604 382 1650 ria
413 1603 465 1649 in
484 1601 788 1664 proditionis
807 1602 996 1651 crimen
1017 1609 1243 1660 vocatnS,

305 1671 377 1720 Ib.
401 1673 432 1718 2
457 1679 506 1720 et
531 1672 580 1719 4.
606 1669 728 1720 Eius
747 1671 925 1719 laudes
944 1670 1016 1720 Ib.
1041 1673 1094 1721 4.
1115 1685 1243 1718 3.-
1308 1733 1313 1737 .

303 1738 526 1790 Scaurus
547 1737 716 1803 lapide
735 1754 1012 1804 percussus
1041 1741 1090 1787 in
1111 1739 1246 1788 sedi-

303 1811 442 1858 tione
489 1816 596 1858 orta
632 1816 838 1872 propter
875 1808 933 1869 Q.
977 1807 1244 1873 Caepionis

305 1891 528 1941 causam,
551 1879 615 1926 de
633 1894 706 1939 or,
731 1879 782 1939 2,
804 1880 890 1937 47,
912 1878 1028 1930 197.
1061 1903 1127 1913 —
1163 1878 1244 1928 Fi-

305 1948 422 1997 dem
451 1956 500 1996 et
530 1946 748 1998 Mentem
781 1949 840 1995 in·
868 1946 1119 2012 Capitolio
1156 1947 1244 1996 de-

305 2018 509 2074 dicavit,
530 2017 593 2067 de
615 2032 666 2065 n.
691 2017 740 2066 d.
763 2018 812 2078 2,
835 2016 923 2079 23,
946 2016 1030 2068 61.
1051 2042 1118 2052 ·-
1149 2016 1244 2065 Mi-

302 2088 441 2135 nime
461 2086 670 2135 cedebat
700 2087 946 2150 dignitate
977 2093 1025 2135 et
1049 2086 1243 2135 meritis

303 2156 358 2205 G.
385 2154 561 2214 Mario,
583 2156 646 2205 de
667 2154 749 2204 off.
773 2154 820 2215 1,
843 2154 926 2215 22,
951 2154 1034 2206 76.
1055 2182 1126 2193 —
1145 2154 1244 2203 Re-

304 2223 590 2289 prehensus
614 2240 645 2273 a
665 2221 808 2273 Gallo
843 2224 893 2271 in
925 2238 1082 2273 causa
1099 2222 1243 2273 Piso-

303 2294 402 2353 niS‚
425 2294 490 2343 de
509 2294 585 2341 or.
609 2295 659 2356 2,
685 2293 770 2352 66,
791 2292 912 2343 265.
938 2319 1002 2329 -
1024 2292 1240 2341 Archias

302 2362 605 2411 audiebatur
626 2378 656 2411 a
679 2364 742 2414 M.
768 2361 1008 2424 Aemilio,
1031 2374 1124 2426 pro
1149 2363 1242 2411 Ar-

303 2430 419 2481 chia
442 2431 496 2493 3,
515 2432 641 2482 6.-—
667 2430 875 2481 Caecilii
895 2430 1044 2479 Statii
1063 2431 1243 2479 comici

302 2502 355 2549 in
375 2514 492 2550 eum
511 2500 700 2550 dictum
715 2534 730 2559 ,
767 2499 830 2548 de
850 2513 921 2549 or.
945 2500 994 2561 2,
1016 2500 1106 2557 64,
1121 2500 1241 2549 257.

302 2596 373 2607 —
391 2570 518 2619 Eius
535 2562 894 2628 Tusculanum,
916 2582 1008 2632 pro
1032 2568 1246 2618 Caecina

233 2704 310 2757 Μ.
333 2704 612 2757 Aemilius
633 2702 878 2755 Scaurus
897 2740 911 2767 ,
957 2705 1024 2755 M.
1053 2706 1248 2772 princi-

303 2777 387 2841 pis
436 2783 642 2825 senatus
687 2774 841 2823 filius..
911 2774 987 2823 De
1025 2790 1084 2825 eo
1129 2774 1248 2824 vide

304 2846 490 2910 fragm.
527 2858 601 2893 or.
637 2842 813 2894 Scaur.
842 2858 894 2908 p.
917 2840 1020 2893 223
1040 2870 1105 2879 -—
1125 2842 1244 2894 239.

303 2938 374 2951 ——
401 2912 721 2963 Adolescens
756 2914 1015 2963 accusavit
1039 2910 1124 2964 On.
1146 2912 1247 2961 Do-

303 2982 568 3041 labellam,
621 2982 760 3031 Verr.
801 2989 1022 3033 accusat.
1063 2980 1120 3043 1,
1163 2979 1246 3039 38,

304 3052 388 3104 97.
423 3076 493 3087 -—
523 3052 648 3100 Eius
683 3050 1058 3101 aedificationes
1080 3052 1130 3098 in
1153 3050 1246 3098 Pa-

305 3120 426 3169 latio
443 3156 459 3181 ,
489 3120 552 3169 de
572 3118 658 3168 off.
684 3120 731 3181 1,
752 3119 838 3181 39,
862 3118 978 3187 138.
1018 3148 1090 3157 --
1129 3119 1248 3167 Eius

229 3196 233 3203 ’
305 3189 540 3239 aedilitas
567 3188 1074 3253 magnificentissima
1113 3202 1159 3237 a.
1193 3202 1245 3237 u.

305 3273 348 3309 c.
375 3256 517 3317 696„
540 3258 606 3307 de
626 3257 712 3310 off.
734 3260 784 3320 2,
809 3258 892 3319 16,
918 3258 1000 3307 57.
1023 3284 1094 3295 --
1124 3256 1248 3305 Eius

307 3326 541 3387 divitiae,
583 3340 676 3389 pro
708 3326 872 3376 Sestio
905 3328 990 3385 54,
1027 3325 1147 3378 116.
1178 3348 1251 3361 --

307 3394 540 3444 Pontifex
567 3410 614 3447 a.
638 3410 687 3444 u.
715 3413 760 3445 c.
779 3394 917 3457 697„
953 3397 1016 3444 de
1036 3394 1246 3458 harusp.

312 3478 444 3530 resp.
465 3464 516 3523 6,
542 3464 624 3514 12.
667 3488 734 3499 -·
771 3465 923 3529 Apud
957 3478 1068 3512 eum
1103 3476 1250 3527 prae-

1394 365 1551 408 torem
1582 361 1925 421 quaestionem
1958 361 2089 409 inter
2118 362 2332 411 sicarios

1396 429 1629 478 sortitum
1670 443 1717 478 a.
1772 445 1825 482 u.
1874 445 1918 478 c.
1976 429 2093 481 698.
2154 429 2332 480 Cicero

1396 495 1550 545 Sestii
1576 511 1781 547 causam
1802 500 1923 562 egit,
1943 513 2036 563 pro
2054 499 2219 550 Sestio
2242 502 2328 559 47,

1396 563 1512 618 101.
1558 591 1624 602 --
1660 567 1789 617 Eum
1816 569 1917 616 iam
1946 568 2145 631 pridem
2182 569 2333 618 Pom-

1392 635 1539 698 peius
1568 636 1770 696 abiecit,
1796 649 1844 688 a.
1866 651 1919 688 ιι.
1944 652 1988 684 c.
2012 637 2147 699 700„
2184 639 2250 688 ad
2270 639 2330 697 Q.

1392 703 1455 756 i'r.
1479 703 1527 763 3,
1548 703 1663 763 8,3.
1686 731 1757 742 --
1785 705 1910 756 Eius
1944 707 2120 770 petitio
2148 715 2197 756 et
2224 723 2332 756 arn-

1388 772 1555 832 bitus,
1595 774 1663 824 ad
1691 774 1751 834 Q.
1786 775 1851 824 fr.
1886 775 1947 836 2,
1987 775 2077 839 14,
2110 775 2161 827 3.
2208 777 2331 826 Eius

1389 842 1632 892 iudicium
1649 857 1696 894 a.
1722 859 1772 893 u.
1796 859 1841 894 c.
1863 844 1983 894 700.
2008 844 2079 893 lb.
2102 845 2155 905 2,
2181 846 2261 906 15,
2279 845 2330 896 3.

1388 937 1453 946 —-
1474 910 1748 976 Pompeius
1771 912 1962 962 Scauro
1982 913 2151 964 studet
2170 917 2221 963 iu
2240 929 2322 977 pe·

1386 981 1562 1030 titione
1601 981 1917 1038 consulatus,
1956 996 2003 1032 a.
2031 998 2085 1030 u.
2121 999 2164 1036 c.
2189 985 2291 1033 700
2316 1021 2331 1044 ,

1388 1049 1453 1098 ad
1477 1050 1579 1098 Aa.
1614 1054 1664 1109 4,
1696 1051 1779 1114 15,
1806 1052 1855 1105 7.
1892 1051 1979 1108 ,Ad
2008 1051 2119 1103 eius
2154 1052 2333 1101 defen—

1390 1120 1584 1166 sionem
1608 1136 1664 1170 se
1686 1120 1895 1184 expedit
1916 1119 2109 1180 Cicero,
2142 1123 2217 1170 lb.
2245 1123 2327 1183 14,

1393 1186 1477 1250 15,
1512 1187 1562 1240 9.
1595 1213 1665 1224 -·
1714 1187 1979 1238 Orationes
2020 1189 2333 1254 efflagitatas

1388 1270 1481 1320 pro
1504 1255 1693 1306 Scauro
1719 1266 1767 1306 et
1786 1272 1879 1323 pro
1898 1257 2105 1306 Plancio
2138 1275 2185 1308 a.
2209 1275 2259 1307 u.
2282 1274 2331 1308 c.

1389 1323 1531 1388 700„
1556 1326 1619 1374 ad
1656 1325 1715 1383 Q.
1751 1325 1814 1379 fr.
1835 1325 1894 1386 3,
1927 1326 1983 1387 1,
2007 1329 2059 1376 4.
2083 1329 2132 1388 S.
2160 1329 2241 1377 11.
2265 1355 2331 1363 -—-

1390 1393 1638 1442 Scaurum
1704 1395 1950 1445 beneficio
2019 1395 2331 1447 defensionis

1386 1462 1539 1512 valde
1580 1462 1827 1528 obligavit
1855 1461 2049 1523 Cicero,
2085 1465 2158 1513 lb.
2193 1465 2244 1524 3,
2281 1466 2329 1524 1,

1388 1533 1439 1582 5.
1473 1533 1522 1594 S.
1549 1530 1630 1584 16.
1676 1533 1751 1582 De
1769 1532 1963 1583 ambitu
1982 1534 2265 1597 postulatus
2302 1551 2332 1583 a

1385 1600 1601 1663 Triario,
1638 1601 1710 1650 lb.
1752 1599 1801 1661 3,
1837 1601 1885 1661 1,
1919 1603 1969 1650 2.
2007 1603 2057 1663 S.
2084 1603 2134 1654 3.
2160 1629 2230 1640 —-
2261 1604 2328 1653 M.

1384 1667 1605 1719 Scaurus
1633 1671 1925 1721 absolutus:
1966 1673 2075 1722 eius
2107 1671 2332 1721 liberali·-

1385 1747 1461 1788 tas
1500 1740 1551 1787 in
1588 1739 1835 1804 populum
1868 1754 1917 1792 a.
1942 1755 1993 1788 u.
2022 1740 2223 1800 c.700.,
2264 1742 2331 1790 ad

1384 1808 1489 1860 Aa.
1509 1811 1560 1870 4,
1578 1809 1659 1867 16,
1675 1808 1725 1858 7.
1756 1808 1883 1858 Eum
1906 1809 2071 1860 denuo
2101 1811 2192 1874 (de
2223 1825 2331 1860 am-

1385 1876 1521 1943 bitu)
1555 1879 1838 1928 accusaturi
1858 1880 2167 1943 putabantur
2182 1879 2326 1929 Tria-

1386 1948 1493 1995 rius
1514 1954 1601 1997 aut
1620 1946 1679 2000 L.
1704 1946 1908 2011 Caesar,
1926 1948 2000 1997 ib.
2023 1949 2139 2011 §.8.
2174 1950 2329 1998 Scau-

1386 2032 1497 2065 rum
1534 2016 1759 2065 Triarius
1796 2032 1939 2066 reum
1978 2018 2118 2076 facit,
2164 2018 2237 2067 ΙΙ).
2274 2022 2327 2076 4,

1386 2087 1471 2145 17,
1494 2087 1544 2134 2.
1584 2086 1707 2135 Eius
1740 2085 1945 2150 repulsa
1972 2095 2022 2135 et
2050 2087 2327 2144 calamitae,

1383 2155 1446 2205 de
1467 2154 1600 2204 offic.
1626 2155 1672 2214 1,
1696 2153 1779 2215 39,
1799 2154 1913 2206 138.

1313 2220 1555 2273 Aenaria
1603 2224 1771 2273 insula
1824 2226 2060 2287 opposita
2112 2224 2329 2288 Campa-

1381 2292 1515 2349 niae,
1536 2294 1603 2342 ad
1625 2292 1727 2343 Aa..
1755 2291 1837 2350 10,
1864 2292 1945 2356 13,
1973 2293 2020 2342 1.

1316 2360 1564 2424 Aeneas,
1598 2362 1707 2409 eius
1738 2361 1991 2411 somnium
2024 2362 2072 2409 in
2092 2360 2150 2409 N.
2184 2362 2329 2410 Fabii

1388 2430 1597 2479 Graecis
1632 2429 1918 2488 annalibus,
1974 2430 2037 2477 de
2074 2430 2237 2479 divin.
2279 2430 2327 2489 1,

1385 2499 1471 2559 21,
1504 2498 1590 2549 43.
1638 2498 1701 2547 cl.
1726 2498 1794 2547 ad
1816 2498 2035 2550 Herenn.
2058 2502 2109 2561 4,
2132 2498 2215 2562 34,
2239 2499 2325 2549 46.

1316 2566 1535 2618 Aeneas
1568 2566 1868 2628 HalesinuS,
1939 2566 2082 2617 Verr.
2106 2577 2326 2621 accusat.

1349 2651 1355 2657 ·
1386 2635 1437 2702 3,
1459 2634 1544 2696 73,
1570 2634 1685 2687 170.

1318 2702 1597 2756 Aenianes
1618 2706 1667 2753 in
1687 2703 1953 2755 Thessalia
1971 2707 2037 2755 ad
2059 2714 2325 2769 utramque

1389 2773 1919 2840 Sperchiilsuperioris
1941 2777 2101 2840 ripam
2132 2777 2238 2837 siti,
2265 2776 2327 2824 de

1389 2858 1431 2890 r.
1459 2858 1505 2907 p.
1532 2845 1583 2903 2,
1605 2845 1655 2901 4,
1678 2843 1729 2893 8.

1317 2912 1527 2975 Aenus,
1560 2914 1681 2963 urbs
1711 2912 1923 2961 Aeolica
1952 2912 2324 2973 antiquissima,

1387 2995 1481 3045 pro
1500 2981 1677 3031 Flacco
1704 2980 1785 3043 14,
1807 2978 1893 3031 32.

1318 3049 1554 3111 Aeoles,
1618 3050 1925 3099 Graecorum
1978 3063 2137 3114 genus
2155 3086 2167 3107 ,
2234 3062 2326 3112 pro

1388 3119 1569 3168 Flacco
1588 3120 1675 3182 27,
1696 3117 1781 3168 64.

1319 3184 1517 3238 Aeolia
1533 3223 1547 3250 ‚
1594 3189 1735 3251 regio
1764 3186 1921 3235 Asiae
1943 3184 2155 3235 minoris
2176 3185 2327 3234 mari-

1388 3257 1531 3316 tima,
1568 3256 1631 3305 de
1650 3256 1806 3305 divin.
1833 3255 1879 3313 1,
1901 3254 1949 3313 1,
1972 3254 2019 3305 3.

1320 3322 1529 3390 Aequi,
1561 3323 1738 3389 populi
1756 3324 1886 3372 Latii
1908 3322 2110 3371 Sabinis
2128 3330 2174 3368 et
2197 3320 2326 3369 Mar-

1392 3396 1465 3443 sis
1486 3393 1724 3451 confineS,
1746 3392 1809 3439 de
1826 3406 1869 3442 r.
1892 3406 1947 3455 p.
1968 3393 2017 3452 2,
2037 3388 2121 3447 20,
2144 3388 2225 3437 36.
2262 3388 2323 3433 de

1395 3461 1482 3511 off.
1506 3460 1553 3525 1,
1579 3461 1659 3521 11,
1684 3459 1769 3511 35.
