2500 3850
397 201 461 260 Q.
496 185 760 270 (csso.)
791 199 956 246 Mur.
981 223 1068 234 --
1088 201 1152 250 L.
1182 201 1380 250 CAEC.
1414 203 1578 250 nm.
1606 202 1807 250 cALv.
1836 202 2151 252 DALMAT.
2242 191 2315 256 51

295 372 376 406 ma
396 357 508 405 eius
527 356 836 418 auctoritas,
857 356 932 404 Ib.
957 354 1040 418 17,
1061 357 1148 408 61.
1171 385 1240 395 —-

291 426 348 475 L.
388 423 656 486 Metellus,
699 423 934 488 pontifex
966 429 1238 489 maximuS‚

293 511 408 544 cum
427 495 677 559 templum
697 495 887 543 Vestae
905 495 1118 556 arderet,
1140 498 1240 546 eri-

291 564 624 630 puitflamma
635 562 922 613 Palladium
939 563 1085 626 illud,
1102 566 1240 628 quod.

292 633 440 696 quasi
461 634 652 698 pignus
672 639 876 682 nostrae
892 632 1066 682 salutis
1089 643 1240 696 atque

291 702 497 766 imperii
526 701 778 751 custodiis
801 703 984 751 Vestae
1013 706 1238 753 contine-

289 780 401 831 tur,
437 785 531 835 pro
565 769 760 822 Scauro
789 769 884 832 23,
918 771 1003 822 46.
1052 771 1235 838 fragm.

228 909 295 976 Q.
319 905 654 972 (Caecilius)
677 907 962 973 Metellus,
982 924 1074 975 pro
1096 910 1240 960 Flac-

295 994 352 1026 co
373 977 470 1042 40,
506 977 625 1028 100.

227 1046 296 1113 Q.
353 1043 642 1096 Caecilius
687 1044 954 1097 Metellus
974 1083 989 1110 ,
1047 1057 1233 1110 orator,

289 1131 392 1167 cos.
428 1131 476 1164 a.
503 1131 554 1166 u.
582 1130 626 1163 c.
658 1114 811 1175 548„
841 1114 982 1169 Brut.
1018 1116 1108 1178 14,
1147 1119 1233 1168 57.

294 1185 365 1234 lb.
392 1183 475 1244 19,
501 1185 588 1234 77.
611 1183 849 1247 (Stemm.
875 1184 956 1249 3.)

225 1252 298 1320 Q.
342 1250 632 1303 Caecilius
663 1251 932 1304 Metellus
966 1253 1234 1306 Macedo-

289 1320 450 1372 nicus
469 1359 484 1385 ,
517 1321 692 1372 consul
721 1337 771 1370 a.
793 1339 846 1375 u.
869 1339 910 1376 c.
933 1323 1050 1374 611.
1073 1363 1085 1382 ,
1117 1340 1234 1374 cen-

289 1406 375 1441 sor
395 1407 512 1440 cum
538 1391 900 1456 App.,C1audio
921 1408 966 1446 a.
980 1408 1030 1442 ιι.
1048 1409 1091 1442 c.
1109 1393 1229 1447 623.

290 1459 613 1524 (Stemmatis
645 1459 725 1524 6.)
755 1487 822 1496 —·
855 1461 1118 1526 Reipubl,
1151 1478 1234 1512 re-

290 1539 399 1580 ctor
421 1521 907 1594 &consilii-publici
927 1537 1101 1580 auctor
1115 1570 1128 1592 ‚
1169 1533 1234 1582 de

1386 357 1645 408 honoratis
1664 366 1901 420 quattuor
1924 359 2045 410 filiis
2065 367 2322 410 mortuus:

1384 442 1501 477 eum
1522 426 1667 474 multi
1682 427 1776 476 filii
1793 427 1955 488 filiae,
1989 437 2203 493 nepotes
2236 443 2324 478 ne-

1381 502 1499 560 ptes
1526 495 1579 543 in
1596 509 1779 559 rogum
1809 498 2186 562 imposuerunt,
2220 499 2318 547 Tu-

1384 564 1511 616 scul.
1534 563 1591 621 1,
1612 561 1707 625 35,
1729 564 1814 616 85.
1855 567 1927 615 Ib.
1955 567 1981 615 1
2001 603 2015 625 ,
2038 566 2125 626 36,
2144 567 2229 617 86.
2255 593 2321 602 -

1384 634 1439 684 G.
1478 631 1686 682 Atinius
1720 634 1852 684 bona
1886 635 1946 693 Q.
1976 635 2191 695 Metelli,
2234 637 2320 698 qui

1382 718 1497 752 eum
1534 717 1598 750 ex
1634 710 1814 753 senatu
1860 717 2039 756 censor
2084 706 2317 766 eiecerat,

1382 771 1549 822 foculo
1570 773 1739 834 posito
1773 774 1825 821 in
1856 773 2050 822 Rostris
2070 773 2321 822 adhibito-

1379 857 1477 904 que
1497 841 1706 890 tibicine
1726 842 2059 902 consecravit‚
2084 841 2148 891 de
2169 842 2319 892 domo

1378 925 1472 960 sua
1487 911 1575 973 47,
1600 908 1718 960 123.
1738 935 1805 945 -
1824 911 1881 970 Q.
1905 910 2136 961 Metellus
2156 911 2320 960 Mace-

1380 980 1592 1030 donicus
1628 993 1755 1028 avus
1796 995 1860 1030 ex
1892 979 1998 1030 filia
2026 980 2080 1029 P.
2119 979 2320 1030 Servilii

1375 1049 1557 1098 Vatiae
1575 1049 1814 1110 Isaurici,
1850 1051 1999 1099 Verr.
2024 1057 2247 1100 accusat.
2264 1049 2315 1110 3,

1376 1115 1461 1179 90,
1484 1117 1604 1167 211.
1625 1143 1694 1153 -
1722 1118 1844 1168 Eius
1872 1121 2098 1182 porticus
2122 1118 2316 1168 Romae

1375 1187 1429 1234 in
1451 1187 1658 1251 regione
1685 1187 1774 1236 lx.
1793 1225 1808 1249 ,
1839 1189 1985 1236 Verr.
2010 1197 2231 1237 accusat.
2265 1191 2315 1246 4,

1374 1255 1459 1314 57,
1495 1255 1611 1306 126.
1648 1281 1711 1290 -
1746 1255 1921 1306 Patres
1953 1258 2113 1306 nostri
2142 1257 2234 1307 Cn.
2270 1265 2319 1303 et

1376 1323 1437 1382 Q.
1461 1323 1827 1389 Caepionibu8‚
1861 1324 1920 1373 L.
1944 1334 1993 1375 et
2014 1325 2071 1382 Q.
2098 1323 2316 1374 Metellis

1372 1393 1586 1442 testibus
1619 1393 1672 1440 in
1703 1391 1761 1451 Q.
1793 1393 2117 1457 Pompeium,
2151 1393 2318 1442 homi-

1375 1459 1493 1510 nem
1513 1476 1717 1520 novum,
1740 1475 1838 1510 non
1860 1461 2199 1525 crediderunt,
2222 1475 2314 1526 pro

1374 1531 1518 1580 Font.
1540 1530 1589 1590 7,
1621 1529 1701 1578 13.
1747 1539 1751 1542 ’

290 1605 415 1649 orat.
442 1599 490 1663 1,
513 1599 600 1662 48,
622 1598 721 1648 211
746 1607 793 1647 et
811 1600 929 1651 215.
945 1628 1011 1637 --
1031 1601 1232 1651 Trium·
1304 1598 1367 1650 L.
1427 1595 1707 1650 Caecilius
1762 1597 2029 1651 Metellus
2082 1597 2314 1662 Calvus,

288 1667 466 1732 phavit
496 1683 545 1716 a.
578 1682 629 1716 ιι.
663 1684 709 1720 c,
733 1667 855 1720 608.
887 1670 950 1718 de
979 1669 1230 1720 Andrisco

291 1735 732 1802 Pseudophilippo
755 1752 820 1786 ex
837 1737 1132 1789 Macedonia
1144 1776 1157 1798 ‚
1178 1739 1230 1788 in

289 1807 461 1859 Pison.
479 1805 566 1866 25,
587 1807 673 1856 61.
697 1821 788 1870 pro
809 1806 1018 1858 Murena
1039 1807 1122 1870 14,
1143 1808 1230 1861 31.

289 1901 355 1911 -
384 1877 520 1926 Inter
556 1877 610 1929 P.
645 1875 946 1927 Africanum
983 1879 1228 1930 minorem

287 1954 335 1995 ct
371 1946 432 2005 Q.
463 1943 726 1996 Metellum
762 1944 858 1995 fuit
893 1948 1002 1997 sine
1038 1949 1230 1998 acerbi-

285 2022 388 2064 tate
419 2016 707 2074 dissensio,
744 2014 806 2064 de
842 2016 930 2067 off.
954 2017 1010 2079 1,
1035 2018 1119 2076 25,
1140 2016 1226 2067 87.

288 2083 349 2132 cl.
379 2084 441 2133 de
462 2100 504 2135 r.
570 2123 584 2137 .
609 2084 634 2133 1
693 2082 758 2134 19
809 2083 894 2136 31.
935 2086 998 2135 dc
1018 2102 1117 2136 am.
1139 2086 1226 2147 21,

288 2155 370 2204 77.
393 2145 462 2189 2-
482 2152 543 2213 Q.
569 2144 802 2203 Metellus
829 2160 934 2206 tres
953 2153 1087 2205 filios
1108 2170 1227 2205 con-

287 2222 420 2272 sules
431 2223 586 2281 vidit,
602 2238 630 2273 e
643 2222 828 2285 quibus
842 2237 998 2273 unum
1011 2227 1164 2275 etiarn
1180 2232 1228 2273 et

287 2306 550 2343 censorem
571 2300 624 2342 et
643 2291 1056 2356 triumphantem,
1078 2309 1229 2357 quar-

284 2369 390 2409 tum
409 2368 582 2411 autem
601 2366 904 2427 praetorem,
922 2376 1108 2427 eosque
1127 2364 1228 2413 sal-

285 2444 374 2479 vos
405 2430 642 2494 reliquit,
675 2438 724 2479 et
754 2437 854 2481 tres
871 2431 1002 2483 filias
1022 2442 1224 2499 nuptaS,

295 2514 409 2549 cum
441 2500 557 2567 ipse
589 2499 798 2559 consul,
829 2516 1035 2563 censor,
1063 2517 1230 2567 augur

285 2567 466 2618 fuisset
485 2578 534 2619 et
554 2566 946 2635 triumphasset,
973 2570 1036 2620 de
1061 2570 1130 2619 lin
1171 2571 1203 2621 5

285 2637 478 2753 12],32.
502 2638 580 2691 lb.
601 2638 654 2700 5,
675 2638 759 2700 29,
781 2636 867 2692 88.
885 2664 954 2674 -
969 2629 1028 2699 Q.
1050 2638 1225 2691 Caeci-

304 2720 384 2756 ius
402 2706 638 2757 Metellus
655 2746 670 2770 ,
699 2707 845 2759 cuius
869 2714 1106 2771 quattuor
1133 2708 1226 2757 filii

285 2775 580 2827 consulares
612 2776 842 2839 fuerunt,
872 2778 926 2827 in
947 2778 1127 2841 primis
1149 2786 1227 2827 est

281 2842 488 2895 habitus
511 2845 732 2896 disertus
749 2882 763 2905 ,
785 2846 872 2909 qni
889 2859 979 2910 pro
1000 2847 1058 2895 L.
1083 2847 1227 2898 Cotta

286 2913 431 2977 dixit,
455 2922 727 2966 accusante
748 2913 988 2965 Africano
1008 2917 1223 2977 minore,

286 2983 433 3033 cuius
473 2990 522 3033 et
556 2984 688 3034 aliae
727 2992 846 3035 sunt
888 2986 1142 3037 orationes
1175 2994 1227 3036 et

283 3058 458 3101 eontra
478 3052 560 3106 Ti.
581 3051 864 3103 Gracchum
894 3056 1128 3121 exposita
1147 3061 1226 3105 est
1289 3102 1293 3107 .

283 3119 335 3167 in
356 3120 412 3171 C.
441 3122 622 3171 Fannii
645 3122 915 3175 annalibus
931 3162 945 3185 ,
973 3124 1114 3173 Brut.
1135 3124 1224 3189 21,

281 3188 366 3241 81.
408 3190 484 3239 Ib.
511 3191 614 3254 58,
641 3191 762 3245 212.
786 3218 852 3228 ·-
880 3192 939 3252 Q.
971 3192 1224 3255 Metellus,

282 3260 431 3309 cuius⁴
483 3266 720 3323 quattuor
767 3260 866 3310 filii
913 3261 1221 3325 consulares,

1374 1668 1553 1718 consul
1572 1682 1618 1717 a.
1641 1685 1693 1716 u.
1709 1684 1753 1722 c.
1774 1668 1894 1723 612.
1903 1706 1918 1731 ,
1940 1669 2007 1719 ad
2028 1669 2129 1720 Att.
2155 1669 2238 1728 12,
2260 1669 2312 1730 5,

1374 1739 1425 1791 3.
1447 1737 1767 1804 (Stemmatis
1794 1736 1870 1801 7.)

1304 1808 1373 1876 Q.
1394 1804 1673 1858 Caecilius
1690 1805 1955 1858 Metellus
1973 1803 2311 1866 Baliaricus,

1371 1879 1549 1928 consul
1580 1893 1627 1929 a.
1659 1892 1710 1927 u.
1740 1894 1785 1929 c.
1818 1877 1941 1930 631.
1974 1891 2087 1927 cum
2117 1878 2177 1926 T.
2199 1875 2313 1925 Fla-

1370 1949 1595 2013 minino,
1632 1947 1773 1999 Brut.
1819 1948 1912 2007 74,
1960 1947 2079 1998 259.
2122 1946 2185 1995 de
2222 1946 2313 1994 do-

1368 2032 1452 2067 mo
1480 2032 1573 2067 sua
1600 2016 1699 2077 53,
1739 2015 1855 2068 136.
1894 2014 2205 2079 (Stemmatis
2233 2013 2311 2076 8.)

1368 2114 1435 2123 —-
1456 2087 1581 2136 Eius
1610 2085 1746 2147 filia,
1772 2085 2022 2144 Caecilia,
2054 2084 2118 2133 de
2151 2082 2307 2133 divin.

1370 2156 1396 2206 1
1414 2192 1428 2215 ,
1451 2159 1511 2216 2,
1534 2158 1569 2206 4
1591 2162 1687 2209 etc.
1721 2156 1785 2205 V.
1811 2150 2079 2205 Caecilia.
2120 2150 2309 2218 (Stem-

1366 2226 1517 2274 matis
1538 2222 1647 2288 18.)

1300 2293 1362 2346 L.
1388 2290 1670 2344 Caecilius
1699 2290 1967 2344 Metellus
2000 2288 2305 2342 Diadema-

1368 2366 1490 2424 tus,
1529 2361 1839 2421 consularis,
1882 2375 1973 2424 pro
2012 2360 2069 2418 Q.
2109 2358 2309 2407 Metello

1366 2429 1641 2481 Numidico
1694 2436 1841 2494 patre
1901 2428 2094 2491 populo
2160 2426 2303 2476 Rom.

1366 2498 1707 2564 supplicavit,
1747 2503 1865 2561 post
1883 2496 1987 2545 red.
2016 2497 2067 2544 iu
2088 2510 2196 2548 sen.
2224 2493 2306 2554 15,

1366 2568 1453 2622 37.
1476 2574 1595 2631 post
1608 2566 1716 2616 red.
1736 2566 1803 2617 ad
1818 2566 1957 2625 Quir.
1975 2562 2092 2623 3‚6.
2118 2562 2308 2629 (Stem-

1367 2637 1519 2687 matis
1543 2634 1653 2700 11.)

1301 2704 1362 2757 C.
1407 2702 1741 2771 (Caecilius)
1779 2702 2049 2755 Metellus
2093 2700 2307 2768 Capra-

1365 2772 1515 2840 rius,
1555 2782 1765 2838 quartus
1802 2774 2118 2827 Macedonici
2150 2772 2303 2835 filiae,

1368 2859 1473 2895 cos.
1508 2860 1554 2895 a.
1594 2861 1645 2898 u.
1675 2860 1719 2894 c.
1756 2842 1877 2897 641.
1914 2846 2159 2919 Amarum
2196 2843 2306 2893 Sci-

1365 2913 1537 2981 pionis
1582 2914 1817 2966 Al’ricani
1869 2915 2083 2965 minoris
2128 2916 2191 2965 de
2246 2927 2305 2960 eo

1365 2984 1692 3035 maledictum
1706 3020 1722 3046 ,
1750 2985 1814 3035 de
1836 2991 1960 3034 orat.
1981 2985 2013 3033 2
2028 3017 2043 3044 ‚
2076 2983 2161 3041 66,
2184 2980 2301 3033 267.

1362 3080 1433 3090 -—
1455 3054 1597 3103 Idem
1612 3054 1881 3105 censorius
1903 3066 1995 3116 pro
2019 3052 2078 3111 Q.
2101 3050 2303 3102 Metello

1366 3122 1634 3172 Numidico
1658 3122 1851 3189 populo
1877 3123 2023 3173 Rom.
2048 3121 2306 3187 supplica-

1366 3193 1469 3252 vit,
1492 3198 1610 3257 post
1628 3193 1735 3241 red.
1750 3192 1816 3241 ad
1832 3191 1969 3249 Quir.
1984 3188 2033 3253 3,
2050 3190 2100 3242 6.
2118 3190 2304 3253 (Stem-

1364 3262 1515 3311 matis
1537 3258 1647 3322 13.)

281 3340 420 3375 arma
463 3331 687 3393 sumpsit
741 3337 928 3381 contra·
963 3329 1019 3382 G.
1070 3330 1224 3381 Grac·
1294 3329 1359 3381 L.
1419 3324 1701 3379 Caecilius
1764 3326 2033 3379 Metellus
2092 3327 2301 3379 Calvus

281 3395 460 3461 chum,
494 3397 719 3464 Philipp.
753 3399 813 3461 8,
845 3401 908 3460 4,
946 3399 1031 3450 14.
1063 3427 1130 3437 —-
1160 3402 1221 3459 Q.

283 3464 531 3517 Caecilius
571 3467 802 3517 Metellus
844 3467 1220 3533 Macedonicae,

1361 3395 1745 3461 Dalmaticus,
1772 3398 1833 3447 L.
1858 3397 1997 3448 Calvi
2014 3398 2179 3458 filius,
2200 3396 2303 3445 fra-

1360 3475 1440 3518 ter
1461 3467 1519 3525 Q.
1542 3464 1944 3585 Ntimidici,4c38.
1968 3482 2017 3521 a.
2040 3484 2089 3517 u.
2113 3484 2157 3516 c.
2178 3462 2293 3515 635-
