<?xml version="1.0" encoding="UTF-8"?>
<!DOCTYPE html PUBLIC "-//W3C//DTD XHTML 1.0 Transitional//EN"
    "http://www.w3.org/TR/xhtml1/DTD/xhtml1-transitional.dtd">
<html xmlns="http://www.w3.org/1999/xhtml" xml:lang="en" lang="en">
 <head>
  <title>
</title>
<meta http-equiv="Content-Type" content="text/html;charset=utf-8" />
  <meta name='ocr-system' content='tesseract 3.04.00' />
  <meta name='ocr-capabilities' content='ocr_page ocr_carea ocr_par ocr_line ocrx_word'/>
</head>
<body>
  <div class='ocr_page' id='page_1' title='image "./scriptaquaemans04mlgoog_0386.png"; bbox 0 0 2500 3850; ppageno 0'>
   <div class='ocr_carea' id='block_1_1' title="bbox 225 156 2283 222">
    <p class='ocr_par' dir='ltr' id='par_1_1' title="bbox 225 156 2283 222">
     <span class='ocr_line' id='line_1_1' title="bbox 225 156 2283 222; baseline -0.001 -4"><span class='ocrx_word' id='word_1_1' title='bbox 225 156 350 218; x_wconf 82' lang='lat'><strong>380</strong></span> <span class='ocrx_word' id='word_1_2' title='bbox 435 170 496 215; x_wconf 86' lang='lat' dir='ltr'><strong>P.</strong></span> <span class='ocrx_word' id='word_1_3' title='bbox 525 167 716 216; x_wconf 71' lang='lat' dir='ltr'><strong>sunr.</strong></span> <span class='ocrx_word' id='word_1_4' title='bbox 741 166 967 214; x_wconf 73' lang='lat' dir='ltr'><strong>nurus</strong></span> <span class='ocrx_word' id='word_1_5' title='bbox 991 186 1078 196; x_wconf 85' lang='lat'><strong>——</strong></span> <span class='ocrx_word' id='word_1_6' title='bbox 1099 165 1244 214; x_wconf 68' lang='lat' dir='ltr'><strong>sim.</strong></span> <span class='ocrx_word' id='word_1_7' title='bbox 1272 164 1461 212; x_wconf 67' lang='lat' dir='ltr'><strong>sune.</strong></span> <span class='ocrx_word' id='word_1_8' title='bbox 1497 163 1562 222; x_wconf 78' lang='lat' dir='ltr'><strong>Q.</strong></span> <span class='ocrx_word' id='word_1_9' title='bbox 1588 163 1652 210; x_wconf 78' lang='lat' dir='ltr'><strong>r.</strong></span> <span class='ocrx_word' id='word_1_10' title='bbox 1680 161 1993 210; x_wconf 67' lang='lat' dir='ltr'><strong>nmmum</strong></span> <span class='ocrx_word' id='word_1_11' title='bbox 2018 165 2283 217; x_wconf 76' lang='lat' dir='ltr'><strong>RUFUS.</strong></span> 
     </span>
    </p>
   </div>
   <div class='ocr_carea' id='block_1_2' title="bbox 287 321 1230 873">
    <p class='ocr_par' dir='ltr' id='par_1_2' title="bbox 287 321 1230 873">
     <span class='ocr_line' id='line_1_2' title="bbox 291 321 1227 388; baseline -0.006 -12"><span class='ocrx_word' id='word_1_12' title='bbox 291 333 340 377; x_wconf 86' lang='lat' dir='ltr'><strong>et</strong></span> <span class='ocrx_word' id='word_1_13' title='bbox 358 323 522 388; x_wconf 80' lang='lat' dir='ltr'><strong>copia,</strong></span> <span class='ocrx_word' id='word_1_14' title='bbox 555 329 608 371; x_wconf 89' lang='lat' dir='ltr'><strong>ut</strong></span> <span class='ocrx_word' id='word_1_15' title='bbox 625 336 756 372; x_wconf 90' lang='lat' dir='ltr'><strong>unus</strong></span> <span class='ocrx_word' id='word_1_16' title='bbox 776 321 842 372; x_wconf 85' lang='lat' dir='ltr'><strong>ad</strong></span> <span class='ocrx_word' id='word_1_17' title='bbox 862 322 1131 372; x_wconf 86' lang='lat' dir='ltr'><strong>dicendum</strong></span> <span class='ocrx_word' id='word_1_18' title='bbox 1153 323 1227 370; x_wconf 86' lang='lat' dir='ltr'><strong>in-</strong></span> 
     </span>
     <span class='ocr_line' id='line_1_3' title="bbox 289 391 1228 443; baseline -0.005 1"><span class='ocrx_word' id='word_1_19' title='bbox 289 393 654 443; x_wconf 85' lang='lat' dir='ltr'><strong>structissimus</strong></span> <span class='ocrx_word' id='word_1_20' title='bbox 684 407 716 441; x_wconf 80' lang='lat' dir='ltr'><strong>e</strong></span> <span class='ocrx_word' id='word_1_21' title='bbox 742 397 920 441; x_wconf 71' lang='lat' dir='ltr'><strong>nutura</strong></span> <span class='ocrx_word' id='word_1_22' title='bbox 947 406 1057 440; x_wconf 85' lang='lat' dir='ltr'><strong>esse</strong></span> <span class='ocrx_word' id='word_1_23' title='bbox 1084 391 1228 440; x_wconf 82' lang='lat' dir='ltr'><strong>vide·</strong></span> 
     </span>
     <span class='ocr_line' id='line_1_4' title="bbox 288 459 1227 525; baseline -0.003 -13"><span class='ocrx_word' id='word_1_24' title='bbox 288 470 440 525; x_wconf 84' lang='lat' dir='ltr'><strong>retur,</strong></span> <span class='ocrx_word' id='word_1_25' title='bbox 462 461 526 510; x_wconf 85' lang='lat' dir='ltr'><strong>de</strong></span> <span class='ocrx_word' id='word_1_26' title='bbox 547 473 674 514; x_wconf 85' lang='lat' dir='ltr'><strong>orat.</strong></span> <span class='ocrx_word' id='word_1_27' title='bbox 696 459 746 523; x_wconf 84' lang='lat'><strong>3,</strong></span> <span class='ocrx_word' id='word_1_28' title='bbox 775 459 828 521; x_wconf 88' lang='grc'><strong>8,</strong></span> <span class='ocrx_word' id='word_1_29' title='bbox 847 459 931 514; x_wconf 87' lang='grc'><strong>31.</strong></span> <span class='ocrx_word' id='word_1_30' title='bbox 970 459 1032 509; x_wconf 86' lang='lat' dir='ltr'><strong>cl.</strong></span> <span class='ocrx_word' id='word_1_31' title='bbox 1055 461 1118 508; x_wconf 81' lang='lat' dir='ltr'><strong>de</strong></span> <span class='ocrx_word' id='word_1_32' title='bbox 1135 459 1227 509; x_wconf 80' lang='lat' dir='ltr'><strong>ha-</strong></span> 
     </span>
     <span class='ocr_line' id='line_1_5' title="bbox 287 528 1228 596; baseline -0.002 -16"><span class='ocrx_word' id='word_1_33' title='bbox 287 545 430 596; x_wconf 86' lang='lat' dir='ltr'><strong>rusp.</strong></span> <span class='ocrx_word' id='word_1_34' title='bbox 451 545 585 594; x_wconf 86' lang='lat' dir='ltr'><strong>resp.</strong></span> <span class='ocrx_word' id='word_1_35' title='bbox 613 530 693 590; x_wconf 86' lang='grc'><strong>19,</strong></span> <span class='ocrx_word' id='word_1_36' title='bbox 715 529 884 581; x_wconf 87' lang='grc'><strong>41.-</strong></span> <span class='ocrx_word' id='word_1_37' title='bbox 899 529 955 577; x_wconf 86' lang='grc' dir='ltr'><strong>Ρ.</strong></span> <span class='ocrx_word' id='word_1_38' title='bbox 973 528 1228 594; x_wconf 80' lang='lat' dir='ltr'><strong>Sulpicius</strong></span> 
     </span>
     <span class='ocr_line' id='line_1_6' title="bbox 289 597 1228 660; baseline -0.006 -9"><span class='ocrx_word' id='word_1_39' title='bbox 289 615 404 651; x_wconf 84' lang='lat' dir='ltr'><strong>cum</strong></span> <span class='ocrx_word' id='word_1_40' title='bbox 427 600 484 651; x_wconf 83' lang='lat' dir='ltr'><strong>G.</strong></span> <span class='ocrx_word' id='word_1_41' title='bbox 507 598 650 649; x_wconf 78' lang='lat' dir='ltr'><strong>Cotta</strong></span> <span class='ocrx_word' id='word_1_42' title='bbox 683 599 812 647; x_wconf 88' lang='lat' dir='ltr'><strong>inter</strong></span> <span class='ocrx_word' id='word_1_43' title='bbox 841 612 961 647; x_wconf 91' lang='lat' dir='ltr'><strong>suos</strong></span> <span class='ocrx_word' id='word_1_44' title='bbox 989 597 1228 660; x_wconf 82' lang='lat' dir='ltr'><strong>aequales</strong></span> 
     </span>
     <span class='ocr_line' id='line_1_7' title="bbox 288 665 1226 734; baseline -0.004 -14"><span class='ocrx_word' id='word_1_45' title='bbox 288 669 443 720; x_wconf 78' lang='lat' dir='ltr'><strong>facile</strong></span> <span class='ocrx_word' id='word_1_46' title='bbox 456 669 650 734; x_wconf 83' lang='lat' dir='ltr'><strong>primas</strong></span> <span class='ocrx_word' id='word_1_47' title='bbox 667 666 798 728; x_wconf 83' lang='lat' dir='ltr'><strong>tulit,</strong></span> <span class='ocrx_word' id='word_1_48' title='bbox 831 667 971 716; x_wconf 89' lang='lat' dir='ltr'><strong>Brut.</strong></span> <span class='ocrx_word' id='word_1_49' title='bbox 993 665 1080 726; x_wconf 83' lang='lat'><strong>49,</strong></span> <span class='ocrx_word' id='word_1_50' title='bbox 1106 665 1226 717; x_wconf 87' lang='grc'><strong>183.</strong></span> 
     </span>
     <span class='ocr_line' id='line_1_8' title="bbox 287 736 1229 801; baseline -0.005 -14"><span class='ocrx_word' id='word_1_51' title='bbox 287 764 358 778; x_wconf 91' lang='lat'><strong>--</strong></span> <span class='ocrx_word' id='word_1_52' title='bbox 399 737 617 788; x_wconf 81' lang='lat' dir='ltr'><strong>Maxime</strong></span> <span class='ocrx_word' id='word_1_53' title='bbox 665 737 890 785; x_wconf 87' lang='lat' dir='ltr'><strong>omnium</strong></span> <span class='ocrx_word' id='word_1_54' title='bbox 933 736 1143 801; x_wconf 82' lang='lat' dir='ltr'><strong>grandis</strong></span> <span class='ocrx_word' id='word_1_55' title='bbox 1181 740 1229 783; x_wconf 90' lang='lat' dir='ltr'><strong>et</strong></span> 
     </span>
     <span class='ocr_line' id='line_1_9' title="bbox 287 804 1230 873; baseline 0.003 -17"><span class='ocrx_word' id='word_1_56' title='bbox 287 808 512 873; x_wconf 78' lang='lat' dir='ltr'><strong>tragicus</strong></span> <span class='ocrx_word' id='word_1_57' title='bbox 543 813 726 867; x_wconf 84' lang='lat' dir='ltr'><strong>orator,</strong></span> <span class='ocrx_word' id='word_1_58' title='bbox 761 805 832 854; x_wconf 84' lang='lat' dir='ltr'><strong>Ib.</strong></span> <span class='ocrx_word' id='word_1_59' title='bbox 871 804 958 866; x_wconf 83' lang='lat'><strong>55,</strong></span> <span class='ocrx_word' id='word_1_60' title='bbox 1003 804 1122 859; x_wconf 91' lang='grc'><strong>203.</strong></span> <span class='ocrx_word' id='word_1_61' title='bbox 1159 830 1230 840; x_wconf 89' lang='lat'><strong>-·-</strong></span> 
     </span>
    </p>
   </div>
   <div class='ocr_carea' id='block_1_3' title="bbox 191 873 1225 942">
    <p class='ocr_par' dir='ltr' id='par_1_3' title="bbox 191 873 1225 942">
     <span class='ocr_line' id='line_1_10' title="bbox 191 873 1225 942; baseline -0.005 -15"><span class='ocrx_word' id='word_1_62' title='bbox 191 877 198 886; x_wconf 90' lang='lat'>&#39;</span> <span class='ocrx_word' id='word_1_63' title='bbox 290 877 503 942; x_wconf 81' lang='lat' dir='ltr'><strong>Sulpicii</strong></span> <span class='ocrx_word' id='word_1_64' title='bbox 522 876 795 936; x_wconf 84' lang='lat' dir='ltr'><strong>orationes,</strong></span> <span class='ocrx_word' id='word_1_65' title='bbox 831 887 962 936; x_wconf 84' lang='lat' dir='ltr'><strong>quae</strong></span> <span class='ocrx_word' id='word_1_66' title='bbox 981 873 1225 937; x_wconf 79' lang='lat' dir='ltr'><strong>feruntur,</strong></span> 
     </span>
    </p>
   </div>
   <div class='ocr_carea' id='block_1_4' title="bbox 285 943 1233 2043">
    <p class='ocr_par' dir='ltr' id='par_1_4' title="bbox 285 943 1233 2043">
     <span class='ocr_line' id='line_1_11' title="bbox 289 943 1229 1011; baseline -0.005 -16"><span class='ocrx_word' id='word_1_67' title='bbox 289 961 374 996; x_wconf 84' lang='lat' dir='ltr'><strong>eas</strong></span> <span class='ocrx_word' id='word_1_68' title='bbox 413 953 532 1011; x_wconf 86' lang='lat' dir='ltr'><strong>post</strong></span> <span class='ocrx_word' id='word_1_69' title='bbox 567 951 778 994; x_wconf 86' lang='lat' dir='ltr'><strong>mortem</strong></span> <span class='ocrx_word' id='word_1_70' title='bbox 815 944 926 992; x_wconf 87' lang='lat' dir='ltr'><strong>eius</strong></span> <span class='ocrx_word' id='word_1_71' title='bbox 963 943 1229 1006; x_wconf 76' lang='lat' dir='ltr'><strong>scripsisse</strong></span> 
     </span>
     <span class='ocr_line' id='line_1_12' title="bbox 288 1009 1227 1076; baseline -0.004 -13"><span class='ocrx_word' id='word_1_72' title='bbox 288 1016 342 1063; x_wconf 89' lang='lat' dir='ltr'><strong>P.</strong></span> <span class='ocrx_word' id='word_1_73' title='bbox 365 1014 608 1063; x_wconf 80' lang='lat' dir='ltr'><strong>Canutius</strong></span> <span class='ocrx_word' id='word_1_74' title='bbox 633 1020 856 1076; x_wconf 87' lang='lat' dir='ltr'><strong>putatur.</strong></span> <span class='ocrx_word' id='word_1_75' title='bbox 916 1014 1084 1076; x_wconf 84' lang='lat' dir='ltr'><strong>Ipsius</strong></span> <span class='ocrx_word' id='word_1_76' title='bbox 1115 1009 1227 1060; x_wconf 89' lang='lat' dir='ltr'><strong>Sul-</strong></span> 
     </span>
     <span class='ocr_line' id='line_1_13' title="bbox 286 1078 1228 1147; baseline -0.003 -15"><span class='ocrx_word' id='word_1_77' title='bbox 286 1084 408 1147; x_wconf 89' lang='lat' dir='ltr'><strong>picii</strong></span> <span class='ocrx_word' id='word_1_78' title='bbox 427 1081 566 1130; x_wconf 85' lang='lat' dir='ltr'><strong>nulla</strong></span> <span class='ocrx_word' id='word_1_79' title='bbox 586 1082 745 1130; x_wconf 85' lang='lat' dir='ltr'><strong>oratio</strong></span> <span class='ocrx_word' id='word_1_80' title='bbox 767 1086 860 1139; x_wconf 85' lang='lat' dir='ltr'><strong>est,</strong></span> <span class='ocrx_word' id='word_1_81' title='bbox 889 1081 964 1129; x_wconf 85' lang='lat' dir='ltr'><strong>lb.</strong></span> <span class='ocrx_word' id='word_1_82' title='bbox 983 1079 1070 1143; x_wconf 85' lang='lat'><strong>56,</strong></span> <span class='ocrx_word' id='word_1_83' title='bbox 1105 1078 1228 1130; x_wconf 87' lang='grc'><strong>205.</strong></span> 
     </span>
     <span class='ocr_line' id='line_1_14' title="bbox 285 1146 1225 1210; baseline -0.005 -8"><span class='ocrx_word' id='word_1_84' title='bbox 285 1152 362 1203; x_wconf 86' lang='lat' dir='ltr'><strong>Ib.</strong></span> <span class='ocrx_word' id='word_1_85' title='bbox 396 1151 484 1210; x_wconf 87' lang='grc'><strong>57,</strong></span> <span class='ocrx_word' id='word_1_86' title='bbox 518 1150 637 1202; x_wconf 85' lang='grc'><strong>207.</strong></span> <span class='ocrx_word' id='word_1_87' title='bbox 665 1149 737 1201; x_wconf 90' lang='lat' dir='ltr'><strong>Ib.</strong></span> <span class='ocrx_word' id='word_1_88' title='bbox 771 1146 857 1209; x_wconf 89' lang='grc'><strong>86,</strong></span> <span class='ocrx_word' id='word_1_89' title='bbox 888 1147 1008 1201; x_wconf 86' lang='grc'><strong>297.</strong></span> <span class='ocrx_word' id='word_1_90' title='bbox 1041 1149 1116 1200; x_wconf 83' lang='lat' dir='ltr'><strong>lb.</strong></span> <span class='ocrx_word' id='word_1_91' title='bbox 1140 1146 1225 1208; x_wconf 85' lang='lat'><strong>89,</strong></span> 
     </span>
     <span class='ocr_line' id='line_1_15' title="bbox 287 1215 1228 1282; baseline -0.006 -10"><span class='ocrx_word' id='word_1_92' title='bbox 287 1220 407 1274; x_wconf 82' lang='lat'><strong>304.</strong></span> <span class='ocrx_word' id='word_1_93' title='bbox 442 1221 516 1269; x_wconf 90' lang='lat' dir='ltr'><strong>Ib.</strong></span> <span class='ocrx_word' id='word_1_94' title='bbox 538 1217 624 1278; x_wconf 83' lang='lat'><strong>89,</strong></span> <span class='ocrx_word' id='word_1_95' title='bbox 650 1217 772 1268; x_wconf 82' lang='lat'><strong>306.</strong></span> <span class='ocrx_word' id='word_1_96' title='bbox 793 1215 1095 1282; x_wconf 88' lang='lat' dir='ltr'><strong>-Sulpicii</strong></span> <span class='ocrx_word' id='word_1_97' title='bbox 1114 1217 1228 1266; x_wconf 85' lang='lat' dir='ltr'><strong>nul-</strong></span> 
     </span>
     <span class='ocr_line' id='line_1_16' title="bbox 287 1286 1228 1339; baseline -0.004 0"><span class='ocrx_word' id='word_1_98' title='bbox 287 1291 391 1339; x_wconf 86' lang='lat' dir='ltr'><strong>lum</strong></span> <span class='ocrx_word' id='word_1_99' title='bbox 463 1296 630 1339; x_wconf 84' lang='lat' dir='ltr'><strong>exstat</strong></span> <span class='ocrx_word' id='word_1_100' title='bbox 694 1286 918 1336; x_wconf 77' lang='lat' dir='ltr'><strong>ardentis</strong></span> <span class='ocrx_word' id='word_1_101' title='bbox 984 1286 1228 1336; x_wconf 85' lang='lat' dir='ltr'><strong>orationis</strong></span> 
     </span>
     <span class='ocr_line' id='line_1_17' title="bbox 289 1353 1228 1424; baseline -0.004 -16"><span class='ocrx_word' id='word_1_102' title='bbox 289 1358 594 1424; x_wconf 85' lang='lat' dir='ltr'><strong>exemplum,</strong></span> <span class='ocrx_word' id='word_1_103' title='bbox 617 1364 744 1410; x_wconf 87' lang='lat' dir='ltr'><strong>orat.</strong></span> <span class='ocrx_word' id='word_1_104' title='bbox 761 1355 847 1416; x_wconf 85' lang='lat'><strong>38,</strong></span> <span class='ocrx_word' id='word_1_105' title='bbox 871 1353 987 1406; x_wconf 82' lang='lat'><strong>132.</strong></span> <span class='ocrx_word' id='word_1_106' title='bbox 1001 1382 1071 1392; x_wconf 90' lang='lat'>—</span> <span class='ocrx_word' id='word_1_107' title='bbox 1093 1356 1228 1405; x_wconf 90' lang='lat' dir='ltr'><strong>ludi-</strong></span> 
     </span>
     <span class='ocr_line' id='line_1_18' title="bbox 289 1424 1229 1492; baseline -0.003 -16"><span class='ocrx_word' id='word_1_108' title='bbox 289 1430 424 1477; x_wconf 86' lang='lat' dir='ltr'><strong>cium</strong></span> <span class='ocrx_word' id='word_1_109' title='bbox 455 1428 519 1478; x_wconf 92' lang='lat' dir='ltr'><strong>de</strong></span> <span class='ocrx_word' id='word_1_110' title='bbox 547 1427 654 1478; x_wconf 85' lang='lat' dir='ltr'><strong>eius</strong></span> <span class='ocrx_word' id='word_1_111' title='bbox 685 1440 872 1492; x_wconf 84' lang='lat' dir='ltr'><strong>genere</strong></span> <span class='ocrx_word' id='word_1_112' title='bbox 905 1425 1127 1484; x_wconf 88' lang='lat' dir='ltr'><strong>dicendi,</strong></span> <span class='ocrx_word' id='word_1_113' title='bbox 1167 1424 1229 1473; x_wconf 92' lang='lat' dir='ltr'><strong>de</strong></span> 
     </span>
     <span class='ocr_line' id='line_1_19' title="bbox 291 1492 1227 1560; baseline -0.003 -16"><span class='ocrx_word' id='word_1_114' title='bbox 291 1504 413 1546; x_wconf 86' lang='lat' dir='ltr'><strong>orat.</strong></span> <span class='ocrx_word' id='word_1_115' title='bbox 446 1498 498 1560; x_wconf 88' lang='lat'><strong>2,</strong></span> <span class='ocrx_word' id='word_1_116' title='bbox 535 1496 622 1555; x_wconf 88' lang='lat'><strong>21,</strong></span> <span class='ocrx_word' id='word_1_117' title='bbox 658 1495 744 1545; x_wconf 89' lang='lat'><strong>88.</strong></span> <span class='ocrx_word' id='word_1_118' title='bbox 775 1522 845 1534; x_wconf 89' lang='lat'><strong>—</strong></span> <span class='ocrx_word' id='word_1_119' title='bbox 875 1495 1148 1543; x_wconf 73' lang='lat' dir='ltr'><strong>Accusavit</strong></span> <span class='ocrx_word' id='word_1_120' title='bbox 1173 1492 1227 1542; x_wconf 87' lang='lat' dir='ltr'><strong>C.</strong></span> 
     </span>
     <span class='ocr_line' id='line_1_20' title="bbox 289 1562 1233 1626; baseline -0.007 -11"><span class='ocrx_word' id='word_1_121' title='bbox 289 1567 578 1615; x_wconf 73' lang='lat' dir='ltr'><strong>Norbanum</strong></span> <span class='ocrx_word' id='word_1_122' title='bbox 602 1575 921 1626; x_wconf 79' lang='lat' dir='ltr'>quaestorem</span> <span class='ocrx_word' id='word_1_123' title='bbox 944 1562 1012 1612; x_wconf 88' lang='grc' dir='ltr'><strong>Μ.</strong></span> <span class='ocrx_word' id='word_1_124' title='bbox 1027 1562 1233 1612; x_wconf 80' lang='lat' dir='ltr'><strong>Antonii</strong></span> 
     </span>
     <span class='ocr_line' id='line_1_21' title="bbox 291 1627 1229 1694; baseline 0 -12"><span class='ocrx_word' id='word_1_125' title='bbox 291 1636 522 1692; x_wconf 79' lang='lat' dir='ltr'><strong>oratoris,</strong></span> <span class='ocrx_word' id='word_1_126' title='bbox 554 1647 599 1680; x_wconf 83' lang='lat' dir='ltr'><strong>a.</strong></span> <span class='ocrx_word' id='word_1_127' title='bbox 623 1649 674 1683; x_wconf 76' lang='lat' dir='ltr'><strong>u·</strong></span> <span class='ocrx_word' id='word_1_128' title='bbox 697 1648 740 1683; x_wconf 82' lang='lat' dir='ltr'><strong>c.</strong></span> <span class='ocrx_word' id='word_1_129' title='bbox 773 1631 912 1692; x_wconf 70' lang='lat'><strong>660„</strong></span> <span class='ocrx_word' id='word_1_130' title='bbox 951 1632 1025 1685; x_wconf 87' lang='lat' dir='ltr'><strong>Ib.</strong></span> <span class='ocrx_word' id='word_1_131' title='bbox 1057 1633 1110 1694; x_wconf 74' lang='lat' dir='ltr'><strong>S.</strong></span> <span class='ocrx_word' id='word_1_132' title='bbox 1143 1627 1229 1682; x_wconf 86' lang='grc'><strong>89.</strong></span> 
     </span>
     <span class='ocr_line' id='line_1_22' title="bbox 289 1699 1233 1759; baseline -0.004 -9"><span class='ocrx_word' id='word_1_133' title='bbox 289 1702 353 1752; x_wconf 89' lang='lat' dir='ltr'><strong>cl.</strong></span> <span class='ocrx_word' id='word_1_134' title='bbox 390 1703 454 1752; x_wconf 89' lang='lat' dir='ltr'><strong>de</strong></span> <span class='ocrx_word' id='word_1_135' title='bbox 477 1700 564 1750; x_wconf 85' lang='lat' dir='ltr'><strong>off.</strong></span> <span class='ocrx_word' id='word_1_136' title='bbox 588 1701 638 1759; x_wconf 85' lang='lat'><strong>2,</strong></span> <span class='ocrx_word' id='word_1_137' title='bbox 672 1700 754 1758; x_wconf 88' lang='grc'><strong>14,</strong></span> <span class='ocrx_word' id='word_1_138' title='bbox 785 1700 871 1755; x_wconf 85' lang='grc'><strong>49.</strong></span> <span class='ocrx_word' id='word_1_139' title='bbox 894 1727 960 1738; x_wconf 92' lang='lat'><strong>-—</strong></span> <span class='ocrx_word' id='word_1_140' title='bbox 980 1699 1233 1749; x_wconf 77' lang='lat' dir='ltr'><strong>Luxuries</strong></span> 
     </span>
     <span class='ocr_line' id='line_1_23' title="bbox 287 1768 1231 1835; baseline -0.003 -16"><span class='ocrx_word' id='word_1_141' title='bbox 287 1772 398 1819; x_wconf 88' lang='lat' dir='ltr'><strong>eius</strong></span> <span class='ocrx_word' id='word_1_142' title='bbox 428 1770 632 1835; x_wconf 84' lang='lat' dir='ltr'><strong>generis</strong></span> <span class='ocrx_word' id='word_1_143' title='bbox 664 1769 886 1829; x_wconf 85' lang='lat' dir='ltr'><strong>dicendi,</strong></span> <span class='ocrx_word' id='word_1_144' title='bbox 927 1770 988 1818; x_wconf 90' lang='lat' dir='ltr'><strong>de</strong></span> <span class='ocrx_word' id='word_1_145' title='bbox 1019 1776 1146 1821; x_wconf 85' lang='lat' dir='ltr'><strong>orat.</strong></span> <span class='ocrx_word' id='word_1_146' title='bbox 1179 1768 1231 1827; x_wconf 91' lang='lat'><strong>2,</strong></span> 
     </span>
     <span class='ocr_line' id='line_1_24' title="bbox 288 1836 1231 1902; baseline -0.003 -14"><span class='ocrx_word' id='word_1_147' title='bbox 288 1838 373 1899; x_wconf 78' lang='lat'><strong>23,</strong></span> <span class='ocrx_word' id='word_1_148' title='bbox 394 1837 484 1891; x_wconf 84' lang='lat'><strong>96.</strong></span> <span class='ocrx_word' id='word_1_149' title='bbox 516 1839 770 1888; x_wconf 87' lang='lat' dir='ltr'><strong>Tribunus</strong></span> <span class='ocrx_word' id='word_1_150' title='bbox 791 1837 864 1902; x_wconf 87' lang='lat' dir='ltr'><strong>pl.</strong></span> <span class='ocrx_word' id='word_1_151' title='bbox 888 1837 1094 1902; x_wconf 83' lang='lat' dir='ltr'><strong>capitali</strong></span> <span class='ocrx_word' id='word_1_152' title='bbox 1113 1836 1231 1886; x_wconf 88' lang='lat' dir='ltr'><strong>odio</strong></span> 
     </span>
     <span class='ocr_line' id='line_1_25' title="bbox 289 1907 1228 1975; baseline -0.004 -17"><span class='ocrx_word' id='word_1_153' title='bbox 289 1923 320 1958; x_wconf 79' lang='lat' dir='ltr'><strong>a</strong></span> <span class='ocrx_word' id='word_1_154' title='bbox 357 1909 420 1969; x_wconf 88' lang='lat' dir='ltr'><strong>Q.</strong></span> <span class='ocrx_word' id='word_1_155' title='bbox 451 1908 714 1975; x_wconf 86' lang='lat' dir='ltr'><strong>Pompeio,</strong></span> <span class='ocrx_word' id='word_1_156' title='bbox 754 1907 844 1971; x_wconf 87' lang='lat' dir='ltr'><strong>qui</strong></span> <span class='ocrx_word' id='word_1_157' title='bbox 880 1914 984 1957; x_wconf 88' lang='lat' dir='ltr'><strong>tum</strong></span> <span class='ocrx_word' id='word_1_158' title='bbox 1013 1921 1061 1960; x_wconf 87' lang='lat' dir='ltr'><strong>a.</strong></span> <span class='ocrx_word' id='word_1_159' title='bbox 1097 1921 1149 1957; x_wconf 89' lang='lat' dir='ltr'><strong>u.</strong></span> <span class='ocrx_word' id='word_1_160' title='bbox 1183 1920 1228 1955; x_wconf 91' lang='lat' dir='ltr'><strong>c.</strong></span> 
     </span>
     <span class='ocr_line' id='line_1_26' title="bbox 286 1977 1232 2043; baseline -0.003 -15"><span class='ocrx_word' id='word_1_161' title='bbox 286 1977 405 2030; x_wconf 86' lang='grc'><strong>666.</strong></span> <span class='ocrx_word' id='word_1_162' title='bbox 428 1986 535 2027; x_wconf 85' lang='lat' dir='ltr'><strong>erat</strong></span> <span class='ocrx_word' id='word_1_163' title='bbox 556 1978 751 2040; x_wconf 85' lang='lat' dir='ltr'><strong>consui,</strong></span> <span class='ocrx_word' id='word_1_164' title='bbox 777 1977 1082 2043; x_wconf 75' lang='lat' dir='ltr'><strong>dissidebat,</strong></span> <span class='ocrx_word' id='word_1_165' title='bbox 1107 1990 1232 2039; x_wconf 88' lang='lat' dir='ltr'><strong>quo-</strong></span> 
     </span>
    </p>
   </div>
   <div class='ocr_carea' id='block_1_5' title="bbox 287 2043 1269 2108">
    <p class='ocr_par' dir='ltr' id='par_1_5' title="bbox 287 2043 1269 2108">
     <span class='ocr_line' id='line_1_27' title="bbox 287 2043 1269 2108; baseline -0.002 -13"><span class='ocrx_word' id='word_1_166' title='bbox 287 2062 402 2097; x_wconf 85' lang='lat' dir='ltr'><strong>cum</strong></span> <span class='ocrx_word' id='word_1_167' title='bbox 438 2047 847 2097; x_wconf 84' lang='lat' dir='ltr'><strong>coniunctissime</strong></span> <span class='ocrx_word' id='word_1_168' title='bbox 895 2053 944 2094; x_wconf 90' lang='lat' dir='ltr'><strong>et</strong></span> <span class='ocrx_word' id='word_1_169' title='bbox 989 2043 1230 2096; x_wconf 84' lang='lat' dir='ltr'><strong>amantis-</strong></span> <span class='ocrx_word' id='word_1_170' title='bbox 1264 2104 1269 2108; x_wconf 30' lang='lat'>‚</span> 
     </span>
    </p>
   </div>
   <div class='ocr_carea' id='block_1_6' title="bbox 261 2113 1237 3345">
    <p class='ocr_par' dir='ltr' id='par_1_6' title="bbox 261 2113 1237 3345">
     <span class='ocr_line' id='line_1_28' title="bbox 288 2113 1229 2176; baseline -0.003 -12"><span class='ocrx_word' id='word_1_171' title='bbox 288 2117 418 2164; x_wconf 88' lang='lat' dir='ltr'><strong>sime</strong></span> <span class='ocrx_word' id='word_1_172' title='bbox 447 2117 660 2174; x_wconf 85' lang='lat' dir='ltr'><strong>vixerat,</strong></span> <span class='ocrx_word' id='word_1_173' title='bbox 694 2116 757 2165; x_wconf 88' lang='lat' dir='ltr'><strong>de</strong></span> <span class='ocrx_word' id='word_1_174' title='bbox 790 2130 888 2165; x_wconf 84' lang='lat' dir='ltr'><strong>am.</strong></span> <span class='ocrx_word' id='word_1_175' title='bbox 924 2114 972 2176; x_wconf 89' lang='lat'><strong>1,</strong></span> <span class='ocrx_word' id='word_1_176' title='bbox 1004 2117 1054 2166; x_wconf 92' lang='grc'><strong>2.</strong></span> <span class='ocrx_word' id='word_1_177' title='bbox 1083 2140 1151 2149; x_wconf 92' lang='lat'><strong>--</strong></span> <span class='ocrx_word' id='word_1_178' title='bbox 1171 2113 1229 2161; x_wconf 89' lang='lat' dir='ltr'><strong>P.</strong></span> 
     </span>
     <span class='ocr_line' id='line_1_29' title="bbox 289 2179 1230 2247; baseline 0.001 -16"><span class='ocrx_word' id='word_1_179' title='bbox 289 2181 546 2247; x_wconf 84' lang='lat' dir='ltr'><strong>Sulpicius</strong></span> <span class='ocrx_word' id='word_1_180' title='bbox 565 2184 799 2233; x_wconf 88' lang='lat' dir='ltr'><strong>tribunus</strong></span> <span class='ocrx_word' id='word_1_181' title='bbox 818 2182 891 2247; x_wconf 89' lang='lat' dir='ltr'><strong>pl.</strong></span> <span class='ocrx_word' id='word_1_182' title='bbox 914 2197 944 2229; x_wconf 79' lang='lat' dir='ltr'><strong>a</strong></span> <span class='ocrx_word' id='word_1_183' title='bbox 965 2198 1015 2235; x_wconf 87' lang='lat' dir='ltr'><strong>u.</strong></span> <span class='ocrx_word' id='word_1_184' title='bbox 1039 2198 1083 2232; x_wconf 93' lang='lat' dir='ltr'><strong>c.</strong></span> <span class='ocrx_word' id='word_1_185' title='bbox 1107 2179 1230 2233; x_wconf 90' lang='grc'><strong>666.</strong></span> 
     </span>
     <span class='ocr_line' id='line_1_30' title="bbox 289 2252 1231 2301; baseline -0.003 0"><span class='ocrx_word' id='word_1_186' title='bbox 289 2268 404 2301; x_wconf 90' lang='lat' dir='ltr'><strong>cum</strong></span> <span class='ocrx_word' id='word_1_187' title='bbox 424 2253 645 2301; x_wconf 84' lang='lat' dir='ltr'><strong>Antistio</strong></span> <span class='ocrx_word' id='word_1_188' title='bbox 675 2252 842 2299; x_wconf 87' lang='lat' dir='ltr'><strong>minus</strong></span> <span class='ocrx_word' id='word_1_189' title='bbox 862 2258 1008 2299; x_wconf 87' lang='lat' dir='ltr'><strong>acute</strong></span> <span class='ocrx_word' id='word_1_190' title='bbox 1025 2264 1231 2299; x_wconf 87' lang='lat' dir='ltr'><strong>causam</strong></span> 
     </span>
     <span class='ocr_line' id='line_1_31' title="bbox 289 2318 1231 2387; baseline -0.004 -16"><span class='ocrx_word' id='word_1_191' title='bbox 289 2321 471 2387; x_wconf 78' lang='lat' dir='ltr'><strong>agebat</strong></span> <span class='ocrx_word' id='word_1_192' title='bbox 514 2330 687 2371; x_wconf 85' lang='lat' dir='ltr'><strong>contra</strong></span> <span class='ocrx_word' id='word_1_193' title='bbox 729 2320 784 2370; x_wconf 86' lang='lat' dir='ltr'><strong>C.</strong></span> <span class='ocrx_word' id='word_1_194' title='bbox 825 2318 951 2371; x_wconf 85' lang='lat' dir='ltr'><strong>Julii</strong></span> <span class='ocrx_word' id='word_1_195' title='bbox 999 2318 1231 2369; x_wconf 79' lang='lat' dir='ltr'><strong>Caesaris</strong></span> 
     </span>
     <span class='ocr_line' id='line_1_32' title="bbox 289 2389 1231 2453; baseline -0.002 -14"><span class='ocrx_word' id='word_1_196' title='bbox 289 2389 550 2441; x_wconf 83' lang='lat' dir='ltr'><strong>Strabonis</strong></span> <span class='ocrx_word' id='word_1_197' title='bbox 600 2389 892 2441; x_wconf 87' lang='lat' dir='ltr'><strong>consulatus</strong></span> <span class='ocrx_word' id='word_1_198' title='bbox 931 2390 1231 2453; x_wconf 86' lang='lat' dir='ltr'><strong>petitionem</strong></span> 
     </span>
     <span class='ocr_line' id='line_1_33' title="bbox 289 2456 1229 2519; baseline -0.003 -10"><span class='ocrx_word' id='word_1_199' title='bbox 289 2462 760 2519; x_wconf 78' lang='lat' dir='ltr'><strong>extraordinariam,</strong></span> <span class='ocrx_word' id='word_1_200' title='bbox 806 2460 943 2510; x_wconf 86' lang='lat' dir='ltr'><strong>Brut.</strong></span> <span class='ocrx_word' id='word_1_201' title='bbox 983 2457 1069 2519; x_wconf 88' lang='lat'><strong>64,</strong></span> <span class='ocrx_word' id='word_1_202' title='bbox 1106 2456 1229 2507; x_wconf 86' lang='lat'><strong>226.</strong></span> 
     </span>
     <span class='ocr_line' id='line_1_34' title="bbox 292 2525 1234 2594; baseline -0.004 -17"><span class='ocrx_word' id='word_1_203' title='bbox 292 2530 352 2579; x_wconf 88' lang='lat' dir='ltr'><strong>cl.</strong></span> <span class='ocrx_word' id='word_1_204' title='bbox 376 2530 439 2578; x_wconf 88' lang='lat' dir='ltr'><strong>de</strong></span> <span class='ocrx_word' id='word_1_205' title='bbox 460 2530 572 2578; x_wconf 88' lang='lat' dir='ltr'><strong>har.</strong></span> <span class='ocrx_word' id='word_1_206' title='bbox 595 2545 732 2594; x_wconf 86' lang='lat' dir='ltr'><strong>resp.</strong></span> <span class='ocrx_word' id='word_1_207' title='bbox 758 2531 842 2591; x_wconf 85' lang='lat'><strong>20,</strong></span> <span class='ocrx_word' id='word_1_208' title='bbox 869 2527 955 2579; x_wconf 87' lang='lat'><strong>43.</strong></span> <span class='ocrx_word' id='word_1_209' title='bbox 975 2554 1046 2565; x_wconf 94' lang='lat'><strong>-—-</strong></span> <span class='ocrx_word' id='word_1_210' title='bbox 1064 2525 1234 2591; x_wconf 91' lang='lat' dir='ltr'><strong>Sulpi-</strong></span> 
     </span>
     <span class='ocr_line' id='line_1_35' title="bbox 291 2596 1236 2658; baseline -0.001 -13"><span class='ocrx_word' id='word_1_211' title='bbox 291 2600 402 2647; x_wconf 87' lang='lat' dir='ltr'><strong>cius</strong></span> <span class='ocrx_word' id='word_1_212' title='bbox 433 2600 803 2658; x_wconf 77' lang='lat' dir='ltr'><strong>intercesserat,</strong></span> <span class='ocrx_word' id='word_1_213' title='bbox 843 2612 905 2646; x_wconf 89' lang='lat' dir='ltr'><strong>ne</strong></span> <span class='ocrx_word' id='word_1_214' title='bbox 937 2596 1138 2645; x_wconf 85' lang='lat' dir='ltr'><strong>exsules</strong></span> <span class='ocrx_word' id='word_1_215' title='bbox 1158 2611 1236 2644; x_wconf 90' lang='lat' dir='ltr'><strong>re-</strong></span> 
     </span>
     <span class='ocr_line' id='line_1_36' title="bbox 292 2663 1232 2728; baseline 0.001 -16"><span class='ocrx_word' id='word_1_216' title='bbox 292 2666 592 2713; x_wconf 82' lang='lat' dir='ltr'><strong>ducerentur</strong></span> <span class='ocrx_word' id='word_1_217' title='bbox 628 2674 754 2728; x_wconf 89' lang='lat' dir='ltr'><strong>etc.,</strong></span> <span class='ocrx_word' id='word_1_218' title='bbox 800 2666 865 2713; x_wconf 85' lang='lat' dir='ltr'><strong>ad</strong></span> <span class='ocrx_word' id='word_1_219' title='bbox 905 2665 1020 2712; x_wconf 87' lang='lat' dir='ltr'><strong>Her.</strong></span> <span class='ocrx_word' id='word_1_220' title='bbox 1050 2666 1102 2725; x_wconf 83' lang='lat'><strong>2,</strong></span> <span class='ocrx_word' id='word_1_221' title='bbox 1149 2663 1232 2723; x_wconf 82' lang='lat'><strong>28,</strong></span> 
     </span>
     <span class='ocr_line' id='line_1_37' title="bbox 290 2731 1234 2781; baseline 0.001 -2"><span class='ocrx_word' id='word_1_222' title='bbox 290 2733 374 2779; x_wconf 75' lang='lat'><strong>45.</strong></span> <span class='ocrx_word' id='word_1_223' title='bbox 396 2756 463 2765; x_wconf 92' lang='lat'><strong>—-</strong></span> <span class='ocrx_word' id='word_1_224' title='bbox 484 2732 646 2779; x_wconf 84' lang='lat' dir='ltr'><strong>Etiam</strong></span> <span class='ocrx_word' id='word_1_225' title='bbox 683 2734 734 2781; x_wconf 90' lang='lat' dir='ltr'><strong>in</strong></span> <span class='ocrx_word' id='word_1_226' title='bbox 766 2731 1085 2780; x_wconf 84' lang='lat' dir='ltr'><strong>contentione</strong></span> <span class='ocrx_word' id='word_1_227' title='bbox 1119 2731 1234 2780; x_wconf 91' lang='lat' dir='ltr'><strong>Sul-</strong></span> 
     </span>
     <span class='ocr_line' id='line_1_38' title="bbox 261 2797 1230 2864; baseline 0.003 -19"><span class='ocrx_word' id='word_1_228' title='bbox 261 2827 266 2831; x_wconf 86' lang='lat'><em>-</em></span> <span class='ocrx_word' id='word_1_229' title='bbox 290 2798 419 2862; x_wconf 87' lang='lat' dir='ltr'><strong>picii</strong></span> <span class='ocrx_word' id='word_1_230' title='bbox 438 2797 578 2861; x_wconf 81' lang='lat' dir='ltr'><strong>leges</strong></span> <span class='ocrx_word' id='word_1_231' title='bbox 594 2798 738 2847; x_wconf 85' lang='lat' dir='ltr'><strong>Aelia</strong></span> <span class='ocrx_word' id='word_1_232' title='bbox 757 2807 805 2847; x_wconf 91' lang='lat' dir='ltr'><strong>et</strong></span> <span class='ocrx_word' id='word_1_233' title='bbox 817 2797 960 2847; x_wconf 84' lang='lat' dir='ltr'><strong>Fufia</strong></span> <span class='ocrx_word' id='word_1_234' title='bbox 979 2798 1230 2864; x_wconf 84' lang='lat' dir='ltr'><strong>vixerunt,</strong></span> 
     </span>
     <span class='ocr_line' id='line_1_39' title="bbox 293 2864 1236 2931; baseline 0.001 -16"><span class='ocrx_word' id='word_1_235' title='bbox 293 2868 345 2915; x_wconf 91' lang='lat' dir='ltr'><strong>in</strong></span> <span class='ocrx_word' id='word_1_236' title='bbox 363 2866 624 2915; x_wconf 83' lang='lat' dir='ltr'><strong>Vatinium</strong></span> <span class='ocrx_word' id='word_1_237' title='bbox 651 2865 703 2931; x_wconf 85' lang='lat'><strong>9,</strong></span> <span class='ocrx_word' id='word_1_238' title='bbox 733 2864 816 2915; x_wconf 85' lang='lat'><strong>23.</strong></span> <span class='ocrx_word' id='word_1_239' title='bbox 845 2890 902 2901; x_wconf 89' lang='lat'>—</span> <span class='ocrx_word' id='word_1_240' title='bbox 925 2865 1047 2915; x_wconf 78' lang='lat' dir='ltr'><strong>Eius</strong></span> <span class='ocrx_word' id='word_1_241' title='bbox 1076 2868 1236 2916; x_wconf 85' lang='lat' dir='ltr'><strong>tribu-</strong></span> 
     </span>
     <span class='ocr_line' id='line_1_40' title="bbox 289 2933 1233 3001; baseline 0.001 -16"><span class='ocrx_word' id='word_1_242' title='bbox 289 2942 457 2995; x_wconf 83' lang='lat' dir='ltr'><strong>natus,</strong></span> <span class='ocrx_word' id='word_1_243' title='bbox 495 2935 694 2987; x_wconf 86' lang='lat' dir='ltr'><strong>Gornel.</strong></span> <span class='ocrx_word' id='word_1_244' title='bbox 735 2950 837 2984; x_wconf 90' lang='lat' dir='ltr'><strong>sec.</strong></span> <span class='ocrx_word' id='word_1_245' title='bbox 876 2933 1058 2999; x_wconf 80' lang='lat' dir='ltr'><strong>fragm.</strong></span> <span class='ocrx_word' id='word_1_246' title='bbox 1089 2938 1141 2990; x_wconf 88' lang='lat'><strong>4.</strong></span> <span class='ocrx_word' id='word_1_247' title='bbox 1180 2952 1233 3001; x_wconf 92' lang='lat' dir='ltr'><strong>p.</strong></span> 
     </span>
     <span class='ocr_line' id='line_1_41' title="bbox 291 3005 1236 3073; baseline -0.002 -18"><span class='ocrx_word' id='word_1_248' title='bbox 291 3005 413 3058; x_wconf 84' lang='lat'><strong>214.</strong></span> <span class='ocrx_word' id='word_1_249' title='bbox 436 3030 506 3043; x_wconf 86' lang='lat'><strong>--</strong></span> <span class='ocrx_word' id='word_1_250' title='bbox 539 3006 599 3055; x_wconf 88' lang='lat' dir='ltr'><strong>Ei</strong></span> <span class='ocrx_word' id='word_1_251' title='bbox 635 3005 702 3056; x_wconf 90' lang='lat' dir='ltr'><strong>ad</strong></span> <span class='ocrx_word' id='word_1_252' title='bbox 741 3018 988 3054; x_wconf 86' lang='lat' dir='ltr'><strong>summam</strong></span> <span class='ocrx_word' id='word_1_253' title='bbox 1018 3005 1236 3073; x_wconf 77' lang='lat' dir='ltr'><strong>glorIam</strong></span> 
     </span>
     <span class='ocr_line' id='line_1_42' title="bbox 291 3073 1235 3139; baseline -0.003 -14"><span class='ocrx_word' id='word_1_254' title='bbox 291 3075 610 3139; x_wconf 78' lang='lat' dir='ltr'><strong>eloquentiae</strong></span> <span class='ocrx_word' id='word_1_255' title='bbox 629 3075 967 3125; x_wconf 79' lang='lat' dir='ltr'><strong>efflorescenti</strong></span> <span class='ocrx_word' id='word_1_256' title='bbox 981 3073 1116 3123; x_wconf 69' lang='lat' dir='ltr'><strong>ferro</strong></span> <span class='ocrx_word' id='word_1_257' title='bbox 1130 3090 1235 3123; x_wconf 87' lang='lat' dir='ltr'><strong>ere-</strong></span> 
     </span>
     <span class='ocr_line' id='line_1_43' title="bbox 291 3142 1236 3210; baseline -0.001 -16"><span class='ocrx_word' id='word_1_258' title='bbox 291 3153 381 3210; x_wconf 87' lang='lat' dir='ltr'><strong>pta</strong></span> <span class='ocrx_word' id='word_1_259' title='bbox 404 3146 510 3195; x_wconf 80' lang='lat' dir='ltr'><strong>vita</strong></span> <span class='ocrx_word' id='word_1_260' title='bbox 529 3154 625 3206; x_wconf 88' lang='lat' dir='ltr'><strong>est,</strong></span> <span class='ocrx_word' id='word_1_261' title='bbox 660 3147 723 3197; x_wconf 92' lang='lat' dir='ltr'><strong>de</strong></span> <span class='ocrx_word' id='word_1_262' title='bbox 776 3153 866 3195; x_wconf 87' lang='lat' dir='ltr'><strong>rat.</strong></span> <span class='ocrx_word' id='word_1_263' title='bbox 887 3142 920 3193; x_wconf 84' lang='lat'><strong>3</strong></span> <span class='ocrx_word' id='word_1_264' title='bbox 975 3142 1028 3203; x_wconf 83' lang='lat'><strong>3,</strong></span> <span class='ocrx_word' id='word_1_265' title='bbox 1064 3143 1147 3193; x_wconf 91' lang='grc'><strong>11.</strong></span> <span class='ocrx_word' id='word_1_266' title='bbox 1167 3169 1236 3180; x_wconf 94' lang='lat'><strong>—-</strong></span> 
     </span>
     <span class='ocr_line' id='line_1_44' title="bbox 290 3161 1237 3280; baseline -0.003 -16"><span class='ocrx_word' id='word_1_267' title='bbox 290 3215 348 3267; x_wconf 90' lang='lat' dir='ltr'><strong>P.</strong></span> <span class='ocrx_word' id='word_1_268' title='bbox 371 3212 651 3280; x_wconf 86' lang='lat' dir='ltr'><strong>Sulpicium</strong></span> <span class='ocrx_word' id='word_1_269' title='bbox 669 3161 1237 3278; x_wconf 50' lang='lat' dir='ltr'><strong>Rasin-ramlera</strong></span> 
     </span>
     <span class='ocr_line' id='line_1_45' title="bbox 291 3282 1236 3345; baseline -0.002 -14"><span class='ocrx_word' id='word_1_270' title='bbox 291 3283 500 3345; x_wconf 86' lang='lat' dir='ltr'><strong>quidem</strong></span> <span class='ocrx_word' id='word_1_271' title='bbox 531 3298 562 3331; x_wconf 88' lang='lat' dir='ltr'><strong>a</strong></span> <span class='ocrx_word' id='word_1_272' title='bbox 589 3297 645 3331; x_wconf 90' lang='lat' dir='ltr'><strong>se</strong></span> <span class='ocrx_word' id='word_1_273' title='bbox 674 3284 784 3331; x_wconf 86' lang='lat' dir='ltr'><strong>sine</strong></span> <span class='ocrx_word' id='word_1_274' title='bbox 817 3283 948 3331; x_wconf 79' lang='lat' dir='ltr'><strong>ferro</strong></span> <span class='ocrx_word' id='word_1_275' title='bbox 970 3282 1134 3345; x_wconf 89' lang='lat' dir='ltr'><strong>potuit</strong></span> <span class='ocrx_word' id='word_1_276' title='bbox 1153 3296 1236 3329; x_wconf 84' lang='lat' dir='ltr'><strong>res</strong></span> 
     </span>
    </p>
   </div>
   <div class='ocr_carea' id='block_1_7' title="bbox 294 3348 1239 3477">
    <p class='ocr_par' dir='ltr' id='par_1_7' title="bbox 294 3348 1239 3477">
     <span class='ocr_line' id='line_1_46' title="bbox 294 3348 1239 3411; baseline -0.002 -15"><span class='ocrx_word' id='word_1_277' title='bbox 294 3349 458 3411; x_wconf 72' lang='lat' dir='ltr'><strong>publ„</strong></span> <span class='ocrx_word' id='word_1_278' title='bbox 491 3349 555 3398; x_wconf 90' lang='lat' dir='ltr'><strong>de</strong></span> <span class='ocrx_word' id='word_1_279' title='bbox 585 3348 688 3411; x_wconf 81' lang='lat' dir='ltr'><strong>leg.</strong></span> <span class='ocrx_word' id='word_1_280' title='bbox 718 3349 767 3404; x_wconf 83' lang='lat'><strong>3,</strong></span> <span class='ocrx_word' id='word_1_281' title='bbox 837 3385 848 3406; x_wconf 90' lang='lat'><strong>‚</strong></span> <span class='ocrx_word' id='word_1_282' title='bbox 880 3349 967 3397; x_wconf 88' lang='grc'><strong>20.</strong></span> <span class='ocrx_word' id='word_1_283' title='bbox 996 3374 1068 3385; x_wconf 88' lang='lat'>—</span> <span class='ocrx_word' id='word_1_284' title='bbox 1099 3348 1239 3397; x_wconf 82' lang='lat' dir='ltr'><strong>Sulla</strong></span> 
     </span>
     <span class='ocr_line' id='line_1_47' title="bbox 295 3413 1239 3477; baseline 0 -16"><span class='ocrx_word' id='word_1_285' title='bbox 295 3430 412 3462; x_wconf 89' lang='lat' dir='ltr'><strong>cum</strong></span> <span class='ocrx_word' id='word_1_286' title='bbox 432 3414 656 3477; x_wconf 86' lang='lat' dir='ltr'><strong>Sulpicio</strong></span> <span class='ocrx_word' id='word_1_287' title='bbox 683 3416 744 3463; x_wconf 89' lang='lat' dir='ltr'><strong>de</strong></span> <span class='ocrx_word' id='word_1_288' title='bbox 763 3417 814 3462; x_wconf 91' lang='lat' dir='ltr'><strong>iu</strong></span> <span class='ocrx_word' id='word_1_289' title='bbox 845 3432 872 3462; x_wconf 91' lang='lat' dir='ltr'><strong>e</strong></span> <span class='ocrx_word' id='word_1_290' title='bbox 893 3413 1094 3477; x_wconf 66' lang='lat' dir='ltr'><strong>legum,</strong></span> <span class='ocrx_word' id='word_1_291' title='bbox 1113 3430 1239 3475; x_wconf 78' lang='lat' dir='ltr'><strong>quas</strong></span> 
     </span>
    </p>
   </div>
   <div class='ocr_carea' id='block_1_8' title="bbox 835 3515 869 3589">
    <p class='ocr_par' dir='ltr' id='par_1_8' title="bbox 835 3515 869 3589">
     <span class='ocr_line' id='line_1_48' title="bbox 835 3515 869 3589; baseline 0 -34"><span class='ocrx_word' id='word_1_292' title='bbox 835 3515 869 3589; x_wconf 52' lang='lat' dir='ltr'>q</span> 
     </span>
    </p>
   </div>
   <div class='ocr_carea' id='block_1_9' title="bbox 1301 1282 1760 1350">
    <p class='ocr_par' dir='ltr' id='par_1_9' title="bbox 1301 1282 1760 1350">
     <span class='ocr_line' id='line_1_49' title="bbox 1301 1282 1760 1350; baseline -0.004 -14"><span class='ocrx_word' id='word_1_293' title='bbox 1301 1282 1425 1338; x_wconf 82' lang='lat' dir='ltr'><strong>Ser.</strong></span> <span class='ocrx_word' id='word_1_294' title='bbox 1476 1282 1760 1350; x_wconf 80' lang='lat' dir='ltr'><strong>Sulpicius</strong></span> 
     </span>
    </p>
   </div>
   <div class='ocr_carea' id='block_1_10' title="bbox 1366 315 2341 932">
    <p class='ocr_par' dir='ltr' id='par_1_10' title="bbox 1366 315 2341 932">
     <span class='ocr_line' id='line_1_50' title="bbox 1370 315 2341 383; baseline 0.003 -14"><span class='ocrx_word' id='word_1_295' title='bbox 1370 334 1462 383; x_wconf 82' lang='lat' dir='ltr'><strong>per</strong></span> <span class='ocrx_word' id='word_1_296' title='bbox 1486 321 1589 369; x_wconf 84' lang='lat' dir='ltr'><strong>vim</strong></span> <span class='ocrx_word' id='word_1_297' title='bbox 1618 318 1748 368; x_wconf 85' lang='lat' dir='ltr'><strong>latas</strong></span> <span class='ocrx_word' id='word_1_298' title='bbox 1779 315 1920 368; x_wconf 85' lang='lat' dir='ltr'><strong>Sulla</strong></span> <span class='ocrx_word' id='word_1_299' title='bbox 1950 320 2180 382; x_wconf 83' lang='lat' dir='ltr'><strong>dicebat,</strong></span> <span class='ocrx_word' id='word_1_300' title='bbox 2220 322 2341 372; x_wconf 83' lang='lat' dir='ltr'><strong>bel·</strong></span> 
     </span>
     <span class='ocr_line' id='line_1_51' title="bbox 1369 387 2335 454; baseline 0.004 -17"><span class='ocrx_word' id='word_1_301' title='bbox 1369 389 1473 438; x_wconf 89' lang='lat' dir='ltr'><strong>lum</strong></span> <span class='ocrx_word' id='word_1_302' title='bbox 1494 389 1643 438; x_wconf 76' lang='lat' dir='ltr'><strong>civile</strong></span> <span class='ocrx_word' id='word_1_303' title='bbox 1662 389 1843 454; x_wconf 76' lang='lat' dir='ltr'><strong>gessit,</strong></span> <span class='ocrx_word' id='word_1_304' title='bbox 1867 387 2093 454; x_wconf 86' lang='lat' dir='ltr'><strong>Philipp.</strong></span> <span class='ocrx_word' id='word_1_305' title='bbox 2119 390 2177 454; x_wconf 90' lang='lat'><strong>8,</strong></span> <span class='ocrx_word' id='word_1_306' title='bbox 2200 391 2258 450; x_wconf 84' lang='lat'><strong>2,</strong></span> <span class='ocrx_word' id='word_1_307' title='bbox 2280 393 2335 441; x_wconf 88' lang='lat'><strong>7.</strong></span> 
     </span>
     <span class='ocr_line' id='line_1_52' title="bbox 1368 456 2336 524; baseline 0.004 -17"><span class='ocrx_word' id='word_1_308' title='bbox 1368 458 1497 507; x_wconf 86' lang='lat' dir='ltr'><strong>Eum</strong></span> <span class='ocrx_word' id='word_1_309' title='bbox 1524 457 1780 524; x_wconf 84' lang='lat' dir='ltr'><strong>oppressit</strong></span> <span class='ocrx_word' id='word_1_310' title='bbox 1812 456 1871 508; x_wconf 90' lang='lat' dir='ltr'><strong>L.</strong></span> <span class='ocrx_word' id='word_1_311' title='bbox 1896 457 2057 519; x_wconf 83' lang='lat' dir='ltr'><strong>Sulla,</strong></span> <span class='ocrx_word' id='word_1_312' title='bbox 2094 460 2146 510; x_wconf 88' lang='lat' dir='ltr'><strong>in</strong></span> <span class='ocrx_word' id='word_1_313' title='bbox 2171 459 2336 512; x_wconf 86' lang='lat' dir='ltr'><strong>Catil.</strong></span> 
     </span>
     <span class='ocr_line' id='line_1_53' title="bbox 1368 525 2337 589; baseline 0 -11"><span class='ocrx_word' id='word_1_314' title='bbox 1368 525 1421 588; x_wconf 83' lang='lat'><strong>3,</strong></span> <span class='ocrx_word' id='word_1_315' title='bbox 1463 525 1544 586; x_wconf 81' lang='lat'><strong>10,</strong></span> <span class='ocrx_word' id='word_1_316' title='bbox 1581 529 1665 577; x_wconf 87' lang='grc'><strong>24.</strong></span> <span class='ocrx_word' id='word_1_317' title='bbox 1705 526 1768 576; x_wconf 89' lang='lat' dir='ltr'><strong>cl.</strong></span> <span class='ocrx_word' id='word_1_318' title='bbox 1798 525 1935 580; x_wconf 85' lang='lat' dir='ltr'><strong>Brut.</strong></span> <span class='ocrx_word' id='word_1_319' title='bbox 1970 527 2059 589; x_wconf 87' lang='grc'><strong>63,</strong></span> <span class='ocrx_word' id='word_1_320' title='bbox 2096 529 2230 578; x_wconf 89' lang='grc'><strong>227.</strong></span> <span class='ocrx_word' id='word_1_321' title='bbox 2264 556 2337 567; x_wconf 89' lang='grc'><strong>-</strong></span> 
     </span>
     <span class='ocr_line' id='line_1_54' title="bbox 1367 595 2337 662; baseline 0.002 -17"><span class='ocrx_word' id='word_1_322' title='bbox 1367 595 1426 645; x_wconf 83' lang='grc' dir='ltr'><strong>Ρ.</strong></span> <span class='ocrx_word' id='word_1_323' title='bbox 1481 595 1794 662; x_wconf 86' lang='lat' dir='ltr'><strong>Sulpicium,</strong></span> <span class='ocrx_word' id='word_1_324' title='bbox 1848 597 1929 644; x_wconf 76' lang='lat' dir='ltr'><strong>cu&#39;i</strong></span> <span class='ocrx_word' id='word_1_325' title='bbox 1978 597 2152 662; x_wconf 87' lang='lat' dir='ltr'><strong>paullo</strong></span> <span class='ocrx_word' id='word_1_326' title='bbox 2214 607 2337 647; x_wconf 84' lang='lat' dir='ltr'><strong>ante</strong></span> 
     </span>
     <span class='ocr_line' id='line_1_55' title="bbox 1370 664 2335 730; baseline 0.003 -17"><span class='ocrx_word' id='word_1_327' title='bbox 1370 665 1539 714; x_wconf 85' lang='lat' dir='ltr'><strong>omnia</strong></span> <span class='ocrx_word' id='word_1_328' title='bbox 1568 664 1940 726; x_wconf 68' lang='lat' dir='ltr'><strong>concedebant,</strong></span> <span class='ocrx_word' id='word_1_329' title='bbox 1980 667 2119 715; x_wconf 87' lang='lat' dir='ltr'><strong>brevi</strong></span> <span class='ocrx_word' id='word_1_330' title='bbox 2152 669 2335 730; x_wconf 83' lang='lat' dir='ltr'><strong>spatio</strong></span> 
     </span>
     <span class='ocr_line' id='line_1_56' title="bbox 1368 733 2335 800; baseline 0.003 -18"><span class='ocrx_word' id='word_1_331' title='bbox 1368 748 1469 783; x_wconf 89' lang='lat' dir='ltr'><strong>non</strong></span> <span class='ocrx_word' id='word_1_332' title='bbox 1496 734 1647 783; x_wconf 91' lang='lat' dir='ltr'><strong>modo</strong></span> <span class='ocrx_word' id='word_1_333' title='bbox 1668 734 1860 793; x_wconf 76' lang='lat' dir='ltr'><strong>vivere,</strong></span> <span class='ocrx_word' id='word_1_334' title='bbox 1884 733 1977 783; x_wconf 88' lang='lat' dir='ltr'><strong>sed</strong></span> <span class='ocrx_word' id='word_1_335' title='bbox 1997 735 2152 784; x_wconf 86' lang='lat' dir='ltr'><strong>etiam</strong></span> <span class='ocrx_word' id='word_1_336' title='bbox 2176 750 2335 800; x_wconf 87' lang='lat' dir='ltr'><strong>sepe-</strong></span> 
     </span>
     <span class='ocr_line' id='line_1_57' title="bbox 1370 802 2331 868; baseline 0.002 -17"><span class='ocrx_word' id='word_1_337' title='bbox 1370 803 1453 852; x_wconf 90' lang='lat' dir='ltr'><strong>liri</strong></span> <span class='ocrx_word' id='word_1_338' title='bbox 1486 802 1873 868; x_wconf 87' lang='lat' dir='ltr'><strong>prohibuerunt,</strong></span> <span class='ocrx_word' id='word_1_339' title='bbox 1916 803 1984 852; x_wconf 79' lang='lat' dir='ltr'><strong>ad</strong></span> <span class='ocrx_word' id='word_1_340' title='bbox 2010 803 2242 856; x_wconf 85' lang='lat' dir='ltr'><strong>Herenn.</strong></span> <span class='ocrx_word' id='word_1_341' title='bbox 2278 807 2331 863; x_wconf 82' lang='grc'><strong>4,</strong></span> 
     </span>
     <span class='ocr_line' id='line_1_58' title="bbox 1366 870 2331 932; baseline -0.002 -10"><span class='ocrx_word' id='word_1_342' title='bbox 1366 872 1455 932; x_wconf 90' lang='grc'><strong>22,</strong></span> <span class='ocrx_word' id='word_1_343' title='bbox 1478 870 1563 924; x_wconf 87' lang='grc'><strong>31.</strong></span> <span class='ocrx_word' id='word_1_344' title='bbox 1579 898 1647 908; x_wconf 90' lang='lat'><strong>—-</strong></span> <span class='ocrx_word' id='word_1_345' title='bbox 1661 871 1785 920; x_wconf 89' lang='lat' dir='ltr'><strong>Eius</strong></span> <span class='ocrx_word' id='word_1_346' title='bbox 1806 871 2101 921; x_wconf 81' lang='lat' dir='ltr'><strong>interfector</strong></span> <span class='ocrx_word' id='word_1_347' title='bbox 2121 871 2331 921; x_wconf 82' lang='lat' dir='ltr'><strong>facinus</strong></span> 
     </span>
    </p>
   </div>
   <div class='ocr_carea' id='block_1_11' title="bbox 1366 937 2328 1073">
    <p class='ocr_par' dir='ltr' id='par_1_11' title="bbox 1366 937 2328 1073">
     <span class='ocr_line' id='line_1_59' title="bbox 1368 937 2328 1000; baseline -0.001 -9"><span class='ocrx_word' id='word_1_348' title='bbox 1368 955 1517 991; x_wconf 88' lang='lat' dir='ltr'><strong>suum</strong></span> <span class='ocrx_word' id='word_1_349' title='bbox 1563 937 1708 991; x_wconf 75' lang='lat' dir='ltr'><strong>iiissu</strong></span> <span class='ocrx_word' id='word_1_350' title='bbox 1758 940 2021 990; x_wconf 86' lang='lat' dir='ltr'><strong>consulum</strong></span> <span class='ocrx_word' id='word_1_351' title='bbox 2070 941 2328 1000; x_wconf 82' lang='lat' dir='ltr'><strong>defendit,</strong></span> 
     </span>
     <span class='ocr_line' id='line_1_60' title="bbox 1366 1009 1887 1073; baseline 0.004 -13"><span class='ocrx_word' id='word_1_352' title='bbox 1366 1011 1435 1060; x_wconf 84' lang='lat' dir='ltr'><strong>ad</strong></span> <span class='ocrx_word' id='word_1_353' title='bbox 1453 1011 1571 1061; x_wconf 87' lang='lat' dir='ltr'><strong>Her.</strong></span> <span class='ocrx_word' id='word_1_354' title='bbox 1603 1010 1651 1073; x_wconf 92' lang='lat'><strong>1,</strong></span> <span class='ocrx_word' id='word_1_355' title='bbox 1689 1010 1767 1071; x_wconf 82' lang='lat'><strong>15,</strong></span> <span class='ocrx_word' id='word_1_356' title='bbox 1803 1009 1887 1062; x_wconf 87' lang='grc'><strong>25.</strong></span> 
     </span>
    </p>
   </div>
   <div class='ocr_carea' id='block_1_12' title="bbox 1296 1075 2326 1143">
    <p class='ocr_par' dir='ltr' id='par_1_12' title="bbox 1296 1075 2326 1143">
     <span class='ocr_line' id='line_1_61' title="bbox 1296 1075 2326 1143; baseline 0.001 -15"><span class='ocrx_word' id='word_1_357' title='bbox 1296 1077 1365 1128; x_wconf 89' lang='lat' dir='ltr'><strong>P.</strong></span> <span class='ocrx_word' id='word_1_358' title='bbox 1398 1075 1682 1143; x_wconf 79' lang='lat' dir='ltr'><strong>Sulpicius</strong></span> <span class='ocrx_word' id='word_1_359' title='bbox 1709 1075 1917 1143; x_wconf 83' lang='lat' dir='ltr'><strong>Rufus,</strong></span> <span class='ocrx_word' id='word_1_360' title='bbox 1958 1078 2326 1130; x_wconf 83' lang='lat' dir='ltr'><strong>Caesarianus.</strong></span> 
     </span>
    </p>
   </div>
   <div class='ocr_carea' id='block_1_13' title="bbox 1366 1146 2333 3477">
    <p class='ocr_par' dir='ltr' id='par_1_13' title="bbox 1366 1146 2325 1282">
     <span class='ocr_line' id='line_1_62' title="bbox 1366 1146 2325 1212; baseline -0.002 -15"><span class='ocrx_word' id='word_1_361' title='bbox 1366 1149 1649 1212; x_wconf 81' lang='lat' dir='ltr'><strong>Imperator</strong></span> <span class='ocrx_word' id='word_1_362' title='bbox 1665 1148 1828 1197; x_wconf 88' lang='lat' dir='ltr'><strong>dictus</strong></span> <span class='ocrx_word' id='word_1_363' title='bbox 1847 1162 1896 1196; x_wconf 87' lang='lat' dir='ltr'><strong>a.</strong></span> <span class='ocrx_word' id='word_1_364' title='bbox 1923 1163 1976 1200; x_wconf 89' lang='lat' dir='ltr'><strong>u.</strong></span> <span class='ocrx_word' id='word_1_365' title='bbox 2008 1164 2052 1198; x_wconf 90' lang='lat' dir='ltr'><strong>c.</strong></span> <span class='ocrx_word' id='word_1_366' title='bbox 2084 1146 2208 1198; x_wconf 84' lang='lat'><strong>709.</strong></span> <span class='ocrx_word' id='word_1_367' title='bbox 2246 1150 2325 1196; x_wconf 84' lang='lat' dir='ltr'><strong>Ad</strong></span> 
     </span>
     <span class='ocr_line' id='line_1_63' title="bbox 1371 1215 2145 1282; baseline 0.001 -16"><span class='ocrx_word' id='word_1_368' title='bbox 1371 1231 1487 1266; x_wconf 89' lang='lat' dir='ltr'><strong>eum</strong></span> <span class='ocrx_word' id='word_1_369' title='bbox 1507 1224 1582 1265; x_wconf 87' lang='lat' dir='ltr'><strong>est</strong></span> <span class='ocrx_word' id='word_1_370' title='bbox 1601 1217 1667 1266; x_wconf 83' lang='lat' dir='ltr'><strong>ad</strong></span> <span class='ocrx_word' id='word_1_371' title='bbox 1688 1215 1810 1266; x_wconf 81' lang='lat' dir='ltr'><strong>fam.</strong></span> <span class='ocrx_word' id='word_1_372' title='bbox 1834 1215 1919 1267; x_wconf 85' lang='lat'><strong>13.</strong></span> <span class='ocrx_word' id='word_1_373' title='bbox 1947 1231 2031 1282; x_wconf 91' lang='lat' dir='ltr'><strong>ep.</strong></span> <span class='ocrx_word' id='word_1_374' title='bbox 2054 1218 2145 1267; x_wconf 87' lang='grc'><strong>77.</strong></span> 
     </span>
    </p>

    <p class='ocr_par' dir='ltr' id='par_1_14' title="bbox 1368 1283 2333 3477">
     <span class='ocr_line' id='line_1_64' title="bbox 1814 1283 2325 1349; baseline -0.004 -13"><span class='ocrx_word' id='word_1_375' title='bbox 1814 1284 1883 1349; x_wconf 77' lang='lat' dir='ltr'><strong>Q.</strong></span> <span class='ocrx_word' id='word_1_376' title='bbox 1932 1283 1998 1334; x_wconf 76' lang='lat' dir='ltr'><strong>F.</strong></span> <span class='ocrx_word' id='word_1_377' title='bbox 2047 1283 2325 1335; x_wconf 79' lang='lat' dir='ltr'><strong>Lemonia</strong></span> 
     </span>
     <span class='ocr_line' id='line_1_65' title="bbox 1368 1351 2326 1419; baseline -0.002 -15"><span class='ocrx_word' id='word_1_378' title='bbox 1368 1351 1558 1405; x_wconf 72' lang='lat' dir='ltr'><strong>Rufu-</strong></span> <span class='ocrx_word' id='word_1_379' title='bbox 1581 1354 1822 1419; x_wconf 88' lang='lat' dir='ltr'><strong>(Philipp.</strong></span> <span class='ocrx_word' id='word_1_380' title='bbox 1846 1353 1882 1405; x_wconf 88' lang='grc'>9</span> <span class='ocrx_word' id='word_1_381' title='bbox 1904 1390 1918 1414; x_wconf 92' lang='grc'><strong>,</strong></span> <span class='ocrx_word' id='word_1_382' title='bbox 1952 1355 2007 1417; x_wconf 87' lang='lat'><strong>7,</strong></span> <span class='ocrx_word' id='word_1_383' title='bbox 2046 1351 2186 1417; x_wconf 82' lang='lat'><strong>15.),</strong></span> <span class='ocrx_word' id='word_1_384' title='bbox 2214 1355 2326 1403; x_wconf 89' lang='lat' dir='ltr'><strong>iure</strong></span> 
     </span>
     <span class='ocr_line' id='line_1_66' title="bbox 1370 1421 2327 1472; baseline -0.002 0"><span class='ocrx_word' id='word_1_385' title='bbox 1370 1421 1632 1472; x_wconf 86' lang='lat' dir='ltr'><strong>consultus</strong></span> <span class='ocrx_word' id='word_1_386' title='bbox 1654 1421 1886 1472; x_wconf 86' lang='lat' dir='ltr'><strong>illustris.</strong></span> <span class='ocrx_word' id='word_1_387' title='bbox 1906 1447 1979 1459; x_wconf 89' lang='lat'>—</span> <span class='ocrx_word' id='word_1_388' title='bbox 1996 1422 2191 1472; x_wconf 87' lang='lat' dir='ltr'><strong>Partim</strong></span> <span class='ocrx_word' id='word_1_389' title='bbox 2210 1437 2327 1472; x_wconf 83' lang='lat' dir='ltr'><strong>cum</strong></span> 
     </span>
     <span class='ocr_line' id='line_1_67' title="bbox 1372 1491 2324 1556; baseline -0.001 -16"><span class='ocrx_word' id='word_1_390' title='bbox 1372 1491 1648 1551; x_wconf 80' lang='lat' dir='ltr'><strong>Scaevola,</strong></span> <span class='ocrx_word' id='word_1_391' title='bbox 1692 1494 1877 1556; x_wconf 84' lang='lat' dir='ltr'><strong>partim</strong></span> <span class='ocrx_word' id='word_1_392' title='bbox 1920 1506 2037 1541; x_wconf 89' lang='lat' dir='ltr'><strong>cum</strong></span> <span class='ocrx_word' id='word_1_393' title='bbox 2080 1493 2324 1543; x_wconf 89' lang='lat' dir='ltr'><strong>Cicerone</strong></span> 
     </span>
     <span class='ocr_line' id='line_1_68' title="bbox 1372 1560 2324 1624; baseline 0.002 -16"><span class='ocrx_word' id='word_1_394' title='bbox 1372 1567 1721 1624; x_wconf 84' lang='lat' dir='ltr'><strong>comparatur,</strong></span> <span class='ocrx_word' id='word_1_395' title='bbox 1769 1560 1905 1610; x_wconf 85' lang='lat' dir='ltr'><strong>Brut.</strong></span> <span class='ocrx_word' id='word_1_396' title='bbox 1945 1560 2047 1620; x_wconf 92' lang='grc'><strong>40,</strong></span> <span class='ocrx_word' id='word_1_397' title='bbox 2100 1561 2218 1612; x_wconf 86' lang='grc'><strong>150.</strong></span> <span class='ocrx_word' id='word_1_398' title='bbox 2255 1586 2324 1597; x_wconf 94' lang='lat'><strong>—-</strong></span> 
     </span>
     <span class='ocr_line' id='line_1_69' title="bbox 1372 1627 2322 1694; baseline -0.001 -16"><span class='ocrx_word' id='word_1_399' title='bbox 1372 1628 1609 1678; x_wconf 86' lang='lat' dir='ltr'><strong>Rhodum</strong></span> <span class='ocrx_word' id='word_1_400' title='bbox 1658 1629 1946 1694; x_wconf 74' lang='lat' dir='ltr'><strong>profectus,</strong></span> <span class='ocrx_word' id='word_1_401' title='bbox 1998 1644 2100 1692; x_wconf 91' lang='lat' dir='ltr'><strong>quo</strong></span> <span class='ocrx_word' id='word_1_402' title='bbox 2139 1627 2322 1678; x_wconf 86' lang='lat' dir='ltr'><strong>melior</strong></span> 
     </span>
     <span class='ocr_line' id='line_1_70' title="bbox 1374 1697 2320 1763; baseline 0.003 -16"><span class='ocrx_word' id='word_1_403' title='bbox 1374 1705 1513 1749; x_wconf 80' lang='lat' dir='ltr'><strong>esset</strong></span> <span class='ocrx_word' id='word_1_404' title='bbox 1528 1706 1579 1746; x_wconf 88' lang='lat' dir='ltr'><strong>et</strong></span> <span class='ocrx_word' id='word_1_405' title='bbox 1598 1699 1812 1757; x_wconf 88' lang='lat' dir='ltr'><strong>doctior,</strong></span> <span class='ocrx_word' id='word_1_406' title='bbox 1846 1707 1915 1763; x_wconf 87' lang='lat' dir='ltr'><strong>et,</strong></span> <span class='ocrx_word' id='word_1_407' title='bbox 1934 1697 2056 1748; x_wconf 86' lang='lat' dir='ltr'><strong>inde</strong></span> <span class='ocrx_word' id='word_1_408' title='bbox 2072 1706 2131 1747; x_wconf 91' lang='lat' dir='ltr'><strong>ut</strong></span> <span class='ocrx_word' id='word_1_409' title='bbox 2151 1698 2320 1750; x_wconf 75' lang='lat' dir='ltr'><strong>rediit.</strong></span> 
     </span>
     <span class='ocr_line' id='line_1_71' title="bbox 1372 1767 2322 1829; baseline 0 -13"><span class='ocrx_word' id='word_1_410' title='bbox 1372 1767 1577 1817; x_wconf 83' lang='lat' dir='ltr'><strong>videtur</strong></span> <span class='ocrx_word' id='word_1_411' title='bbox 1610 1768 1663 1816; x_wconf 90' lang='lat' dir='ltr'><strong>in</strong></span> <span class='ocrx_word' id='word_1_412' title='bbox 1703 1767 1927 1817; x_wconf 85' lang='lat' dir='ltr'><strong>secunda</strong></span> <span class='ocrx_word' id='word_1_413' title='bbox 1960 1776 2067 1816; x_wconf 85' lang='lat' dir='ltr'><strong>arte</strong></span> <span class='ocrx_word' id='word_1_414' title='bbox 2102 1767 2181 1829; x_wconf 90' lang='lat' dir='ltr'><strong>(in</strong></span> <span class='ocrx_word' id='word_1_415' title='bbox 2216 1770 2322 1816; x_wconf 90' lang='lat' dir='ltr'><strong>iure</strong></span> 
     </span>
     <span class='ocr_line' id='line_1_72' title="bbox 1374 1832 2322 1901; baseline 0 -17"><span class='ocrx_word' id='word_1_416' title='bbox 1374 1832 1543 1899; x_wconf 87' lang='lat' dir='ltr'><strong>civili)</strong></span> <span class='ocrx_word' id='word_1_417' title='bbox 1562 1837 1756 1901; x_wconf 85' lang='lat' dir='ltr'><strong>primus</strong></span> <span class='ocrx_word' id='word_1_418' title='bbox 1777 1851 1890 1887; x_wconf 88' lang='lat' dir='ltr'><strong>esse</strong></span> <span class='ocrx_word' id='word_1_419' title='bbox 1910 1836 2157 1886; x_wconf 88' lang='lat' dir='ltr'><strong>maluisse</strong></span> <span class='ocrx_word' id='word_1_420' title='bbox 2172 1852 2322 1898; x_wconf 83' lang='lat' dir='ltr'><strong>quam</strong></span> 
     </span>
     <span class='ocr_line' id='line_1_73' title="bbox 1372 1904 2320 1973; baseline 0.002 -20"><span class='ocrx_word' id='word_1_421' title='bbox 1372 1904 1426 1954; x_wconf 91' lang='lat' dir='ltr'><strong>in</strong></span> <span class='ocrx_word' id='word_1_422' title='bbox 1462 1905 1629 1971; x_wconf 86' lang='lat' dir='ltr'><strong>prima</strong></span> <span class='ocrx_word' id='word_1_423' title='bbox 1661 1905 2006 1973; x_wconf 74' lang='lat' dir='ltr'><strong>(eloquentia)</strong></span> <span class='ocrx_word' id='word_1_424' title='bbox 2043 1907 2320 1966; x_wconf 72' lang='lat' dir='ltr'><strong>secundae,</strong></span> 
     </span>
     <span class='ocr_line' id='line_1_74' title="bbox 1371 1974 2319 2039; baseline 0.001 -17"><span class='ocrx_word' id='word_1_425' title='bbox 1371 1974 1443 2023; x_wconf 80' lang='lat' dir='ltr'><strong>lh.</strong></span> <span class='ocrx_word' id='word_1_426' title='bbox 1483 1975 1581 2035; x_wconf 88' lang='lat'><strong>41,</strong></span> <span class='ocrx_word' id='word_1_427' title='bbox 1621 1975 1716 2026; x_wconf 91' lang='grc'><strong>151</strong></span> <span class='ocrx_word' id='word_1_428' title='bbox 1760 1980 1871 2039; x_wconf 77' lang='lat' dir='ltr'><strong>sqq.</strong></span> <span class='ocrx_word' id='word_1_429' title='bbox 1920 1999 1982 2010; x_wconf 94' lang='lat'>—</span> <span class='ocrx_word' id='word_1_430' title='bbox 2025 1974 2082 2024; x_wconf 75' lang='lat'><strong>1..</strong></span> <span class='ocrx_word' id='word_1_431' title='bbox 2124 1974 2319 2024; x_wconf 88' lang='lat' dir='ltr'><strong>Lucilio</strong></span> 
     </span>
     <span class='ocr_line' id='line_1_75' title="bbox 1374 2043 2321 2109; baseline -0.002 -16"><span class='ocrx_word' id='word_1_432' title='bbox 1374 2043 1612 2094; x_wconf 85' lang='lat' dir='ltr'><strong>Balbo-et</strong></span> <span class='ocrx_word' id='word_1_433' title='bbox 1640 2044 1696 2097; x_wconf 86' lang='lat' dir='ltr'><strong>C.</strong></span> <span class='ocrx_word' id='word_1_434' title='bbox 1723 2043 1924 2106; x_wconf 78' lang='lat' dir='ltr'><strong>Aquilio</strong></span> <span class='ocrx_word' id='word_1_435' title='bbox 1948 2043 2090 2093; x_wconf 81' lang='lat' dir='ltr'><strong>Gallo</strong></span> <span class='ocrx_word' id='word_1_436' title='bbox 2113 2059 2321 2109; x_wconf 86' lang='lat' dir='ltr'><strong>operam</strong></span> 
     </span>
     <span class='ocr_line' id='line_1_76' title="bbox 1374 2110 2321 2172; baseline -0.001 -10"><span class='ocrx_word' id='word_1_437' title='bbox 1374 2112 1532 2172; x_wconf 86' lang='lat' dir='ltr'><strong>dedit,</strong></span> <span class='ocrx_word' id='word_1_438' title='bbox 1574 2113 1647 2165; x_wconf 88' lang='lat' dir='ltr'><strong>Ib.</strong></span> <span class='ocrx_word' id='word_1_439' title='bbox 1691 2114 1777 2172; x_wconf 89' lang='grc'><strong>42,</strong></span> <span class='ocrx_word' id='word_1_440' title='bbox 1816 2112 1934 2163; x_wconf 84' lang='grc'><strong>154.</strong></span> <span class='ocrx_word' id='word_1_441' title='bbox 1974 2138 2041 2151; x_wconf 90' lang='lat'><strong>--</strong></span> <span class='ocrx_word' id='word_1_442' title='bbox 2078 2110 2321 2161; x_wconf 83' lang='lat' dir='ltr'><strong>Exsulem</strong></span> 
     </span>
     <span class='ocr_line' id='line_1_77' title="bbox 1374 2180 2318 2241; baseline -0.001 -11"><span class='ocrx_word' id='word_1_443' title='bbox 1374 2181 1513 2231; x_wconf 87' lang='lat' dir='ltr'><strong>Sami</strong></span> <span class='ocrx_word' id='word_1_444' title='bbox 1525 2182 1720 2231; x_wconf 85' lang='lat' dir='ltr'><strong>audivit</strong></span> <span class='ocrx_word' id='word_1_445' title='bbox 1732 2182 1799 2234; x_wconf 84' lang='lat' dir='ltr'><strong>M.</strong></span> <span class='ocrx_word' id='word_1_446' title='bbox 1818 2180 2021 2241; x_wconf 71' lang='grc' dir='ltr'><strong>Βτιιῑιιε,</strong></span> <span class='ocrx_word' id='word_1_447' title='bbox 2042 2180 2115 2233; x_wconf 89' lang='lat' dir='ltr'><strong>Ib.</strong></span> <span class='ocrx_word' id='word_1_448' title='bbox 2129 2182 2177 2241; x_wconf 70' lang='grc' dir='ltr'><strong>ἕ.</strong></span> <span class='ocrx_word' id='word_1_449' title='bbox 2200 2182 2318 2231; x_wconf 81' lang='grc'><strong>156.</strong></span> 
     </span>
     <span class='ocr_line' id='line_1_78' title="bbox 1372 2251 2321 2313; baseline 0.002 -15"><span class='ocrx_word' id='word_1_450' title='bbox 1372 2274 1439 2285; x_wconf 85' lang='lat'><strong>--</strong></span> <span class='ocrx_word' id='word_1_451' title='bbox 1480 2251 1559 2298; x_wconf 86' lang='lat' dir='ltr'><strong>Ab</strong></span> <span class='ocrx_word' id='word_1_452' title='bbox 1614 2265 1671 2313; x_wconf 79' lang='lat' dir='ltr'><strong>eo</strong></span> <span class='ocrx_word' id='word_1_453' title='bbox 1719 2264 1819 2298; x_wconf 90' lang='lat' dir='ltr'><strong>uno</strong></span> <span class='ocrx_word' id='word_1_454' title='bbox 1866 2264 1999 2299; x_wconf 90' lang='lat' dir='ltr'><strong>nunc</strong></span> <span class='ocrx_word' id='word_1_455' title='bbox 2048 2251 2129 2298; x_wconf 88' lang='lat' dir='ltr'><strong>ius</strong></span> <span class='ocrx_word' id='word_1_456' title='bbox 2172 2251 2321 2299; x_wconf 83' lang='lat' dir='ltr'><strong>civile</strong></span> 
     </span>
     <span class='ocr_line' id='line_1_79' title="bbox 1374 2319 2321 2369; baseline 0.001 -1"><span class='ocrx_word' id='word_1_457' title='bbox 1374 2334 1573 2369; x_wconf 80' lang='lat' dir='ltr'><strong>summa</strong></span> <span class='ocrx_word' id='word_1_458' title='bbox 1595 2320 1895 2369; x_wconf 81' lang='lat' dir='ltr'><strong>auctoritate</strong></span> <span class='ocrx_word' id='word_1_459' title='bbox 1915 2327 1964 2369; x_wconf 85' lang='lat' dir='ltr'><strong>et</strong></span> <span class='ocrx_word' id='word_1_460' title='bbox 1984 2319 2196 2367; x_wconf 83' lang='lat' dir='ltr'><strong>scientia</strong></span> <span class='ocrx_word' id='word_1_461' title='bbox 2209 2333 2321 2369; x_wconf 89' lang='lat' dir='ltr'><strong>sus-</strong></span> 
     </span>
     <span class='ocr_line' id='line_1_80' title="bbox 1373 2387 2323 2453; baseline 0.001 -17"><span class='ocrx_word' id='word_1_462' title='bbox 1373 2389 1577 2453; x_wconf 91' lang='lat' dir='ltr'><strong>tinetur,</strong></span> <span class='ocrx_word' id='word_1_463' title='bbox 1610 2387 1790 2452; x_wconf 82' lang='lat' dir='ltr'><strong>de&#39;leg.</strong></span> <span class='ocrx_word' id='word_1_464' title='bbox 1814 2388 1861 2445; x_wconf 91' lang='lat'><strong>1,</strong></span> <span class='ocrx_word' id='word_1_465' title='bbox 1888 2387 1938 2447; x_wconf 85' lang='lat'><strong>5,</strong></span> <span class='ocrx_word' id='word_1_466' title='bbox 1978 2388 2058 2437; x_wconf 87' lang='grc'><strong>17.</strong></span> <span class='ocrx_word' id='word_1_467' title='bbox 2081 2415 2148 2427; x_wconf 79' lang='lat'>—</span> <span class='ocrx_word' id='word_1_468' title='bbox 2192 2387 2323 2446; x_wconf 85' lang='lat' dir='ltr'><strong>Quid</strong></span> 
     </span>
     <span class='ocr_line' id='line_1_81' title="bbox 1374 2454 2323 2522; baseline 0 -17"><span class='ocrx_word' id='word_1_469' title='bbox 1374 2456 1694 2522; x_wconf 86' lang='lat' dir='ltr'><strong>responderit</strong></span> <span class='ocrx_word' id='word_1_470' title='bbox 1734 2458 1783 2505; x_wconf 90' lang='lat' dir='ltr'><strong>in</strong></span> <span class='ocrx_word' id='word_1_471' title='bbox 1818 2470 1973 2505; x_wconf 86' lang='lat' dir='ltr'><strong>causa</strong></span> <span class='ocrx_word' id='word_1_472' title='bbox 2004 2454 2215 2516; x_wconf 81' lang='lat' dir='ltr'><strong>Siliana,</strong></span> <span class='ocrx_word' id='word_1_473' title='bbox 2256 2457 2323 2505; x_wconf 79' lang='lat' dir='ltr'><strong>ad</strong></span> 
     </span>
     <span class='ocr_line' id='line_1_82' title="bbox 1378 2522 2319 2589; baseline 0.001 -15"><span class='ocrx_word' id='word_1_474' title='bbox 1378 2526 1499 2578; x_wconf 79' lang='lat' dir='ltr'><strong>fam.</strong></span> <span class='ocrx_word' id='word_1_475' title='bbox 1530 2526 1697 2586; x_wconf 85' lang='grc'><strong>7,.21.</strong></span> <span class='ocrx_word' id='word_1_476' title='bbox 1721 2547 1788 2559; x_wconf 87' lang='lat'><strong>-—</strong></span> <span class='ocrx_word' id='word_1_477' title='bbox 1807 2522 1915 2574; x_wconf 88' lang='lat' dir='ltr'><strong>Ser.</strong></span> <span class='ocrx_word' id='word_1_478' title='bbox 1940 2523 2201 2589; x_wconf 88' lang='lat' dir='ltr'><strong>Sulpicius</strong></span> <span class='ocrx_word' id='word_1_479' title='bbox 2221 2540 2319 2586; x_wconf 90' lang='lat' dir='ltr'><strong>quo</strong></span> 
     </span>
     <span class='ocr_line' id='line_1_83' title="bbox 1376 2592 2316 2658; baseline -0.003 -14"><span class='ocrx_word' id='word_1_480' title='bbox 1376 2596 1527 2645; x_wconf 87' lang='lat' dir='ltr'><strong>modo</strong></span> <span class='ocrx_word' id='word_1_481' title='bbox 1561 2610 1609 2647; x_wconf 87' lang='lat' dir='ltr'><strong>v.</strong></span> <span class='ocrx_word' id='word_1_482' title='bbox 1636 2592 2003 2658; x_wconf 87' lang='lat' dir='ltr'><strong>postliminium</strong></span> <span class='ocrx_word' id='word_1_483' title='bbox 2030 2592 2316 2657; x_wconf 84' lang='lat' dir='ltr'><strong>explicarit,</strong></span> 
     </span>
     <span class='ocr_line' id='line_1_84' title="bbox 1375 2661 2318 2728; baseline -0.001 -16"><span class='ocrx_word' id='word_1_484' title='bbox 1375 2664 1529 2728; x_wconf 85' lang='lat' dir='ltr'><strong>topic.</strong></span> <span class='ocrx_word' id='word_1_485' title='bbox 1564 2663 1615 2723; x_wconf 94' lang='lat'><strong>8,</strong></span> <span class='ocrx_word' id='word_1_486' title='bbox 1644 2661 1727 2712; x_wconf 87' lang='grc'><strong>36.</strong></span> <span class='ocrx_word' id='word_1_487' title='bbox 1750 2688 1818 2698; x_wconf 92' lang='lat'><strong>-—</strong></span> <span class='ocrx_word' id='word_1_488' title='bbox 1837 2662 1898 2710; x_wconf 87' lang='lat' dir='ltr'><strong>Ei</strong></span> <span class='ocrx_word' id='word_1_489' title='bbox 1929 2662 2151 2726; x_wconf 80' lang='lat' dir='ltr'><strong>praetori</strong></span> <span class='ocrx_word' id='word_1_490' title='bbox 2185 2671 2318 2711; x_wconf 86' lang='lat' dir='ltr'><strong>sorte</strong></span> 
     </span>
     <span class='ocr_line' id='line_1_85' title="bbox 1379 2730 2318 2796; baseline -0.002 -17"><span class='ocrx_word' id='word_1_491' title='bbox 1379 2733 1609 2794; x_wconf 88' lang='lat' dir='ltr'><strong>quaestio</strong></span> <span class='ocrx_word' id='word_1_492' title='bbox 1648 2730 1910 2796; x_wconf 86' lang='lat' dir='ltr'><strong>peculatus</strong></span> <span class='ocrx_word' id='word_1_493' title='bbox 1950 2737 2212 2780; x_wconf 84' lang='lat' dir='ltr'><strong>evenerat:</strong></span> <span class='ocrx_word' id='word_1_494' title='bbox 2267 2733 2318 2778; x_wconf 88' lang='lat' dir='ltr'><strong>in</strong></span> 
     </span>
     <span class='ocr_line' id='line_1_86' title="bbox 1374 2798 2333 2865; baseline -0.002 -16"><span class='ocrx_word' id='word_1_495' title='bbox 1374 2802 1686 2865; x_wconf 82' lang='lat' dir='ltr'><strong>provinciam</strong></span> <span class='ocrx_word' id='word_1_496' title='bbox 1706 2803 1781 2848; x_wconf 89' lang='lat' dir='ltr'><strong>ire</strong></span> <span class='ocrx_word' id='word_1_497' title='bbox 1801 2798 1979 2858; x_wconf 81' lang='lat' dir='ltr'><strong>noluit,</strong></span> <span class='ocrx_word' id='word_1_498' title='bbox 2000 2815 2094 2864; x_wconf 89' lang='lat' dir='ltr'><strong>pro</strong></span> <span class='ocrx_word' id='word_1_499' title='bbox 2113 2798 2333 2860; x_wconf 66' lang='lat' dir='ltr'><strong>Murena¹</strong></span> 
     </span>
     <span class='ocr_line' id='line_1_87' title="bbox 1375 2867 2317 2934; baseline -0.004 -15"><span class='ocrx_word' id='word_1_500' title='bbox 1375 2869 1458 2928; x_wconf 90' lang='lat'><strong>20,</strong></span> <span class='ocrx_word' id='word_1_501' title='bbox 1477 2871 1561 2919; x_wconf 90' lang='grc'><strong>42.</strong></span> <span class='ocrx_word' id='word_1_502' title='bbox 1582 2894 1652 2906; x_wconf 93' lang='lat'><strong>—-</strong></span> <span class='ocrx_word' id='word_1_503' title='bbox 1670 2867 1777 2922; x_wconf 86' lang='lat' dir='ltr'><strong>Ser.</strong></span> <span class='ocrx_word' id='word_1_504' title='bbox 1802 2868 2056 2934; x_wconf 85' lang='lat' dir='ltr'><strong>Sulpicius</strong></span> <span class='ocrx_word' id='word_1_505' title='bbox 2079 2870 2130 2917; x_wconf 91' lang='lat' dir='ltr'><strong>L.</strong></span> <span class='ocrx_word' id='word_1_506' title='bbox 2154 2868 2317 2916; x_wconf 83' lang='lat' dir='ltr'><strong>Mure-</strong></span> 
     </span>
     <span class='ocr_line' id='line_1_88' title="bbox 1376 2936 2311 3000; baseline 0 -13"><span class='ocrx_word' id='word_1_507' title='bbox 1376 2952 1491 2987; x_wconf 89' lang='lat' dir='ltr'><strong>nam</strong></span> <span class='ocrx_word' id='word_1_508' title='bbox 1526 2938 1587 2987; x_wconf 88' lang='lat' dir='ltr'><strong>de</strong></span> <span class='ocrx_word' id='word_1_509' title='bbox 1619 2938 1811 2987; x_wconf 86' lang='lat' dir='ltr'><strong>ambitu</strong></span> <span class='ocrx_word' id='word_1_510' title='bbox 1838 2938 2119 3000; x_wconf 80' lang='lat' dir='ltr'><strong>accusavit,</strong></span> <span class='ocrx_word' id='word_1_511' title='bbox 2159 2937 2229 2985; x_wconf 91' lang='lat' dir='ltr'><strong>lb.</strong></span> <span class='ocrx_word' id='word_1_512' title='bbox 2262 2936 2311 2997; x_wconf 89' lang='grc'><strong>3,</strong></span> 
     </span>
     <span class='ocr_line' id='line_1_89' title="bbox 1378 3003 2313 3072; baseline -0.004 -16"><span class='ocrx_word' id='word_1_513' title='bbox 1378 3009 1529 3069; x_wconf 86' lang='lat' dir='ltr'><strong>7sqq.</strong></span> <span class='ocrx_word' id='word_1_514' title='bbox 1548 3034 1617 3044; x_wconf 94' lang='lat'>—</span> <span class='ocrx_word' id='word_1_515' title='bbox 1636 3006 1758 3055; x_wconf 87' lang='lat' dir='ltr'><strong>Eius</strong></span> <span class='ocrx_word' id='word_1_516' title='bbox 1776 3017 1921 3072; x_wconf 86' lang='lat' dir='ltr'><strong>pater</strong></span> <span class='ocrx_word' id='word_1_517' title='bbox 1941 3007 2161 3068; x_wconf 88' lang='lat' dir='ltr'><strong>equestri</strong></span> <span class='ocrx_word' id='word_1_518' title='bbox 2183 3003 2313 3062; x_wconf 90' lang='lat' dir='ltr'><strong>loco,</strong></span> 
     </span>
     <span class='ocr_line' id='line_1_90' title="bbox 1378 3073 2314 3126; baseline -0.006 -1"><span class='ocrx_word' id='word_1_519' title='bbox 1378 3090 1502 3126; x_wconf 77' lang='lat' dir='ltr'><strong>avus</strong></span> <span class='ocrx_word' id='word_1_520' title='bbox 1534 3075 1673 3125; x_wconf 80' lang='lat' dir='ltr'><strong>nulla</strong></span> <span class='ocrx_word' id='word_1_521' title='bbox 1702 3075 1885 3125; x_wconf 87' lang='lat' dir='ltr'><strong>illustri</strong></span> <span class='ocrx_word' id='word_1_522' title='bbox 1916 3075 2062 3124; x_wconf 85' lang='lat' dir='ltr'><strong>laude</strong></span> <span class='ocrx_word' id='word_1_523' title='bbox 2096 3073 2314 3123; x_wconf 73' lang='lat' dir='ltr'><strong>celebra-</strong></span> 
     </span>
     <span class='ocr_line' id='line_1_91' title="bbox 1376 3142 2310 3207; baseline -0.002 -14"><span class='ocrx_word' id='word_1_524' title='bbox 1376 3152 1477 3207; x_wconf 81' lang='lat' dir='ltr'><strong>tus,</strong></span> <span class='ocrx_word' id='word_1_525' title='bbox 1501 3145 1574 3199; x_wconf 90' lang='lat' dir='ltr'><strong>lb.</strong></span> <span class='ocrx_word' id='word_1_526' title='bbox 1605 3146 1654 3204; x_wconf 88' lang='lat'><strong>7,</strong></span> <span class='ocrx_word' id='word_1_527' title='bbox 1678 3146 1759 3197; x_wconf 82' lang='lat'><strong>16.</strong></span> <span class='ocrx_word' id='word_1_528' title='bbox 1793 3171 1849 3181; x_wconf 91' lang='lat'><strong>-·</strong></span> <span class='ocrx_word' id='word_1_529' title='bbox 1874 3145 1979 3195; x_wconf 78' lang='lat' dir='ltr'><strong>Ser.</strong></span> <span class='ocrx_word' id='word_1_530' title='bbox 2003 3142 2227 3205; x_wconf 85' lang='lat' dir='ltr'><strong>Sulpicio</strong></span> <span class='ocrx_word' id='word_1_531' title='bbox 2246 3142 2310 3191; x_wconf 90' lang='lat' dir='ltr'><strong>M.</strong></span> 
     </span>
     <span class='ocr_line' id='line_1_92' title="bbox 1377 3210 2313 3263; baseline -0.003 -2"><span class='ocrx_word' id='word_1_532' title='bbox 1377 3213 1617 3263; x_wconf 86' lang='lat' dir='ltr'><strong>Marcello</strong></span> <span class='ocrx_word' id='word_1_533' title='bbox 1650 3228 1781 3263; x_wconf 80' lang='lat' dir='ltr'><strong>cosS.</strong></span> <span class='ocrx_word' id='word_1_534' title='bbox 1818 3228 1861 3261; x_wconf 88' lang='lat' dir='ltr'><strong>a.</strong></span> <span class='ocrx_word' id='word_1_535' title='bbox 1882 3227 1933 3263; x_wconf 91' lang='lat' dir='ltr'><strong>u.</strong></span> <span class='ocrx_word' id='word_1_536' title='bbox 1959 3227 2001 3263; x_wconf 90' lang='lat' dir='ltr'><strong>c.</strong></span> <span class='ocrx_word' id='word_1_537' title='bbox 2024 3210 2145 3262; x_wconf 84' lang='lat'><strong>703.</strong></span> <span class='ocrx_word' id='word_1_538' title='bbox 2170 3226 2313 3259; x_wconf 87' lang='lat' dir='ltr'><strong>reno-</strong></span> 
     </span>
     <span class='ocr_line' id='line_1_93' title="bbox 1381 3279 2313 3338; baseline -0.001 -9"><span class='ocrx_word' id='word_1_539' title='bbox 1381 3290 1549 3331; x_wconf 85' lang='lat' dir='ltr'><strong>vatum</strong></span> <span class='ocrx_word' id='word_1_540' title='bbox 1590 3282 1772 3332; x_wconf 85' lang='lat' dir='ltr'><strong>foedus</strong></span> <span class='ocrx_word' id='word_1_541' title='bbox 1810 3295 1923 3329; x_wconf 91' lang='lat' dir='ltr'><strong>cum</strong></span> <span class='ocrx_word' id='word_1_542' title='bbox 1963 3279 2204 3338; x_wconf 83' lang='lat' dir='ltr'><strong>Rhodiis,</strong></span> <span class='ocrx_word' id='word_1_543' title='bbox 2248 3280 2313 3328; x_wconf 83' lang='lat' dir='ltr'><strong>ad</strong></span> 
     </span>
     <span class='ocr_line' id='line_1_94' title="bbox 1380 3346 2307 3411; baseline -0.004 -12"><span class='ocrx_word' id='word_1_544' title='bbox 1380 3350 1501 3399; x_wconf 79' lang='lat' dir='ltr'><strong>fam.</strong></span> <span class='ocrx_word' id='word_1_545' title='bbox 1545 3352 1627 3409; x_wconf 92' lang='grc'><strong>12,</strong></span> <span class='ocrx_word' id='word_1_546' title='bbox 1670 3350 1752 3411; x_wconf 87' lang='grc'><strong>15,</strong></span> <span class='ocrx_word' id='word_1_547' title='bbox 1793 3352 1842 3399; x_wconf 94' lang='grc'><strong>2.</strong></span> <span class='ocrx_word' id='word_1_548' title='bbox 1878 3374 1942 3385; x_wconf 87' lang='lat'><strong>·-</strong></span> <span class='ocrx_word' id='word_1_549' title='bbox 1982 3346 2201 3411; x_wconf 81' lang='lat' dir='ltr'><strong>CaeliuS,</strong></span> <span class='ocrx_word' id='word_1_550' title='bbox 2236 3348 2307 3401; x_wconf 90' lang='lat' dir='ltr'><strong>Ib.</strong></span> 
     </span>
     <span class='ocr_line' id='line_1_95' title="bbox 1380 3414 2311 3477; baseline -0.004 -10"><span class='ocrx_word' id='word_1_551' title='bbox 1380 3418 1429 3476; x_wconf 92' lang='lat'><strong>8,</strong></span> <span class='ocrx_word' id='word_1_552' title='bbox 1464 3417 1513 3476; x_wconf 91' lang='lat'><strong>8,</strong></span> <span class='ocrx_word' id='word_1_553' title='bbox 1547 3420 1595 3470; x_wconf 86' lang='lat'><strong>5.</strong></span> <span class='ocrx_word' id='word_1_554' title='bbox 1619 3444 1684 3453; x_wconf 87' lang='lat'><strong>—-</strong></span> <span class='ocrx_word' id='word_1_555' title='bbox 1704 3417 1912 3466; x_wconf 85' lang='lat' dir='ltr'><strong>Servius</strong></span> <span class='ocrx_word' id='word_1_556' title='bbox 1937 3422 2210 3477; x_wconf 82' lang='lat' dir='ltr'><strong>cunctator,</strong></span> <span class='ocrx_word' id='word_1_557' title='bbox 2240 3414 2311 3464; x_wconf 90' lang='lat' dir='ltr'><strong>Ib.</strong></span> 
     </span>
    </p>
   </div>
  </div>
 </body>
</html>
