2500 3850
221 155 347 217 242

292 333 427 374 creta
470 329 547 374 est
581 325 873 386 quindecim
900 324 1125 388 dierum,
1168 325 1230 373 de

290 409 437 460 prov.
460 405 598 442 cons.
623 393 705 453 11,
740 392 825 446 26.
857 421 927 434 —-
957 392 1013 446 C.
1040 392 1230 442 Marius
1269 411 1277 417 ·

291 461 352 522 Q.
375 460 607 510 Catulum
640 463 768 511 mori
790 463 969 523 iussit,
1008 462 1071 514 de
1106 477 1157 513 n.
1182 462 1231 511 d.

290 531 342 591 3,
367 529 453 595 32,
478 529 563 581 80.
616 530 682 578 cl.
702 531 905 580 Tuscul.
932 530 965 580 5
981 567 996 591 ,
1025 529 1120 593 19,
1143 530 1227 582 56.

290 600 357 650 ad
380 601 485 650 Att.
507 599 541 651 9
560 635 575 658 ‚
598 598 664 650 10
678 635 691 659 ,
713 598 763 650 3.
801 625 873 636 --
898 599 1077 649 Utrum
1117 608 1233 648 tan-

290 670 405 718 dem
426 667 484 719 C.
506 667 690 717 Marius
710 668 1043 733 splendidior,
1076 683 1231 730 quum

290 753 409 788 eum
462 735 519 787 C.
568 735 777 786 Glaucia
833 737 1106 797 laudabat,
1166 752 1231 786 an

290 821 447 870 quum
479 807 715 856 eumdem
752 807 910 856 iratus
936 813 1117 872 postea
1154 807 1233 855 vi-

288 875 591 940 tuperabat?
630 876 693 924 de
727 875 935 940 harusp.
970 891 1105 940 resp.
1143 875 1228 935 24,

290 943 375 995 51.
433 969 503 981 —-
557 943 759 1009 Religio
812 945 865 996 C.
917 945 1075 995 Mario
1129 958 1231 993 non

289 1013 404 1076 fuit,
446 1027 543 1074 quo
568 1015 737 1062 minus
762 1012 815 1064 C.
846 1011 1127 1072 Glauciam,
1166 1013 1229 1062 de

288 1097 387 1145 quo
418 1081 542 1131 nihil
581 1083 877 1131 nominatim
914 1089 1019 1131 erat
1055 1081 1229 1132 decre-

288 1160 415 1212 tum,
446 1159 733 1214 praetorem
758 1150 1031 1215 occideret,
1059 1151 1110 1200 in
1134 1151 1230 1201 Ca-

288 1219 367 1272 til.
389 1216 442 1278 3,
462 1218 513 1280 6,
538 1219 621 1272 15.
644 1247 715 1258 -·
735 1218 789 1269 C.
804 1219 996 1268 Marius
1016 1235 1123 1272 cos.
1138 1221 1225 1270 VI.

290 1303 447 1352 quum
472 1288 533 1341 L.
552 1288 760 1339 Valerio
779 1289 955 1338 Flacco
970 1325 986 1353 ,
1026 1304 1075 1342 a.
1097 1304 1149 1337 u.
1176 1305 1223 1342 c.

286 1358 407 1416 654.
446 1357 699 1408 interfecit
716 1357 1062 1418 Saturninum,
1076 1355 1229 1408 Glau-

291 1429 421 1478 ciam
441 1433 535 1480 etc.
584 1441 678 1492 pro
699 1426 753 1480 C.
772 1427 977 1477 Rabirio
1008 1427 1151 1492 perd.
1175 1428 1227 1491 7,

289 1496 377 1548 20.
416 1496 472 1545 in
502 1494 650 1546 Catil.
685 1497 740 1554 1,
764 1497 814 1560 2,
836 1498 887 1548 4.
924 1496 1146 1561 Philipp.
1173 1495 1225 1556 8,

290 1567 340 1625 5,
365 1565 449 1617 15.
478 1593 544 1601 —
577 1564 701 1615 Cum
727 1565 886 1615 Mario
918 1573 969 1615 et
998 1565 1229 1616 Carbone

291 1632 439 1684 Sulla
456 1633 644 1682 bellum
669 1634 818 1684 civile
838 1636 1017 1700 gessit,
1056 1649 1119 1683 ne
1139 1633 1229 1683 do-

291 1705 603 1751 minarentur
620 1703 818 1768 indigni
846 1710 895 1752 et
922 1711 977 1752 ut
1004 1702 1229 1752 clarissi-

288 1786 486 1821 morum
526 1770 787 1821 hominum
822 1771 1228 1822 crudelissimam

288 1840 578 1905 poenitetur
596 1855 789 1902 necem,
802 1839 1023 1905 Philipp.
1041 1839 1090 1899 8,
1103 1842 1156 1899 2,
1172 1841 1221 1889 7.

290 1936 357 1947 --
376 1907 642 1961 Dissensit'
660 1925 774 1959 cum
799 1909 957 1959 Mario
978 1909 1037 1959 L.
1060 1907 1222 1960 Sulla.

288 1980 476 2028 Horum
498 1986 709 2041 uterque
740 1980 807 2029 its
840 1980 1022 2030 occidit
1038 1980 1222 2039 victus,

287 2058 343 2098 ut
362 2050 523 2098 victor
540 2049 673 2099 idem
694 2050 1014 2113 regnaverit,
1054 2049 1117 2097 de
1134 2049 1224 2098 ha-

288 2132 430 2182 rusp.
458 2131 591 2179 resq.
618 2118 717 2178 24,
750 2119 835 2169 55
883 2144 949 2154 -
986 2118 1225 2167 Acerbis-

288 2188 421 2235 sima
444 2186 590 2234 Marii
612 2185 801 2247 clades,
825 2186 887 2235 de
908 2201 949 2234 r.
969 2201 1017 2267 p.
1036 2186 1085 2246 1,
1106 2186 1155 2245 3,
1171 2186 1222 2236 6.

288 2252 427 2304 -L.
458 2252 601 2304 Sulla
620 2269 684 2305 ex
708 2256 833 2304 urbe
860 2255 1007 2303 eiecit
1037 2254 1095 2306 C.
1117 2255 1225 2305 Ma·

288 2325 453 2387 rium,
492 2322 546 2371 in
569 2322 715 2372 Catil.
736 2324 787 2387 3,
822 2322 905 2383 10,
945 2324 1031 2373 24.
1061 2351 1131 2363 —-
1164 2324 1226 2377 C.

286 2392 437 2443 Marii
470 2393 800 2443 acerbissima
836 2393 962 2458 fuga
989 2407 1037 2443 a.
1075 2409 1127 2449 u.
1176 2408 1221 2442 c.

287 2461 409 2513 666.
462 2469 579 2525 post
618 2463 837 2513 reditum
888 2463 998 2512 eius
1039 2463 1223 2513 caedes

289 2533 517 2583 omnium
560 2532 945 2592 crudelissima,
1002 2546 1050 2585 a.
1086 2547 1141 2581 u.
1175 2547 1222 2583 c.

286 2599 405 2651 667.
423 2637 437 2659 ,
465 2599 527 2649 de
547 2616 621 2649 or.
643 2601 695 2661 3,
715 2602 765 2664 2,
786 2600 835 2651 8.
861 2628 928 2638 —-
949 2601 1006 2653 C.
1034 2601 1224 2650 Marius

288 2668 559 2733 expulsus,
599 2683 790 2733 egens,
829 2671 880 2718 iu
909 2668 1097 2732 palude
1134 2670 1223 2719 de-

289 2747 504 2795 mersus,
528 2738 591 2787 de
608 2736 696 2787 fin.
718 2739 770 2801 2,
787 2736 873 2797 32,
891 2737 1005 2789 105.
1030 2764 1099 2775 —-
1116 2738 1224 2787 Ma·-

287 2806 367 2855 rio
412 2810 611 2853 sextum
662 2806 857 2855 consuli
892 2805 950 2864 Q.
991 2807 1222 2857 Metellus

290 2872 517 2923 Creticus
537 2873 817 2924 cedendum
839 2889 951 2925 esse
972 2876 1147 2937 duxit,
1170 2878 1223 2926 in

282 2941 455 2994 Pison.
473 2940 523 3003 9,
545 2942 631 2996 20.
648 2968 715 2979 --
736 2942 792 2993 C.
808 2944 1223 3005 Marius,summa

286 3020 564 3073 senectuto,
588 3028 743 3076 quum
762 3014 865 3064 vim
887 3030 1047 3081 prope
1066 3016 1222 3064 iusto-

285 3096 399 3132 rum
418 3096 669 3133 armorum
690 3082 1021 3148 profugisset,
1053 3084 1221 3147 primo

287 3151 447 3201 senile
476 3166 659 3218 corpus
688 3153 965 3219 paludibus
1006 3154 1222 3203 occulta-

288 3221 359 3272 vit
383 3221 695 3284 demersum,
725 3224 909 3273 deinde
940 3222 1005 3273 ad
1026 3222 1221 3273 infimo-

289 3302 403 3338 rum
428 3304 489 3338 ac
517 3293 929 3342 tenuissimorum
961 3292 1223 3343 hominum

287 3356 557 3407 Minturnis
596 3361 997 3411 misericordiam
1042 3361 1221 3411 confu-

284 3424 390 3487 git,
438 3427 556 3476 inde
592 3428 798 3493 navigio
838 3444 1123 3495 perparvo,
1170 3432 1223 3477 in

1082 167 1143 216 C.
1170 167 1452 216 MARIUS.

1372 338 1487 373 oras
1532 323 1737 374 Africae
1779 324 2154 376 desertissimas
2194 343 2313 394 per--

1370 394 1528 454 venit,
1552 407 1645 457 pro
1662 391 1827 442 Sestio
1848 393 1933 453 22,
1951 394 2033 446 50.
2066 395 2120 443 in
2137 396 2308 446 Pison.

1375 461 1458 522 19,
1481 459 1566 512 43.
1597 487 1666 498 -
1696 459 1751 511 C.
1771 460 1988 522 Marius,
2013 477 2115 512 non
2157 466 2309 515 modo

1370 545 1402 579 a
1438 537 1616 580 senatu
1639 545 1740 580 non
1777 538 1854 580 est
1886 532 2176 595 restitutus,
2201 536 2310 584 ‘sed

1371 600 1540 648 reditu
1601 613 1696 650 suo
1765 608 1996 650 senatum
2070 611 2306 667 cunctum

1371 682 1534 732 paene
1555 667 1771 728 delevit,
1810 676 1926 733 post
1959 670 2068 720 red.
2101 670 2154 719 in
2195 685 2303 724 sen.

1373 737 1457 798 15,
1493 735 1579 789 38.
1640 743 1758 802 post
1777 738 1886 788 red.
1909 738 1976 787 ad
2004 737 2146 797 Quir.
2178 739 2228 801 3,
2250 743 2306 794 7.

1372 806 1584 855 Marium
1611 806 1740 856 vidit
1759 804 1935 857 Cicero
1955 843 1970 867 ,
1996 822 2152 870 quum
2175 818 2308 860 esset

1371 890 1570 926 summa
1591 881 1867 935 senectute,
1902 889 2005 926 non
2031 876 2182 926 modo
2208 893 2306 928 non

1372 943 1589 995 infracto
1617 945 1786 994 animo
1820 953 2029 1010 propter
2050 947 2305 1010 magnitu-

1373 1014 1542 1063 dinem
1565 1013 1886 1075 calamitatis,
1903 1015 1997 1064 sed
2015 1015 2302 1064 confirmato

1371 1091 1525 1144 atque
1560 1089 1799 1132 renovato
1829 1090 1947 1145 etc„
1968 1090 2086 1148 post
2104 1085 2212 1134 red.
2242 1085 2308 1134 ad

1370 1151 1511 1210 Quir.
1541 1151 1592 1215 8,
1615 1151 1783 1202 19.·—
1819 1150 1874 1204 C.
1904 1151 2095 1202 Marius
2113 1167 2306 1202 maero-

1368 1235 1478 1268 rem
1509 1221 1780 1283 orationis,
1829 1235 1926 1282 qua
1959 1221 2027 1270 Μ.
2058 1221 2306 1271 Antonius

1367 1289 1455 1337 Μ’.
1493 1289 1757 1350 Aquilium
1795 1289 2053 1350 defendit,
2097 1290 2307 1340 multum

1371 1357 1598 1408 lacrimis
1619 1359 1727 1408 suis
1759 1358 1981 1419 adiuvit,
2022 1359 2085 1408 de
2107 1367 2230 1409 orat.
2251 1362 2306 1421 2,

1370 1427 1459 1488 47,
1498 1425 1616 1478 196.
1654 1453 1723 1462 -
1752 1426 1804 1477 C.
1827 1426 2017 1476 Marius
2042 1426 2222 1476 adfinis
2242 1429 2305 1478 L.

1371 1495 1561 1555 Crassi,
1599 1497 1660 1545 de
1691 1503 1816 1546 orat.
1839 1497 1886 1557 1,
1913 1496 1994 1556 15,
2025 1495 2111 1548 66.
2147 1524 2216 1532 -
2251 1496 2305 1546 C.

1367 1563 1518 1613 Marii
1547 1573 1926 1615 monumentum
1965 1573 2042 1614 est
2081 1564 2306 1616 latericia

1370 1633 1589 1682 Honoris
1610 1634 1826 1684 Virtutis
1852 1635 2010 1684 aedes
2031 1635 2094 1684 de
2123 1649 2302 1683 manu—

1369 1703 1470 1752 biis
1492 1711 1747 1752 exstructa
1761 1738 1775 1763 ‚
1815 1705 1863 1751 in
1890 1719 1988 1765 qua
2011 1713 2222 1768 tropaea
2243 1705 2310 1753 de

1368 1771 1628 1836 Iugurtha,
1653 1772 1716 1822 de
1737 1769 1950 1822 Cimbris
1964 1774 2308 1834 Teutonisque

1369 1841 1654 1904 collocavit,
1691 1855 1784 1905 pro
1805 1839 1972 1890 Sestio
1990 1842 2076 1902 54,
2102 1841 2221 1892 116.
2239 1869 2304 1876 -

1363 1911 1486 1959 Item
1508 1926 1600 1975 pro
1620 1909 1820 1961 Plancio
1841 1909 1926 1973 32,
1941 1910 2024 1964 78.
2047 1938 2113 1948 -
2132 1910 2184 1961 C.
2200 1909 2304 1959 Ma-

1366 1980 1477 2030 rius
1510 1980 1789 2030 secundum
1814 1980 2034 2043 quietem
2067 1981 2210 2030 visus
2236 1979 2302 2028 M.

1363 2050 1530 2101 Tullio
1552 2048 1812 2107 Ciceroni,
1857 2049 1920 2097 de
1935 2049 2100 2101 divin.
2130 2050 2186 2113 1,
2217 2048 2306 2113 28,

1293 2116 1300 2122 ’
1367 2118 1454 2169 29.
1509 2085 1878 2179 cl.ib.2‚t’56,
1920 2116 2036 2169 136.
2077 2144 2140 2153 -
2181 2118 2304 2167 Eius

1367 2197 1765 2247 monumentum,
1798 2187 1872 2235 lb.
1897 2186 1944 2247 1,
1977 2186 2060 2248 28,
2086 2186 2170 2236 59.
2225 2186 2298 2235 Ib.

1365 2258 1416 2317 2,
1438 2255 1537 2319 68,
1562 2255 1678 2307 140.
1698 2280 1768 2291 —-
1788 2256 2013 2305 Mortuus
2043 2263 2121 2304 est
2150 2270 2310 2305 senex

1365 2326 1638 2390 septimum
1660 2325 1838 2374 consul
1864 2325 2036 2374 domui
2058 2339 2211 2383 suae,
2241 2324 2308 2373 de

1364 2410 1419 2443 n.
1441 2396 1492 2447 d.
1515 2394 1563 2456 3,
1589 2393 1687 2452 32,
1720 2392 1806 2446 81.
1828 2422 1894 2430 -
1920 2395 1976 2442 In
1997 2394 2106 2443 eius
2127 2393 2310 2442 funere

1365 2478 1412 2512 a.
1448 2478 1500 2512 u.
1534 2479 1577 2511 e.
1601 2463 1722 2514 668.
1771 2461 1824 2515 C.
1849 2463 2070 2517 Fimbria
2089 2463 2304 2522 curavit,

1364 2540 1420 2580 ut
1441 2532 1792 2581 vulneraretur
1825 2532 1884 2590 Q.
1909 2530 2156 2581 Scaevola
2174 2546 2307 2596 pon-

1363 2600 1491 2650 tifex
1522 2602 1804 2659 maximus,
1841 2616 1934 2665 pro
1969 2600 2091 2652 Sex.
2117 2600 2306 2650 Roscio

1367 2670 1450 2729 12,
1487 2668 1573 2721 33.
1603 2698 1674 2710 -
1713 2670 1859 2720 Marii
1894 2672 2020 2721 sitas
2060 2670 2309 2731 reliquias

1363 2738 1503 2805 apud
1556 2740 1804 2787 Anienem
1863 2739 2103 2804 dissipari
2155 2739 2312 2787 iussit

1365 2806 1513 2857 Sulla
1532 2809 1706 2871 victor,
1730 2808 1794 2858 de
1813 2808 1914 2873 leg.
1937 2810 1990 2878 ⁶2,
2017 2810 2102 2875 22,
2131 2807 2215 2859 56.
2238 2834 2310 2841 -·

1364 2878 1554 2926 Marius
1601 2884 1916 2929 memoratur
1983 2884 2133 2927 etiam
2207 2888 2308 2941 pro

1365 2944 1576 3012 Sulla7,
1602 2946 1686 2999 23.
1745 2947 1806 2996 de
1826 2946 1914 2996 off.
1943 2946 1993 3006 1,
2017 2946 2101 3007 22,
2125 2944 2210 2997 76.
2235 2970 2308 2980 --

1364 3016 1587 3079 Marius,
1632 3017 1888 3067 Ciceronis
1920 3016 1983 3065 de
2017 3030 2076 3065 eo
2097 3018 2306 3080 poema,

1363 3086 1547 3151 fragm.
1564 3101 1616 3151 p.
1633 3084 1735 3137 338
1751 3100 1828 3148 sq.
1847 3085 2116 3134 -Versus
2137 3100 2199 3133 ex
2224 3097 2307 3145 ec,

1365 3155 1428 3206 de
1459 3155 1618 3206 divin.
1645 3155 1692 3215 1,
1715 3155 1800 3214 47,
1823 3153 1938 3207 106.
1974 3155 2126 3202 —-V.
2149 3150 2311 3202 Min-

1361 3226 1673 3275 tui-nenses.

1299 3290 1362 3343 G.
1392 3290 1608 3345 Marius
1644 3291 1700 3344 C.
1733 3292 1881 3343 Marii
1911 3292 2135 3356 septiens
2179 3304 2312 3339 con-

1365 3362 1491 3410 sulis
1527 3362 1662 3411 filius
1695 3376 1760 3411 ex
1797 3362 2094 3425 adoptione,
2125 3358 2311 3408 consui

1365 3445 1480 3479 cum
1509 3429 1596 3480 Cn.
1623 3432 1826 3495 Papirio
1853 3428 2080 3479 Carbone
2111 3430 2195 3478 111.
2256 3443 2309 3477 a.
