2500 3850
168 197 231 246 c.
256 193 517 244 Mucms
549 193 755 241 com).
787 177 1089 262 (SOAEV.)
1116 215 1200 228 -
1226 195 1290 242 P.
1315 194 1482 242 nnc.
1508 196 1575 242 P.
1599 195 1663 242 F.
1690 193 2076 244 scAEVOLA.
2135 184 2258 245 255

167 353 233 404 G.
254 349 477 402 Mucius
502 348 719 399 Cordus
748 346 1069 415 (Scaevola)
1098 363 1181 398 so-

236 423 317 472 lus
340 423 392 470 in
410 425 577 470 castra
586 420 873 468 Porsennae
882 419 1021 468 venit
1041 433 1182 467 eum-

238 507 337 554 que
348 488 629 540 interficere
639 489 903 552 proposita
914 486 1012 536 sibi
1023 493 1183 538 morte

1321 358 1530 401 conatus
1554 358 1648 414 est,
1677 365 1771 416 pro
1794 350 1958 401 Sestio
1976 352 2062 416 21,
2083 351 2170 405 48.
2190 377 2258 389 --

1321 419 1451 477 Quid
1471 421 1543 470 rei
1563 434 1678 468 eum
1703 421 1770 470 ad
1790 434 1963 470 necem
1976 423 2259 472 Porsennae

1324 488 1603 553 impulerit,
1637 489 1818 554 parad.
1843 490 1870 538 1
1888 526 1903 549 ,
1927 491 1977 550 2,
2001 491 2080 541 12.

746 581 1118 648 STEMMA
1162 581 1673 648 MUOIORUM.

933 667 969 706 1.
1000 667 1049 708 P.
1079 665 1252 706 Mucius
1283 664 1510 708 Scaevola.

577 770 617 808 2.
650 767 703 818 Q.
730 767 903 810 Mucius
930 768 979 808 Ρ.
1011 768 1059 809 F.
1092 767 1319 818 Scaevola,
1347 773 1522 821 praetor
1551 781 1590 810 a.
1620 781 1664 808 u.
1698 781 1736 809 e.
1767 769 1858 810 539.

1273 833 2254 870 Ἣ

189 873 231 913 3.
262 871 313 913 P.
342 869 513 911 Mucius

542 869 593 918 Q.
624 869 674 910 F.
706 867 754 910 P.
786 867 839 908 N.
872 867 1083 910 Scaevola
1112 881 1201 911 cos.
1232 881 1271 911 a.
1300 881 1348 908 ιι.
1379 880 1416 911 c.
1447 867 1541 910 579.

423 919 682 972 Triumphat
710 919 763 958 de
788 917 1030 972 Liguribus
1059 924 1102 960 et
1131 919 1288 960 Gallis.

1602 869 1643 909 4.
1677 869 1726 919 Q.
1755 869 1927 909 Mucius
1963 869 2013 920 Q.
2043 871 2090 912 F.
2122 871 2169 912 P.
2203 872 2259 915 N.

1603 919 1818 962 Scaevola
1843 931 1932 960 cos.
1964 933 2004 960 a.
2026 933 2072 964 u.
2097 935 2136 962 e.
2165 924 2258 966 580.

164 1087 249 1116 ves
274 1072 531 1120 Mucianus,
570 1083 596 1110 a
632 1070 681 1113 P.
714 1071 836 1112 Cras·
889 1069 1149 1130 Scaevola„
1175 1077 1296 1130 pont.
1341 1083 1456 1113 max.
1494 1071 1542 1111 in
1602 1071 1817 1112 Scaevola
1867 1085 2043 1126 augur,
2108 1075 2256 1116 Crassi

166 1127 229 1174 si,
269 1124 345 1176 qui
375 1134 472 1163 cum
496 1120 709 1164 Africano
738 1133 829 1161 ma-

165 1179 261 1216 iore
290 1186 379 1216 cos.
402 1173 488 1212 suit
516 1185 555 1213 a.
574 1183 620 1213 ιι.
653 1185 689 1213 c.
720 1173 830 1222 549„

165 1227 261 1267 filio
282 1225 533 1276 adoptatus,
588 1228 681 1263 ont.
696 1235 829 1270 max„

167 1289 258 1318 cos,
291 1289 333 1317 a.
370 1285 415 1314 u.
457 1287 495 1314 c.
526 1273 551 1314 6
580 1275 647 1323 3.,
685 1275 831 1314 victus

166 1329 215 1368 in
252 1326 363 1366 Asia
403 1325 457 1365 ab
486 1324 741 1366 Aristonico
790 1327 832 1364 et

166 1383 319 1431 captus
356 1388 380 1416 a
410 1375 590 1416 custode
620 1375 831 1416 occiditur

355 1439 395 1466 a.
425 1437 469 1467 u.
500 1439 537 1466 c.
566 1425 659 1469 624.

882 1121 1027 1162 locum
1061 1133 1196 1162 occisi
1247 1121 1398 1162 fratris
1441 1121 1540 1161 Mu·

886 1173 1005 1213 ciani
1053 1185 1141 1214 cOS.
1188 1185 1229 1214 a.
1267 1184 1314 1212 u.
1351 1185 1389 1212 c.
1427 1172 1537 1222 621„

884 1235 969 1276 quo
1022 1235 1137 1264 anno
1191 1222 1259 1263 Ti.
1319 1221 1538 1264 Gracchus

884 1274 1055 1315 occisus
1103 1279 1185 1314 est.
1250 1273 1422 1313 Primus
1469 1275 1539 1314 ius

883 1324 1018 1366 civile
1070 1324 1280 1365 fundavit
1331 1329 1374 1364 et
1421 1323 1536 1364 hanc

884 1376 1115 1416 scientiam
1151 1375 1199 1414 in
1236 1380 1416 1427 gentem
1442 1374 1538 1415 Mu-

1054 1426 1165 1466 ciam
1190 1425 1359 1466 intulit.

164 1532 203 1571 8.
243 1529 293 1578 Q.
326 1527 498 1568 Mucius
527 1527 575 1569 P.
606 1527 653 1566 F.
686 1525 735 1568 P.
764 1525 819 1566 N.
850 1526 1063 1568 Scaevola
1090 1531 1216 1580 pont.
1243 1539 1360 1566 max.
1387 1536 1538 1582 propr.

165 1582 213 1620 in
238 1579 351 1620 Asia
379 1589 536 1618 novem
565 1577 791 1618 mensibus
818 1590 859 1620 a.
888 1587 933 1618 ιι.
964 1591 1001 1618 c.
1031 1578 1151 1626 655.‚
1190 1589 1318 1630 quam
1353 1581 1538 1616 sanctis-

164 1632 277 1672 sime
304 1627 657 1678 administravit,
700 1640 789 1669 cos.
822 1639 919 1668 cum
945 1628 994 1668 L.
1025 1627 1182 1668 Crasso
1212 1633 1385 1669 oratore
1423 1639 1464 1666 a.
1491 1636 1538 1683 u.

166 1695 207 1725 e.
235 1679 328 1722 659.
388 1678 654 1718 Vulneratur
691 1677 881 1720 Fimbria
917 1679 1095 1720 iubente
1134 1680 1181 1718 in
1217 1677 1374 1718 sunere
1409 1675 1540 1716 Marii

166 1733 289 1774 senis
314 1742 353 1772 a.
383 1741 427 1769 u.
460 1741 497 1768 c.
526 1728 618 1770 668.
676 1728 904 1770 Occiditur
931 1742 972 1771 a.
993 1743 1037 1770 u.
1070 1744 1107 1771 c.
1136 1729 1228 1770 671.
1260 1729 1382 1769 iussu
1408 1725 1539 1766 Marii

1602 1123 1788 1165 oratoris
1818 1135 1965 1175 socer,
2006 1137 2088 1178 pro
2124 1137 2256 1178 prae·

1599 1179 1694 1214 tore
1731 1173 1867 1216 Asiae
1905 1187 1946 1215 a.
1993 1187 2036 1216 u.
2075 1189 2113 1217 c.
2163 1177 2254 1220 633.

1598 1225 1712 1265 hane
1797 1224 2041 1266 rovinciam
2104 1227 2255 1268 iustis-

1599 1275 1746 1316 simea
1781 1275 2067 1316 ministravit.
2098 1277 2148 1316 In
2162 1279 2258 1318 eius

1598 1325 1812 1366 honorem
1830 1326 1988 1366 Asiani
2015 1326 2159 1368 Mucia
2188 1343 2255 1369 ce-

1598 1375 1789 1419 lebrant.
1829 1376 1927 1416 cos.
1959 1387 1998 1415 a.
2027 1387 2072 1418 u.
2105 1391 2142 1418 c.
2164 1379 2258 1421 637.

1600 1425 1752 1467 Sullae
1783 1425 1942 1466 victori
1979 1426 2108 1477 (Val.
2137 1427 2256 1471 Max.

1599 1477 1624 1517 3
1677 1476 1724 1526 8,
1753 1477 1815 1526 5.)
1852 1488 1900 1516 se
1930 1477 2113 1530 opponit
2141 1491 2182 1520 a,
2209 1491 2254 1520 u,

1599 1507 1692 1568 666.
1743 1527 1816 1568 Ad
1855 1537 1952 1566 eum
1997 1537 2147 1567 senem
2182 1535 2257 1570 an-

1601 1576 1810 1618 diendum
1824 1576 1972 1618 Cicero
2001 1577 2255 1620 adolescen-

1600 1625 1720 1668 tulus
1773 1640 1799 1668 a
1843 1632 1966 1680 patre
2011 1629 2258 1680 deducitur,

1599 1691 1686 1738 quo
1713 1683 1884 1720 mortuo
1911 1690 1960 1719 se
1987 1679 2042 1720 ad
2080 1679 2132 1730 Q.
2160 1680 2256 1722 Mu-

406 1779 488 1819 filii
516 1779 711 1820 consulis
738 1793 764 1820 a
789 1780 1053 1834 Damasippo
1084 1785 1302 1834 praetore.

166 2011 229 2061 P·
244 2014 467 2065 Mucius
480 2012 545 2065 P.
558 2012 620 2063 F.
636 2012 927 2078 Scaevola,
940 2017 993 2065 P.
1010 2016 1177 2067 Crassi

234 2084 455 2151 Muciani
490 2083 671 2143 frater,
703 2084 842 2137 Brut.
866 2085 962 2147 26,
997 2084 1083 2136 98.
1108 2112 1177 2123 --

234 2153 361 2203 Eius
380 2167 539 2217 nepos
560 2142 641 2203 Μ’.
666 2152 898 2218 Glabrio,
931 2153 1069 2203 Brut.
1090 2154 1175 2213 68,

238 2220 357 2274 239.
374 2250 441 2258 —-
458 2224 599 2271 Avus
610 2220 695 2272 Μ’.
712 2221 1013 2283 Glabrionis,
1031 2224 1174 2274 Verr.

236 2298 461 2341 accusat.
494 2292 655 2351 l,'l.7,
685 2292 769 2341 52.
809 2318 877 2328 -
902 2291 1026 2341 Eius
1055 2307 1177 2357 pru-

238 2362 409 2410 dentia
440 2360 507 2410 ad
532 2362 919 2425 prospiciendas
938 2362 1173 2425 insidiaS,

234 2430 362 2481 Ibid.
397 2455 471 2467 --
494 2428 550 2482 P.
574 2429 771 2491 Mucius
798 2430 1043 2481 Scaevola
1081 2431 1178 2480 fuit

239 2508 476 2561 quaestor
516 2513 561 2549 a.
605 2515 656 2547 ιι.
698 2515 740 2548 c.
775 2498 906 2560 613,
945 2500 1177 2549 tribunus

236 2568 376 2631 plebi
396 2583 445 2617 a.
466 2583 517 2617 ιι.
545 2582 588 2616 c.
610 2567 765 2633 613.·‚
806 2584 906 2631 quo
936 2572 988 2617 in
1019 2570 1178 2617 tribu-

237 2644 358 2686 natu
377 2635 695 2702 rogationem
714 2637 828 2687 tulit
859 2638 926 2687 ad
958 2637 1177 2703 plebem,

234 2706 490 2756 vellentne
536 2709 713 2768 quaeri
766 2708 828 2757 de
879 2706 939 2756 L.
980 2708 1177 2758 Tubulo

236 2776 517 2839 superioris
558 2778 675 2825 anni
718 2784 985 2840 praetore,
1042 2776 1177 2839 quod

236 2845 585 2905 quaestionem
626 2847 755 2895 inter
790 2846 1002 2895 sicarios
1036 2860 1179 2894 exer·

238 2928 357 2962 cens
376 2914 625 2978 pecunias
644 2916 707 2964 ob
727 2930 833 2963 rem
854 2914 1179 2965 iudicandam

236 2983 487 3045 cepisset,
524 2984 587 3032 de
616 2982 703 3036 fin.
738 2984 801 3047 2,
838 2983 931 3045 16,
970 2983 1056 3034 54.
1110 2983 1175 3032 cl.

236 3052 306 3102 ib.
326 3054 381 3111 4,
404 3051 491 3113 28,
513 3052 595 3101 77.
632 3078 699 3089 --
737 3051 928 3111 Quibus
958 3052 1178 3103 consuli-

238 3122 333 3171 bus
362 3122 593 3170 tribunus
614 3122 683 3185 pl.
705 3121 871 3185 fuerit,
906 3123 1175 3185 quaeritur,

236 3189 304 3237 ad.
322 3190 427 3238 Ait.
452 3191 537 3252 12,
568 3192 619 3251 5,
650 3190 703 3243 3.
728 3210 797 3227 ·-
823 3191 1052 3254 Mimum,
1091 3192 1179 3253 qui

237 3258 294 3310 L.
317 3258 533 3308 Accium
554 3262 757 3324 poetam
795 3260 847 3307 in
878 3267 1059 3309 scaena
1090 3274 1179 3309 no-

238 3328 539 3387 minaverat,
558 3330 854 3378 iniuriarum
876 3330 1178 3379 condemna-

238 3398 340 3461 vit,
372 3398 442 3447 ad
467 3396 585 3448 Her.
606 3398 659 3462 2,
702 3396 784 3458 13,
826 3396 907 3447 19.
950 3424 1017 3433 —
1060 3398 1175 3447 Cos.

239 3480 289 3517 a.
317 3480 369 3514 u.
406 3482 450 3520 c.
484 3466 602 3517 621.
666 3481 781 3515 cum
810 3466 869 3518 L.
904 3466 1179 3531 Calpurnio

1617 1742 1730 1770 cium
1759 1727 2012 1782 pontificem
2039 1730 2242 1776 eontulit.

1599 1833 1640 1873 9.
1671 1831 1724 1882 Q.
1752 1830 1924 1872 Mucius
1955 1831 2005 1882 Q.
2033 1833 2086 1874 F.
2117 1833 2168 1883 Q.
2197 1833 2257 1875 N.

1599 1881 1812 1922 Scaevola
1840 1882 1946 1925 trib.
1975 1882 2038 1936 pl.
2070 1895 2110 1927 a.
2141 1896 2186 1926 ιι.
2217 1898 2254 1927 c.

1627 1936 1718 1973 700.
1749 1945 1892 1986 aug-ur
1920 1946 1960 1974 a.
1990 1946 2035 1975 ιι.
2069 1947 2104 1975 c.
2137 1936 2230 1976 705.

1320 2018 1520 2080 Pisone,
1541 2018 1687 2067 Verr.
1713 2024 1932 2068 accusat.
1955 2020 2006 2078 4,
2028 2016 2112 2077 49,
2133 2017 2255 2085 [108.

1319 2114 1384 2122 —-
1412 2088 1495 2135 Ad
1511 2088 1615 2136 Att.
1643 2086 1697 2146 1,
1716 2084 1796 2144 19,
1819 2088 1870 2139 4.
1894 2112 1960 2119 —-
1980 2085 2034 2139 P.
2060 2086 2259 2137 Mucius

1319 2154 1566 2205 Scaevola
1597 2160 1614 2185 θ
1631 2154 1806 2203 consul
1832 2152 2130 2219 languens’‚
2157 2157 2259 2207 Tu-

1317 2225 1510 2288 scul.4,
1527 2222 1612 2284 23,
1628 2224 1712 2275 51.
1736 2251 1802 2259 -
1824 2224 1880 2273 P.
1896 2224 2091 2275 Mucius
2108 2225 2260 2275 Scae-

1319 2293 1464 2353 vola,
1501 2293 1654 2343 frater
1690 2293 1746 2341 Ρ.
1788 2291 1983 2353 Crassi,
2021 2295 2258 2343 inimicus

1319 2361 1574 2428 Scipionis
1593 2362 1824 2411 Africani
1853 2362 2089 2423 minoriS,
2127 2363 2189 2411 de
2213 2379 2254 2411 r.

1319 2446 1370 2496 p.
1400 2432 1446 2489 1,
1473 2430 1558 2491 19,
1589 2430 1675 2482 31.
1700 2456 1765 2464 ——
1785 2429 1926 2477 Duos
1945 2430 2260 2493 sapientissi-

1317 2515 1428 2550 mos
1487 2508 1536 2547 et
1582 2496 1894 2547 clarissimos
1953 2497 2138 2547 fratres
2197 2500 2255 2549 P.

1319 2568 1556 2619 Crassum
1596 2576 1644 2615 et
1683 2566 1740 2615 P.
1783 2564 2080 2615 Scaevolam
2118 2569 2259 2616 aiunt

1318 2639 1401 2689 Ti.
1429 2636 1654 2687 Graccho
1678 2644 1910 2685 auctores
1942 2636 2112 2702 legum
2135 2636 2259 2686 fuis-

1321 2722 1405 2769 se,
1429 2706 1644 2756 alterum
1663 2742 1678 2767 ,
1708 2714 1761 2755 ut
1784 2704 2042 2767 videmus,
2068 2706 2258 2770 palam,

1321 2776 1534 2827 alterum
1574 2773 1954 2843 (Scaevolam),
1989 2782 2045 2825 ut
2089 2778 2261 2841 suspi-

1321 2853 1516 2908 cantur,
1543 2846 1826 2905 obscurius,
1852 2845 2013 2895 Acad.
2034 2861 2111 2911 pr.
2137 2848 2187 2904 2,
2203 2845 2258 2905 5,

1323 2915 1404 2967 13.
1429 2941 1496 2951 --
1520 2916 1743 2964 Favebat
1762 2915 1840 2963 Ti.
1869 2913 2092 2965 Graccho
2123 2916 2258 2963 eius-

1299 3000 1419 3047 ·que
1458 2982 1696 3047 factioni,
1731 2984 1938 3044 iniquus
1969 2984 2022 3031 in
2050 2982 2104 3029 P.
2141 2982 2260 3032 Cor-

1319 3052 1512 3103 nelium
1555 3052 1854 3117 Scipionem
1893 3050 2130 3099 Nasicam
2168 3048 2260 3100 Se-

1319 3124 1600 3186 rapionem.
1674 3120 1915 3169 Facetum
1956 3119 2108 3167 huius
2145 3118 2260 3169 Sci-

1321 3192 1488 3253 pionis
1509 3190 1560 3237 in
1587 3204 1700 3239 eum
1725 3189 1932 3247 dictum,
1961 3187 2024 3237 de
2051 3196 2176 3239 orat.
2206 3190 2258 3245 2,

1321 3258 1559 3317 70,285.
1599 3284 1668 3295 -—-·
1708 3258 1891 3317 Arma,
1929 3271 2060 3318 quae
2089 3255 2260 3321 priva-

1321 3335 1403 3375 tus
1433 3326 1488 3375 P.
1522 3324 1695 3392 Scipio
1732 3331 2048 3390 sumpserat,
2085 3340 2145 3373 ea
2175 3324 2256 3374 Ti.

1323 3394 1549 3445 Graccho
1587 3397 1890 3457 interempto
1919 3396 2028 3444 iure
2071 3394 2257 3457 optimo

1325 3471 1530 3530 sumpta
1549 3478 1662 3515 esse
1682 3462 1926 3525 defendit,
1947 3477 2038 3528 pro
2053 3462 2260 3514 Plancio
