2500 3850
207 157 338 221 378

617 162 884 213 STRATO
911 181 992 194 --·
1023 160 1216 208 SERV.
1251 155 1609 206 SULPICIUS
1644 152 1898 204 GALBA.

257 326 442 377 ‘Acad.
479 327 612 388 post.
645 320 695 379 1,
735 317 788 381 9,
825 319 911 371 34.
953 316 1020 369 cl.
1052 316 1115 367 de
1133 314 1221 365 fin.
1296 310 1571 375 Sufenas,
1606 309 1977 373 Pompeianus,
2014 310 2086 359 ad
2121 308 2236 364 Att.
2264 312 2321 372 4,

281 398 334 456 5,
366 395 419 458 5,
457 390 542 442 13.
563 416 633 425 —-
649 388 814 453 Negat
838 401 994 453 opera
1013 386 1223 435 deorum

1368 382 1450 444 15,
1478 382 1531 435 4.
1568 379 1639 429 ιι).
1661 379 1714 443 a,
1751 378 1833 443 15,
1866 376 1919 430 3.

282 479 337 514 se
371 463 443 511 uti
472 461 539 510 ad
571 457 921 509 fabricandum
951 454 1222 504 mundum:
1294 467 1461 519 Num,
1497 461 1819 528 Suffuofim‚
1864 465 2323 517 Praenestinarum

283 544 615 595 quaecunque
665 528 794 591 sint,
853 527 999 576 docet
1057 523 1226 573 omnia

283 601 463 651 effecta
495 612 609 648 esse
639 603 836 655 natura,
875 594 1036 643 Acad.
1065 607 1144 657 pr.
1171 590 1223 651 3,

279 669 366 730 38,
392 668 510 722 121.
528 693 595 704 -
617 664 782 714 Strato
803 676 1005 713 omnem
1025 663 1128 712 vim
1148 660 1227 711 di-

1366 536 1578 587 sortium
1622 535 1883 597 inventor,
1942 534 2006 583 de
2048 533 2220 589 divin.
2265 534 2320 597 2,

1300 604 1601 727 8ιι411ιί.85ῑ;.
1623 670 1691 721 L.
1719 667 2017 721 Cornelius
2036 669 2225 722 Sulla.

281 740 455 789 vinam
472 738 525 787 in
543 742 722 785 natura
739 734 887 783 sitam
907 746 1020 782 esse
1038 736 1224 790 censet,
1298 757 1513 821 Sulmo,
1550 757 1798 821 oppidum
1817 757 1870 804 jn
1888 754 2134 819 mugnis,
2159 753 2323 805 hodie

281 823 411 871 quae
453 819 630 855 causas
665 802 914 869 gignendi
929 839 947 865 ,
983 800 1226 865 augendi,

282 876 548 926 minuendi
565 872 768 933 habeat,
791 872 882 921 sed
903 879 1072 920 careat
1089 867 1229 919 omni

1367 827 1679 947 ιιςὲηᾎοπεέα,
1706 824 1775 874 ad
1792 825 1894 873 Att.
1914 823 1965 888 8,
1994 825 2046 884 4,
2074 822 2127 875 3.
2164 824 2243 874 lb.
2264 823 2319 885 8,

1440 934 1453 947 .
1527 930 1561 955 .,
1622 931 1634 943 .

283 959 439 997 sensu
457 951 505 993 et
522 942 704 1008 ἥρω’
726 942 790 991 de
810 955 860 990 ¹²·
884 940 934 990 d·
957 939 1007 1002 ι’
1034 938 1117 1000 ¹3⁹
1139 936 1223 989 35·
1297 961 1583 1032 Sulpicius
1651 972 1896 1028 patronus
1966 960 2021 1014 O.
2099 959 2324 1026 Sulpicii
2361 964 2367 969 “

209 1030 428 1093 Strato,
463 1029 704 1090 medicus,
737 1040 912 1076 servus
941 1025 1005 1076 A.
1031 1022 1228 1087 Rupilii

283 1099 487 1160 medici,
514 1112 608 1161 pro
632 1095 879 1157 Cluentio,
897 1091 984 1152 63,
1010 1091 1126 1142 176.
1151 1091 1222 1140 lb.

281 1170 368 1231 64,
400 1164 519 1216 179.
557 1166 630 1216 lb.
661 1163 747 1224 66,
785 1163 906 1214 187.

212 1251 526 1309 Stratocles
545 1287 562 1316 ,
625 1249 796 1301 rhetor
847 1255 898 1298 et
952 1246 1227 1297 historicus

287 1325 526 1383 Graecus,
560 1321 699 1372 Brut.
724 1319 809 1381 11,
834 1318 920 1368 42.

213 1406 570 1463 Stratonicus
603 1405 883 1468 citharista,
914 1402 978 1453 de
1011 1416 1064 1451 n.
1094 1401 1144 1452 d.
1177 1399 1229 1462 3,

287 1481 371 1541 19,
400 1478 485 1530 50.

215 1548 439 1600 Stratus
457 1582 472 1610 ‚
541 1545 769 1594 Aetoliae
835 1542 1111 1607 oppidum,
1176 1540 1230 1588 in

287 1620 459 1667 Pison.
494 1612 580 1677 37,
613 1613 698 1664 91.

213 1682 441 1737 Strenia
461 1683 573 1742 dea,
605 1682 671 1730 ad
693 1682 796 1731 Att.
821 1679 907 1741 15,
930 1678 1013 1744 26,
1040 1679 1092 1728 4.

217 1754 378 1821 Styx,
407 1753 471 1801 de
487 1766 539 1801 n.
563 1750 612 1799 d.
640 1750 690 1811 3,
715 1750 764 1808 7,
785 1748 871 1799 43.

215 1822 428 1874 Suada.
456 1810 658 1869 Πειθώ
674 1833 827 1882 quam
839 1824 1021 1866 vocant
1033 1814 1229 1875 Graeci,

287 1892 514 1943 Suadam
542 1888 820 1955 appellavit
839 1886 1054 1950 EnniuS,
1089 1885 1228 1937 Brut.

291 1963 376 2025 15,
412 1958 494 2013 59.
515 1985 585 1995 --
604 1959 808 2010 Suadae
836 1955 1112 2006 medullam
1132 1954 1233 2004 En-

286 2033 406 2081 nius
435 2030 570 2079 dixit
601 2027 668 2077 M.
693 2027 993 2092 Cethegum,
1026 2025 1090 2076 de
1115 2037 1224 2073 sen.

185 2213 198 2224 .
221 2167 282 2218 G.
320 2136 632 2217 S’ubernius
663 2163 894 2226 Galenus,
933 2163 999 2212 ad
1029 2161 1152 2211 fam.
1179 2160 1231 2222 9,

221 2304 520 2358 Suburana
556 2302 717 2351 tribus
752 2299 978 2360 urbana,
1017 2299 1082 2349 de
1118 2297 1234 2363 lege

291 2389 399 2440 agr.
433 2374 484 2439 2,
519 2369 605 2436 29,
641 2369 726 2423 79.

221 2443 576 2496 Sucronense
608 2437 918 2507 proelium,
949 2439 1016 2489 ad
1050 2435 1237 2488 Sucro·

293 2529 406 2564 nem
461 2513 670 2563 fluvium
725 2510 1028 2575 Hispaniae,
1083 2505 1238 2557 hodie

295 2583 490 2646 Xucar,
525 2582 852 2631 commissum
882 2580 938 2628 in
967 2577 1100 2628 bello
1121 2575 1239 2631 Ser-

290 2652 487 2700 toriano
521 2664 569 2704 a.
603 2663 658 2702 u.
689 2663 732 2698 c.
765 2647 888 2700 678.
909 2682 924 2708 ,
957 2660 1051 2710 pro
1078 2644 1236 2694 Balbo

288 2719 344 2776 2,
385 2719 436 2769 5.

219 2774 436 2837 Suessa
455 2782 734 2846 Aurunca,
761 2783 1069 2847 Campaniae
1089 2783 1240 2846 oppi-

293 2855 413 2904 dum
431 2889 444 2912 ,
478 2852 608 2901 inter
625 2851 850 2900 Teanum
877 2851 1160 2900 Sidicinum
1193 2858 1242 2900 et

292 2922 592 2984 MinturnaS‚
626 2919 850 2986 Philipp.
870 2919 923 2980 3,
954 2920 1006 2982 4,
1038 2917 1123 2972 10.
1162 2919 1237 2970 lb.

253 2994 258 3000 '
292 2995 344 3053 4,
375 2994 426 3056 2,
460 2994 511 3042 4.
551 2987 627 3042 lb.
655 2987 738 3055 13,
766 2988 819 3052 8,
847 2989 933 3044 18.

227 3060 438 3114 Suessa
487 3056 778 3121 Pometia,
835 3059 959 3109 urbs
1002 3056 1244 3123 opulenta

298 3131 630 3192 Volscorum,
686 3136 837 3194 capta
891 3144 922 3179 a
967 3127 1242 3190 Tarquinio

300 3199 549 3266 Superbo,
581 3201 646 3250 de
672 3215 716 3253 r.
737 3214 794 3265 p.
815 3199 866 3260 2,
896 3199 982 3260 24,
1015 3197 1102 3249 44.

231 3283 297 3336 L.
339 3283 583 3348 Suetius,
622 3288 766 3336 testis
803 3293 977 3336 contra
1012 3284 1241 3342 Verrem,

302 3354 445 3401 Verr.
467 3363 684 3406 accusat.
711 3355 759 3412 1,
785 3354 836 3410 5,
859 3352 939 3402 14.
976 3351 1049 3400 lb.
1076 3353 1128 3412 2,
1157 3350 1239 3414 12,

299 3416 390 3466 31.
428 3419 502 3471 lb.
523 3421 570 3476 5,
601 3421 687 3478 47,
721 3419 837 3469 147.

1370 1034 1601 1099 Olympi,
1648 1033 1798 1085 Verr.
1848 1037 2069 1081 accusat.
2118 1030 2182 1092 1,
2232 1030 2321 1095 48,

1302 1103 1689 1237 C.1S21÷l⁰picius,
1708 1177 1912 1236 praetor
1930 1169 2178 1220 Cicerone
2198 1183 2322 1218 con-

1373 1242 1483 1292 sule
1506 1255 1553 1290 a.
1570 1254 1621 1292 u.
1640 1256 1683 1289 c.
1706 1239 1850 1304 641.,
1871 1240 1923 1287 in
1940 1238 2089 1291 Catil.
2112 1237 2166 1302 3,
2189 1236 2242 1297 3,
2265 1239 2316 1287 7.

1302 1327 1465 1379 Serv.
1483 1321 1769 1392 Sulpicius
1784 1320 2119 1375 Camerinus
2138 1322 2321 1375 consul

1373 1411 1486 1446 cum
1502 1396 1585 1445 Μ’.
1600 1394 1769 1445 Tullio
1787 1394 1963 1460 Longo
1984 1408 2031 1443 a.
2048 1408 2098 1442 ιι.
2116 1408 2161 1443 c.
2176 1392 2319 1449 254..

1370 1466 1512 1515 Brut.
1549 1463 1634 1528 16,
1663 1463 1753 1515 62.
1784 1478 1878 1529 pro
1900 1463 2110 1513 Murena
2144 1464 2196 1526 7,
2234 1461 2314 1514 16.

1303 1548 1369 1600 G.
1410 1544 1695 1616 Sulpicius
1736 1545 1943 1611 Galba,
1986 1544 2098 1596 Ser.
2136 1547 2215 1610 F„
2260 1545 2317 1597 P.

1373 1618 1544 1668 Crassi
1565 1618 1787 1667 Muciani
1817 1630 1990 1682 gener,
2026 1623 2198 1666 orator
2217 1616 2320 1665 Ro-

1371 1702 1571 1751 manus,
1602 1687 1742 1738 Brut.
1771 1685 1859 1749 26,
1894 1684 1980 1736 98.

1302 1756 1371 1809 Ρ.
1396 1752 1744 1823 (Sulpicius)
1757 1752 1997 1817 Galbus,
2017 1754 2177 1813 iudex
2190 1753 2320 1803 reie-

1374 1835 1487 1877 ctus
1530 1840 1561 1875 a
1605 1824 1662 1875 G.
1700 1826 1863 1875 Verre
1905 1839 1953 1877 a.
1999 1839 2054 1872 ιι.
2092 1838 2136 1871 c.
2174 1821 2319 1881 684.,

1374 1898 1521 1947 Verr.
1557 1902 1776 1945 accusat.
1814 1894 1863 1958 1,
1898 1895 1948 1955 7,
1986 1891 2065 1945 18.
2090 1891 2320 1942 —Idem

1374 1967 1579 2017 videtur
1604 1979 1719 2014 esse
1743 1966 1828 2027 qui
1847 1963 1906 2013 P.
1930 1963 2213 2028 Sulpicius,
2246 1958 2321 2010 iu-

1376 2037 1477 2087 dex
1502 2035 1660 2084 tristis
1688 2042 1738 2083 et
1758 2037 1955 2098 integer
1986 2033 2194 2091 dicitur,
2220 2038 2319 2079 act.

1377 2107 1426 2154 in
1450 2104 1665 2154 C-Verr.
1689 2103 1739 2164 1,
1764 2102 1846 2167 10,
1868 2101 2033 2153 3o.--
2057 2103 2117 2151 P.
2142 2099 2319 2162 Galba,

1377 2174 1677 2238 competitor
1695 2172 1954 2223 Ciceronis
1978 2171 2032 2220 in
2053 2168 2321 2219 consulatu

1372 2259 1422 2293 a.
1444 2259 1495 2295 u.
1516 2259 1563 2293 c.
1586 2241 1732 2305 689„
1752 2241 1813 2300 Q.
1838 2239 1944 2292 Cic.
1966 2240 2029 2290 de
2046 2247 2157 2304 pet.
2180 2252 2317 2288 cons.

1376 2314 1427 2374 2,
1460 2313 1510 2362 7.
1541 2339 1603 2348 -
1624 2311 1694 2362 ad
1714 2313 1816 2368 ΑΜ..
1844 2310 1890 2372 1,
1925 2310 1973 2372 1,
2011 2309 2059 2359 1.
2099 2323 2192 2372 pro
2218 2308 2320 2356 Mu·

1374 2397 1497 2432 rena
1516 2381 1567 2444 8,
1606 2380 1691 2433 17.
1725 2381 1782 2428 P.
1806 2374 1985 2442 Galba,
2019 2376 2255 2443 pontifex
2272 2389 2320 2425 a.

1377 2467 1429 2502 u.
1455 2465 1501 2504 c.
1520 2448 1665 2512 697.,
1688 2449 1753 2498 de
1769 2447 1979 2512 harusp.
2000 2461 2137 2511 resp.
2159 2445 2210 2510 6,
2241 2445 2317 2495 12.

1376 2547 1450 2559 -
1470 2519 1646 2577 Galba,
1675 2532 1840 2584 augur
1866 2532 1917 2572 a.
1937 2532 1989 2566 u.
2014 2532 2058 2567 c.
2082 2514 2226 2575 705„
2258 2512 2321 2562 ad

1380 2590 1483 2639 Aa.
1506 2588 1558 2653 9,
1588 2588 1640 2650 9,
1671 2586 1724 2639 3.

1310 2657 1474 2711 Serv.
1493 2648 1777 2723 Sulpicius
1804 2652 2009 2716 Galba,
2041 2659 2245 2717 praetor
2272 2665 2317 2701 a.

1378 2745 1433 2779 u.
1454 2743 1501 2777 c.
1533 2726 1677 2790 603„
1710 2723 1886 2774 consul
1904 2738 1952 2772 a.
1973 2738 2025 2774 u.
2048 2737 2090 2771 c.
2110 2718 2230 2772 610.
2254 2746 2321 2754 -

1378 2797 1594 2847 Div1nus
1631 2793 1783 2844 homo
1814 2793 1867 2842 in
1898 2791 2143 2849 dicendo,
2181 2789 2319 2839 rudis

1380 2867 1433 2915 in
1463 2866 1574 2914 iure
1602 2862 1762 2923 civili,
1793 2862 1857 2912 de
1878 2868 2002 2911 orat.
2035 2860 2083 2925 1,
2121 2858 2203 2921 10,
2236 2856 2317 2908 39.

1380 2961 1451 2971 --
1479 2933 1696 2983 Dicendi
1734 2931 1898 2998 gloria
1934 2929 2205 2996 praestitit,
2245 2927 2317 2978 lb.

1386 3005 1433 3069 1,
1469 2999 1552 3064 13,
1585 3001 1670 3053 58.
1690 3029 1763 3040 -
1780 3001 1839 3050 Iu
1866 2999 2083 3050 dicendo
2109 2995 2320 3046 atrocior

1388 3073 1653 3135 acriorque
1688 3069 1898 3129 Laelio,
1946 3067 2125 3133 lepida
2159 3065 2222 3116 de
2260 3078 2316 3112 eo

1384 3141 1625 3202 narratio,
1645 3139 1790 3191 Brut.
1818 3139 1905 3199 22,
1922 3135 2016 3190 86.
2058 3135 2127 3184 cl.
2148 3135 2216 3184 ib.
2237 3130 2316 3194 23,

1383 3210 1470 3263 89.
1490 3235 1559 3247 -
1580 3209 1811 3259 Lusitani
1831 3207 1894 3256 ab
1916 3222 1976 3256 eo
1996 3209 2319 3270 propraetore

1386 3297 1434 3331 a.
1463 3295 1516 3332 u.
1549 3294 1594 3327 c.
1619 3277 1741 3329 605.
1772 3284 1945 3327 contra
1973 3271 2318 3338 interpositam

1383 3349 1535 3398 fidem
1560 3346 1829 3403 interfecti,
1862 3351 2131 3393 accusatus
2152 3341 2268 3391 ideo
2290 3351 2319 3386 a

1384 3417 1443 3465 L.
1460 3414 1723 3464 Scribonio
1736 3414 1947 3472 Libone,
1961 3410 2082 3460 trib.
2094 3407 2170 3474 pl.
2182 3406 2315 3458 Brut.
