2500 3850
793 184 854 229 T.
887 183 1273 248 POMPONIUS
1310 184 1623 233 Arrlons.
2122 172 2241 233 315

241 336 657 406 Pomponianua
679 336 916 389 Atticus.
939 368 1008 379 —-
1037 341 1173 389 Atti—

238 424 350 469 cae,
391 410 479 471 qui
496 408 748 459 LXXVII.
779 423 936 457 annos
956 409 1173 473 eomple-

240 479 382 527 vitet
405 486 628 528 mortuus
664 485 740 526 est
763 476 852 528 Cn.
875 478 1093 527 Domitio
1125 485 1173 527 et

243 547 298 599 C.
324 546 496 596 Cassio
523 547 814 596 consulibus
834 562 879 599 a.
910 562 963 595 u.
985 563 1028 595 c.
1048 546 1166 596 722.

239 623 386 665 natus
413 624 488 666 est
505 632 550 665 a.
567 632 616 664 u.
633 632 676 671 c.
699 615 818 666 645.
835 644 899 651 --
920 616 1043 666 Eius
1065 630 1172 665 ma·-

237 692 331 744 ter‚
369 686 432 734 ad
461 687 564 737 Att.
590 685 640 744 1,
663 686 710 735 7.
770 685 840 733 11).
866 687 915 745 2,
943 684 994 745 3,
1017 683 1064 734 3.
1101 705 1168 717 —

237 754 494 803 Eiusavia
517 756 745 813 moritur,
773 754 847 803 11).
872 754 921 812 1,
950 754 1000 812 3,
1025 754 1072 805 1.
1102 778 1174 791 --

235 822 359 871 Eius
403 838 532 871 uxor
573 823 720 872 Pilia.
776 823 840 875 V.
881 791 1049 872 Pili'a.
1105 850 1170 859 —

235 891 358 939 Eius
378 890 482 939 filia
503 892 747 951 Caecilia,
779 906 870 955 per
893 893 1059 941 iocum
1079 892 1170 941 At-

235 960 354 1009 tica.
403 960 465 1007 V.
511 950 717 1013 Attica.
761 988 826 995 —-
865 960 988 1009 Eius
1029 976 1172 1011 soror

235 1029 528 1092 Pomponia.
601 1030 665 1083 V.
711 1027 1041 1095 Pomponia.
1103 1058 1168 1067 -—

235 1098 360 1147 Eius
387 1098 666 1148 avunculus
700 1098 756 1157 Q.
787 1096 1050 1149 Caecilius.
1099 1100 1162 1147 V.

237 1165 306 1231 Q.
331 1164 625 1218 Caecilius.
659 1196 732 1205 —-
751 1168 872 1218 Eius
907 1170 1167 1235 negotium

234 1252 346 1284 cum
375 1236 614 1299 Acutilio,
641 1238 705 1289 ad
723 1237 824 1290 Att.
853 1238 898 1300 1,
925 1240 976 1298 4,
1012 1240 1057 1290 1.
1093 1240 1164 1287 11).

231 1306 284 1365 4,
305 1306 354 1367 5,
377 1308 428 1360 4.
467 1306 518 1367 8,
548 1308 595 1360 1.
618 1334 685 1344 --
723 1306 846 1356 Cum
873 1308 1053 1367 Tadio,
1089 1307 1162 1355 11).

236 1374 296 1433 1,
328 1376 378 1434 5,
409 1374 460 1427 6.
513 1376 571 1436 8,
605 1377 651 1425 l:
693 1402 760 1412 —
809 1377 933 1425 Eius
979 1378 1165 1439 emptio

233 1442 513 1505 Epirotica,
549 1444 625 1497 ib
666 1444 727 1503 1,
753 1446 803 1502 5,
841 1446 982 1497 7.-
1013 1444 1167 1493 Vole-

233 1511 319 1559 bat
354 1512 560 1561 domurn
597 1513 920 1562 Rabirianam
956 1511 1168 1577 Neapoli

236 1596 431 1643 emere,
475 1581 546 1629 lb.
583 1581 631 1641 1,
669 1582 718 1647 6,
763 1582 809 1633 1.
837 1608 906 1619 --
930 1581 988 1630 Ei
1013 1582 1166 1630 iratus

233 1657 312 1698 est
338 1650 584 1714 LuceiuS,
617 1618 697 1703 11).
729 1650 786 1709 1,
824 1650 884 1710 3,
917 1648 968 1703 3.
1019 1650 1088 1698 11).
1116 1650 1164 1712 1,

231 1716 282 1781 3,
314 1718 362 1768 5.
422 1718 714 1782 11).1,8,1.
772 1687 824 1781 ⁹1,
861 1687 1025 1781 10,2.
1084 1718 1160 1770 11).

234 1787 282 1847 l,
318 1788 398 1845 11,
436 1787 482 1839 1.
542 1788 616 1837 11).
647 1788 693 1847 1,
725 1789 812 1847 14,
841 1790 888 1837 7.
930 1815 998 1823 —
1040 1788 1165 1836 Eius

229 1858 490 1921 negotium
525 1858 901 1907 commendatur
921 1856 974 1906 C.
1005 1857 1164 1905 Anto-

229 1927 342 1988 nin,
376 1927 444 1976 ad
469 1925 589 1979 fam.
616 1927 668 1989 5,
689 1928 738 1978 5.
767 1955 832 1962 —
873 1925 1072 1992 Cogitat
1099 1926 1165 1975 ad

231 1993 285 2046 C.
329 1996 602 2044 Antonium
646 1997 699 2043 in
733 1995 1082 2046 Macedoniam
1117 2002 1166 2044 et

227 2065 278 2111 in
310 2064 517 2128 Epirum
557 2064 842 2128 proficisci,
871 2065 940 2114 ad
963 2065 1064 2114 Att.
1114 2065 1161 2122 1,

228 2127 388 2197 13,1.
427 2159 497 2170 -
524 2134 650 2183 Eius
681 2133 926 2198 epistolae
955 2133 1163 2183 laudan·

225 2210 334 2260 tur,
361 2202 431 2250 11).
469 2203 517 2265 1,
544 2201 698 2262 13,1.
721 2229 786 2238 ——
815 2200 1004 2253 Suadet
1025 2203 1164 2252 Cice-

226 2271 373 2329 roni,
411 2279 487 2318 ut
499 2272 713 2320 orationi
747 2271 948 2321 cuidam
977 2272 1159 2320 Miseni

225 2346 276 2386 et
318 2338 641 2388 Puteolorum
686 2336 1032 2388 τοποθεσίαν
1081 2341 1158 2387 in-

227 2408 426 2467 cludat,
470 2408 545 2456 lb.
570 2408 596 2457 1
616 2443 630 2471 ,
662 2406 743 2469 13,
772 2409 820 2457 5.
859 2435 924 2444 --
966 2408 1160 2456 Dicitur

225 2475 550 2528 Aristarchus
574 2478 855 2526 orationum
882 2475 1158 2538 CiceroniS,

225 2546 299 2593 lb.
327 2544 374 2604 1,
399 2544 481 2606 14,
513 2545 566 2597 3.
604 2572 670 2580 -
703 2543 814 2593 Non
837 2544 1074 2594 vulteum
1099 2545 1157 2603 Q.

224 2613 467 2663 Cicerone
486 2615 537 2662 in
561 2613 738 2663 Asiam
768 2615 865 2676 ire,
908 2615 980 2664 lb.
1009 2614 1053 2672 1,
1077 2613 1158 2674 16,

225 2683 312 2732 14.
365 2709 432 2718 -
469 2683 850 2750 Epigrammata
873 2683 927 2732 in
956 2683 1160 2732 laudem

221 2751 482 2802 Ciceronis
503 2753 645 2817 ponit
673 2752 726 2800 in
749 2751 1016 2801 Amaltheo
1031 2790 1044 2814 ,
1081 2752 1156 2799 lb.

225 2820 274 2874 1,
308 2818 387 2877 16,
420 2821 501 2872 15.
548 2848 618 2858 -
657 2821 718 2870 Id
735 2819 1055 2870 Amaltheum
1079 2818 1158 2869 Ci-

223 2902 338 2936 cero
367 2897 528 2954 rogat.
553 2896 608 2938 ut
627 2890 826 2938 Atticus
847 2890 944 2939 sibi
969 2890 1158 2940 descri-

220 2958 345 3016 bat,
391 2957 462 3006 Ib.
515 2985 582 2992 —
633 2959 893 3009 Adversus
942 2975 1056 3008 eum
1093 2958 1154 3017 Q.

223 3025 480 3077 Ciceronis
519 3027 720 3078 animus
764 3027 1030 3092 offensior,
1080 3027 1154 3076 11).

222 3095 270 3158 1,
301 3095 382 3160 17,
418 3095 461 3144 1.
497 3093 582 3156 20,
609 3097 654 3148 l.
678 3125 745 3136 --
773 3097 897 3146 Eius
923 3097 1170 3163 ingenui-‚

214 3169 298 3212 tas
322 3171 369 3213 et
399 3166 695 3229 magnitudo
719 3166 877 3215 animi
907 3173 1158 3215 caeterae—

220 3247 320 3294 que
365 3235 576 3282 virtutes
627 3235 813 3284 eximie
867 3234 1155 3299 laudantur,

219 3301 296 3350 11).
356 3326 404 3338 —-
457 3303 582 3352 Eius
622 3303 884 3368 negotium
917 3319 1032 3353 cum
1075 3301 1154 3352 Si-

220 3371 416 3435 cyoniis
473 3373 536 3422 de
596 3370 858 3420 exactione
909 3371 1156 3436 pecuniae

219 3437 513 3504 vectigalis,
555 3441 629 3488 11).
668 3440 728 3501 1,
767 3440 864 3502 19,
906 3441 952 3490 1.
989 3466 1059 3478 --
1095 3440 1154 3488 Ei

1313 342 1465 391 mittit
1484 342 1656 393 Cicero
1681 340 2101 391 Commentaiium
2124 356 2241 391 con-

1313 411 1509 460 sulatus
1546 411 1626 460 sui
1651 425 1681 458 a
1706 426 1762 459 se
1784 410 1968 460 Graece
1989 412 2242 475 composi-

1312 487 1437 538 tum,
1462 480 1535 530 11).
1565 478 1810 542 1,19,10.
1852 479 2063 540 cl.ib.1‚
2084 480 2168 543 20,
2190 480 2241 530 6.

1311 549 1385 601 11).
1410 550 1462 607 2,
1491 549 1611 610 1,1.
1638 575 1703 583 —
1738 546 1963 597 Similem
1994 564 2242 598 commen-

1311 619 1497 667 tarium
1540 632 1571 667 a
1596 632 1655 667 se
1681 619 1921 683 scriptum
1943 619 2143 667 Atticus
2164 618 2244 667 Ci-

1313 687 1484 737 ceroni
1521 688 1696 747 mittit,
1730 688 1802 737 11).
1836 689 1887 751 2,
1911 689 1957 745 1,
1983 686 2242 737 l.-Ora-

1311 757 1474 807 tiones
1514 758 1811 821 praesertim
1848 756 2139 807 consulares
2165 756 2244 805 Ci-

1311 841 1425 876 cero
1452 827 1497 875 ei
1517 841 1573 875 se
1598 826 1868 876 missurum
1893 827 2128 887 ostendit,
2168 827 2241 875 11).

1311 898 1361 959 2,
1402 895 1448 954 1,
1484 895 1531 945 3.
1570 921 1641 931 -—
1676 896 1871 945 Atticus
1910 894 2243 945 fenestrarum

1310 965 1575 1029 angustias
1619 966 1671 1013 in
1708 964 1831 1013 villa
1871 962 2128 1013 Ciceronis
2164 980 2242 1012 re-

1309 1033 1595 1098 prehendit,
1628 1034 1700 1086 Ib.
1732 1036 1785 1095 2,
1813 1032 1863 1097 3,
1889 1035 1940 1085 2.
1972 1060 2039 1069 —-
2072 1033 2242 1082 Testa-

1308 1110 1475 1151 mento
1496 1101 1730 1151 avunculi
1750 1100 1954 1151 Caecilii
1973 1103 2243 1167 adoptatur

1309 1180 1355 1221 et
1373 1170 1521 1221 heres
1542 1171 1597 1220 fit
1616 1187 1680 1220 ex
1701 1171 1961 1232 dodrante,
1988 1172 2064 1225 Ib.
2085 1171 2133 1230 3,
2156 1171 2239 1231 20,

1308 1241 1356 1290 1.
1390 1266 1456 1276 -
1493 1242 1583 1289 Est
1614 1249 1791 1289 natura
1825 1232 2133 1301 πολιτικός,
2166 1241 2239 1289 11).

1304 1311 1357 1368 4,
1376 1308 1427 1367 6,
1458 1310 1503 1358 1.
1527 1334 1593 1345 -—-
1613 1309 1892 1358 Plurimum
1928 1322 2139 1373 operae,
2166 1310 2241 1358 di-

1308 1378 1566 1441 ligentiae,
1584 1378 1776 1426 laboris
1796 1379 1862 1426 ad
1882 1377 2241 1428 conficiendum

1311 1445 1567 1496 Ciceronis
1588 1445 1805 1495 reditum
1832 1446 1895 1495 ab
1919 1445 2098 1495 exsilio
2124 1460 2242 1496 con-

1308 1515 1423 1573 fert,
1448 1514 1587 1573 lb.4,
1623 1513 1669 1578 1,
1695 1515 1743 1564 1.
1786 1540 1854 1551 --
1879 1515 2001 1563 Eius
2036 1516 2242 1578 nuptiae

1306 1597 1421 1631 cum
1433 1581 1563 1631 Pilia
1590 1584 1757 1647 pridie
1776 1584 1851 1632 Id.
1882 1584 2023 1633 Febr.
2046 1598 2094 1632 a.
2122 1599 2169 1632 n.
2195 1600 2241 1634 c.

1306 1650 1427 1703 698.
1448 1688 1462 1712 ,
1490 1651 1557 1701 ad
1570 1650 1625 1709 Q.
1652 1651 1787 1711 fr.2‚
1807 1651 1857 1713 3,
1885 1655 1931 1702 7.
1968 1681 2029 1689 --
2070 1652 2242 1703 Voluit

1309 1722 1513 1771 domum
1535 1721 1675 1769 Antii
1705 1720 1782 1770 vel
1820 1722 1871 1770 in
1904 1736 2026 1786 agro
2047 1722 2241 1770 Antiati

1307 1806 1471 1839 emere
1488 1826 1502 1849 ,
1534 1790 1602 1839 ad
1623 1790 1725 1839 Att.
1760 1794 1810 1850 4,
1831 1791 1881 1853 8,
1906 1791 1953 1840 1.
1994 1818 2063 1827 -
2091 1790 2239 1839 Domi

1304 1858 1459 1907 habet
1518 1859 1805 1909 sedeculam
1870 1861 1963 1909 sub
2018 1860 2238 1923 imagine

1303 1929 1587 1978 Aristotelis
1606 1965 1621 1993 ,
1646 1929 1717 1977 11).
1741 1931 1805 1992 4,
1829 1929 1924 1994 10,
1949 1930 1997 1978 1.
2019 1956 2089 1966 —
2116 1929 2239 1978 Eius

1306 2000 1401 2046 iter
1420 1997 1732 2062 Asiaticum,
1770 1999 1841 2047 11).
1868 2001 1920 2062 4,
1965 1998 2045 2062 15,
2082 1999 2131 2048 2.
2168 2024 2239 2033 -

1302 2065 1641 2116 Proficiscitur
1661 2067 1711 2115 in
1724 2067 1954 2132 Epirum,
1986 2067 2058 2116 11).
2079 2068 2128 2131 4,
2154 2065 2235 2128 16,

1310 2136 1358 2185 1.
1378 2161 1448 2170 —-·-
1480 2137 1535 2185 In
1558 2137 1734 2184 Asiam
1761 2136 1859 2184 sibi
1884 2136 2104 2185 eundum
2125 2150 2237 2184 esse

1303 2204 1503 2269 scribit,
1532 2205 1601 2255 11).
1624 2206 1687 2269 4,
1712 2203 1802 2269 16,
1842 2205 1926 2256 15.
1946 2231 2015 2242 --
2034 2202 2235 2268 Epheso

1306 2273 1497 2323 litteras
1526 2273 1613 2322 dat
1642 2274 1707 2324 ad
1732 2272 2048 2339 Ciceronem,
2086 2274 2159 2322 11).
2183 2275 2235 2336 4,

1303 2343 1387 2405 17,
1408 2341 1458 2390 3.
1484 2369 1548 2377 ——
1575 2342 1629 2390 In
1653 2341 1851 2392 Italiam
1872 2345 2031 2406 redit,
2054 2345 2237 2390 iterum

1300 2409 1551 2475 proficisci
1585 2412 1772 2475 cogitat
1804 2413 1855 2459 in
1876 2413 2085 2476 Epirum
2104 2446 2119 2474 ,
2156 2411 2231 2462 11).

1296 2479 1347 2542 5,
1373 2479 1423 2542 2,
1444 2477 1494 2528 3.
1526 2504 1594 2514 —
1617 2478 1855 2542 Diligitur
1874 2480 1936 2528 ab
1960 2479 2235 2528 Athenien-

1298 2547 1460 2610 sibuS,
1494 2548 1569 2596 ΙΙ).
1604 2547 1655 2611 5,
1684 2547 1766 2610 10,
1792 2547 1839 2597 1.
1882 2573 1951 2600 ·-,-
1982 2549 2043 2596 Εἰ
2078 2547 2235 2597 filiola

1298 2611 1634 2679 iucunda’est,
1661 2616 1730 2668 11).
1752 2617 1803 2681 5,
1827 2614 1909 2680 19,
1932 2618 1982 2668 2.
2016 2617 2093 2666 11).
2109 2618 2159 2680 7,
2181 2619 2232 2678 2,

1299 2687 1352 2737 4.
1380 2711 1446 2720 -
1472 2687 1529 2734 In
1547 2684 1758 2749 Epirum
1781 2687 1947 2749 venit,
1982 2685 2054 2734 11).
2075 2686 2125 2749 5,
2148 2686 2233 2747 21,

1301 2754 1349 2803 1.
1375 2778 1445 2788 -
1472 2753 1718 2818 Corcyrae
1749 2753 1863 2820 fuit,
1889 2756 1957 2804 11).
1982 2753 2035 2818 6,
2070 2755 2121 2818 2,
2150 2753 2230 2804 10.

1297 2849 1361 2857 -
1383 2822 1703 2873 Frumentum
1726 2823 1917 2888 populo
1939 2821 2233 2874 Atheniensi

1298 2891 1537 2955 largitur,
1577 2892 1648 2942 lb.
1672 2891 1735 2953 6,
1756 2891 1819 2952 6,
1838 2893 1891 2942 2.
1925 2920 1990 2929 -
2020 2893 2233 2942 Romam

1298 2959 1456 3026 redit,
1497 2961 1571 3013 Ib.
1596 2960 1659 3021 6,
1681 2964 1713 3012 5
1736 2998 1749 3021 ,
1771 2962 1821 3011 1.
1850 2988 1913 2998 -—
1946 2961 2010 3010 Et
2030 2961 2235 3022 quidem

1295 3044 1411 3078 cnm
1442 3029 1599 3090 febri,
1632 3031 1706 3083 lb.
1730 3029 1793 3090 6,
1826 3029 1886 3087 9,
1921 3029 1967 3078 1.
2007 3053 2075 3064 --
2110 3029 2233 3077 Eius

1297 3097 1516 3148 adversa
1534 3098 1790 3159 valetud0‚
1827 3097 1901 3150 11).
1924 3099 1974 3156 7,
1997 3097 2047 3156 2,
2068 3097 2117 3144 2.
2156 3097 2229 3144 lb.

1297 3167 1327 3215 7
1343 3203 1358 3227 ,
1378 3167 1411 3216 5
1428 3203 1441 3226 ,
1464 3167 1510 3218 1.
1530 3193 1603 3203 -
1620 3167 1744 3216 Eius
1761 3165 2029 3230 praedium
2048 3165 2230 3214 Lucre-

1298 3235 1487 3298 tinum,
1522 3236 1595 3284 Ib.
1618 3237 1667 3299 7,
1692 3235 1834 3293 11,1.
1857 3261 1926 3270 -
1954 3233 2126 3298 Exigit
2145 3249 2230 3298 pe·-

1298 3303 1495 3352 cuniam
1528 3317 1558 3352 a
1589 3304 1647 3362 Q.
1682 3302 1921 3354 Cicerone
1956 3303 2054 3352 sibi
2091 3303 2229 3352 debi-

1297 3379 1425 3434 tam,
1468 3373 1541 3420 Ib.
1562 3373 1611 3432 7,
1639 3371 1719 3429 18,
1736 3375 1791 3426 4.
1825 3398 1892 3408 -
1920 3371 1968 3420 A
1987 3380 2232 3434 quartana

1297 3439 1427 3489 febri
1459 3442 1791 3502 convalescit,
1832 3441 1902 3489 lb.
1922 3441 1986 3501 8,
2013 3441 2063 3500 6,
2082 3440 2134 3491 3.
2162 3465 2232 3478 -·
