2500 3850
255 177 376 239 290

251 341 629 409 Philargyrus
650 378 663 405 ,
687 345 747 391 A.
769 342 1009 405 Torquati
1029 343 1258 407 libertus,

323 416 389 463 ad
409 413 529 462 fam.
551 410 672 473 6,1,
702 411 753 461 6.

250 480 627 548 Philargyrus
680 481 836 531 Attici
863 517 875 538 ‚
934 482 999 531 ad
1051 484 1157 536 Att.
1206 481 1258 545 9,

256 612 691 684 Φιλέλληνες,
740 618 1045 669 Graecorum
1086 634 1260 669 aman-

318 698 420 749 teS‚
444 690 509 738 ad
534 691 636 739 Att.
663 688 711 748 1,
737 686 821 749 15,
850 688 915 740 1.·

250 758 513 809 Phileros
568 770 749 807 nomen
816 758 987 819 servi,
1054 756 1254 809 Cornel.

320 830 467 893 prim.
496 825 677 890 fragm.
698 824 782 875 20.
806 841 856 891 p.
878 826 1001 875 212.

249 894 513 947 Phileros
556 894 871 957 tabellariae,
922 895 988 944 ad
1032 895 1149 945 fam.
1204 894 1258 957 9,

250 1031 540 1095 Philinus,
568 1033 879 1082 Herbitensis
898 1070 912 1097 ,
943 1034 1088 1081 testis
1120 1032 1171 1078 in
1199 1028 1256 1081 G.

319 1105 554 1161 Verrem,
575 1104 721 1152 Verr.
744 1107 966 1151 accusat.
990 1098 1039 1160 3,
1060 1098 1143 1163 34,
1167 1095 1251 1150 80.

250 1168 530 1233 Philinus,
551 1184 726 1220 servus
743 1168 811 1219 M.
836 1168 1007 1230 Tullii,
1028 1182 1119 1233 pro
1136 1166 1257 1215 Tul·

321 1242 389 1289 lio
412 1242 459 1303 5..
487 1238 552 1290 19
572 1246 621 1289 et
640 1242 723 1290 22.

254 1305 707 1373 Φιλιππίζειν,
763 1307 1002 1371 Philippo
1061 1305 1253 1365 favere,

324 1378 386 1427 de
409 1379 567 1427 divin.
602 1378 652 1438 2,
678 1378 763 1439 87,
790 1376 904 1427 118.

250 1444 547 1513 Philippus
568 1446 875 1510 Macedm-
896 1444 1159 1509 Philippus
1177 1458 1258 1491 re-

320 1518 413 1566 bus
448 1517 607 1580 gestis
644 1522 691 1563 et
724 1514 885 1579 gloria
918 1520 1189 1577 superatus
1224 1526 1258 1559 a

320 1584 454 1643 filio,
476 1583 721 1631 facilitate
752 1590 801 1631 et
830 1582 1142 1631 humanitate
1172 1596 1254 1629 su-

318 1654 487 1715 perior
520 1651 631 1701 fuit.
684 1652 855 1712 ltaque
894 1650 1021 1700 alter
1052 1663 1256 1713 semper

318 1733 561 1783 magnus,
585 1717 710 1767 alter
730 1734 884 1782 saepe
906 1719 1253 1781 turpissimuS,

323 1789 385 1837 de
419 1786 504 1836 off.
545 1788 570 1837 1
591 1823 605 1846 ,
636 1786 732 1845 26,
769 1787 854 1838 90.
879 1785 1251 1849 —Philippus,

324 1856 731 1919 sapientissimus
768 1870 887 1918 rex,
932 1849 1253 1904 Aristotelem

318 1926 609 1976 Alexandro
632 1925 737 1974 filio
770 1925 1023 1974 doctorem
1056 1923 1253 1983 accivit,

321 1997 385 2046 de
402 2004 523 2049 orat.
546 1995 597 2058 3,
618 1993 701 2056 35,
731 1994 846 2045 141.
865 2023 934 2033 —-
953 1995 1128 2044 Exstat
1148 1995 1256 2042 eius

320 2065 535 2130 epistola
572 2065 639 2114 ad.
687 2064 1033 2113 Alexandrum
1076 2063 1254 2126 filium,

320 2149 418 2196 qua
437 2133 702 2198 praecipit,
718 2140 773 2180 ut
791 2134 1015 2182 oratione
1033 2133 1256 2195 benigna

318 2200 655 2251 multitudinis
696 2201 891 2250 animos
931 2201 996 2250 ad
1031 2200 1256 2250 benevo-

319 2269 523 2319 lentiam
543 2268 773 2331 adliciat,
797 2269 859 2318 de
882 2267 966 2321 off.
984 2269 1035 2330 2,
1060 2268 1140 2326 14,
1164 2269 1249 2320 48.

318 2337 588 2404 Philippus
631 2337 889 2404 praeclare
935 2339 985 2386 in
1036 2337 1254 2401 epistola

322 2409 539 2471 quadam
566 2407 913 2458 Alexandrum
929 2406 1088 2456 filium
1108 2421 1256 2455 accu-

321 2486 427 2538 sat,
475 2477 613 2540 quod
645 2476 911 2543 largitione
951 2475 1253 2525 benevolen-

319 2548 443 2596 tiam
468 2547 800 2596 Macedonum
821 2551 1150 2608 consectetur,
1173 2545 1249 2594 Ib.

321 2616 381 2672 2,
407 2615 497 2674 15,
518 2615 602 2666 53.
627 2643 692 2651 —
719 2614 1112 2664 Lacedaemonii
1140 2611 1252 2665 Phi-

320 2682 463 2746 lippo
525 2683 787 2731 minitante
846 2698 935 2745 per
989 2681 1179 2730 litteras
1199 2696 1253 2730 se

324 2751 520 2807 omnia,
558 2765 686 2813 quae
716 2757 1043 2812 conarentur,
1078 2749 1252 2814 prohi-

318 2816 567 2881 biturum,
626 2820 981 2880 quaesiverunt
1026 2833 1144 2866 num
1197 2834 1252 2867 se

322 2893 453 2934 esset
506 2887 656 2934 etiam
705 2888 835 2934 mori
890 2885 1250 2950 prohibituruS,

322 2953 527 3003 Tuscul.
555 2955 586 3004 5
604 2992 617 3014 ,
653 2955 744 3018 14,
774 2956 860 3004 42.
885 2981 955 2989 —-
982 2953 1250 3018 Philippus

322 3025 491 3073 omnia
532 3023 737 3074 castella
778 3025 1058 3088 expugnari
1097 3038 1251 3087 posse

322 3092 545 3153 dicebat,
593 3094 643 3142 in
689 3107 815 3154 quae
862 3094 1011 3140 modo
1062 3091 1249 3142 asellus

322 3169 531 3210 onustus
577 3177 699 3212 auro
743 3169 917 3224 posset
958 3162 1247 3221 ascendere,

321 3229 386 3278 ad
407 3230 511 3279 Att.
541 3230 565 3278 1
584 3266 597 3289 ,
623 3229 717 3289 16,
748 3230 827 3279 12.
852 3257 917 3265 --
938 3228 1063 3279 Cum
1080 3230 1249 3280 Persis

322 3303 371 3346 et
409 3297 701 3360 Philippus,
756 3299 841 3360 qui
888 3290 1157 3364 cogitarit,
1200 3307 1249 3348 et

318 3364 608 3412 Alexander
621 3402 636 3425 ,
656 3367 755 3428 ·qui
778 3369 965 3432 gessit,
994 3368 1127 3417 hanc
1143 3369 1247 3417 bel-

317 3428 458 3480 landi
476 3447 679 3482 causam
698 3435 968 3495 inferebat,
991 3436 1126 3498 quod
1143 3435 1249 3485 vel-

792 186 1276 235 PHILARGYRUS
1296 210 1380 221 -·-
1408 186 1792 237 PHILISGUS.

1399 344 1467 393 let
1487 342 1728 393 Graeciae
1744 342 1864 393 fana
1883 344 2116 407 poenire,
2138 345 2204 394 de
2223 360 2264 405 r.
2285 362 2337 410 p.

1400 414 1430 465 3
1448 451 1461 474 ,
1498 413 1532 462 9
1554 449 1568 475 ,
1607 411 1692 464 15.
1717 438 1785 450 —
1805 412 2072 477 Philippus
2103 412 2340 478 Pythiam

1401 482 1652 545 corrupit,
1685 481 1816 530 unde
1841 496 1953 530 eam
1987 480 2342 543 φιλιππίζειν

1401 550 1764 601 Demosthenes
1805 551 2028 609 dicebat,
2070 550 2135 599 de
2178 552 2334 602 divin.

1399 622 1449 683 2,
1469 619 1558 679 57,
1583 619 1699 669 118.
1719 645 1792 657 -
1807 617 2076 669 Graculum
2097 621 2145 669 ei
2166 620 2342 670 datum

1401 703 1432 736 a
1451 688 1742 751 Trophonio
1760 724 1774 747 ,
1807 689 1870 738 de
1887 687 1993 737 fato
2020 688 2081 748 3,
2117 690 2168 738 5.
2211 698 2337 740 orat.

1398 757 1490 819 52,
1528 756 1644 808 176.
1682 757 1746 806 de
1776 764 1879 821 opt.
1908 770 2028 821 gen.
2059 771 2132 807 or.
2155 760 2218 819 7,
2252 759 2337 807 22.

1397 850 1466 861 -—
1493 824 1832 875 Laudationes
1860 824 2089 890 Philippi
2119 841 2150 877 a
2170 827 2340 876 rheto—
2365 872 2370 877 .

1397 895 1539 945 ribus
1569 896 1914 959 conscriptae,
1951 895 2018 944 de
2044 894 2130 943 fin.
2160 898 2221 957 2,
2253 893 2340 952 35,

1328 1028 1626 1096 Philippus
1647 1047 1735 1081 rex
1750 1032 2094 1093 Macedoniae,
2119 1046 2340 1093 quocum

1400 1100 1584 1151 bellum
1599 1100 1974 1151 Macedonicum
1987 1100 2209 1164 primum
2221 1100 2340 1150 inde

1397 1170 1460 1219 ab
1497 1167 1543 1217 a.
1585 1185 1636 1217 u.
1673 1185 1717 1218 c.
1749 1169 1870 1219 554.
1907 1176 2107 1233 gestum
2141 1177 2238 1219 est.
2273 1196 2339 1204 —

1395 1240 1609 1301 Propter
1631 1238 1825 1299 socioe,
1857 1238 1994 1289 nulla
2015 1239 2116 1303 ipsi
2151 1240 2338 1289 iniuria

1397 1307 1617 1357 lacessiti
1656 1306 1872 1355 Romani
1908 1322 2023 1355 cum
2063 1307 2336 1367 Antioche,

1397 1391 1512 1427 cum
1528 1374 1764 1439 Philippo
1783 1412 1798 1435 ‚
1833 1391 1945 1425 cum
1965 1376 2190 1437 Aetolis,
2225 1392 2338 1425 cum

1393 1444 1580 1496 Poenis
1612 1444 1744 1493 bella
1781 1452 2076 1509 gesserunt,
2109 1445 2174 1493 de
2207 1444 2333 1509 imp.

1399 1513 1489 1567 Gn.
1517 1514 1695 1577 Pomp.
1727 1512 1791 1577 6,
1836 1513 1914 1563 14.
1945 1540 2014 1549 -
2045 1512 2334 1578 PhilippuS,

1393 1597 1485 1633 rex
1515 1582 1870 1641 Macedoniae,
1903 1597 1932 1631 a
1957 1581 2016 1629 T.
2049 1581 2336 1631 Flaminino

1395 1652 1660 1712 subactus,
1703 1651 1852 1705 verr,
1884 1659 2109 1710 accusat.
2153 1650 2213 1714 l,
2251 1653 2337 1710 21,

1395 1720 1482 1771 55.
1547 1746 1615 1755 -
1679 1718 2039 1769 Deliberabant
2104 1718 2335 1771 rhetores

1394 1799 1560 1837 utrum
1599 1790 1849 1837 exercitus
1889 1789 1942 1837 iu
1985 1788 2339 1839 Macedoniam

1396 1866 1568 1906 contra
1586 1857 1880 1922 Philippum
1907 1858 2192 1905 mitteretur
2219 1865 2335 1921 etc„

1395 1928 1460 1977 de
1480 1928 1584 1978 inv·
1612 1928 1637 1977 1
1655 1962 1672 1988 ,
1707 1927 1771 1976 12
1787 1963 1802 1988 ,
1838 1926 1921 1978 17.
1942 1953 2012 1964 -
2029 1927 2339 1976 Memor-atur

1395 1997 1514 2045 item
1539 1996 1602 2045 de
1623 1996 1735 2061 lege
1755 2011 1864 2060 agr.
1892 1997 1942 2059 2,
1968 1995 2050 2053 19,
2067 1994 2154 2046 50.
2188 1997 2264 2050 lb.
2285 1998 2336 2058 2,

1395 2065 1479 2128 33,
1501 2063 1587 2117 90.
1627 2065 1847 2128 Philipp.
1873 2065 1954 2124 11,
1979 2065 2029 2123 7,
2053 2063 2135 2114 17.

1324 2129 1650 2198 Philippus,
1698 2134 1944 2198 Antigoni
1978 2131 2113 2182 filins
2151 2133 2337 2192 minor,

1396 2209 1512 2251 ante
1545 2209 1740 2266 patrem
1791 2211 2044 2260 mortuus,
2087 2201 2336 2250 Demetrii

1395 2270 1708 2320 Poliorcetae
1729 2271 1898 2320 frater.
1921 2271 2098 2320 Exstat
2117 2271 2337 2334 epistola

1394 2340 1635 2404 Antigoni
1687 2341 1752 2388 ad
1799 2338 2091 2405 Philippum
2150 2338 2331 2399 filium,

1395 2423 1492 2470 qua
1521 2409 1801 2473 praecipit,
1839 2417 1893 2456 ut
1929 2409 2154 2458 oratione
2189 2409 2334 2457 beni-

1393 2492 1493 2542 gna
1514 2477 1850 2533 multitudinis
1869 2479 2064 2527 animos
2095 2477 2164 2526 ad
2183 2478 2333 2526 bene-

1393 2545 1664 2594 volentiam
1689 2545 1894 2602 adliciat
1915 2555 2012 2596 etc.
2031 2581 2046 2607 ,
2081 2545 2143 2594 de
2171 2544 2255 2596 off.
2279 2547 2329 2604 2,

1325 2679 1618 2748 Philippus
1675 2681 2136 2740 Lacedaemonius,
2196 2695 2330 2730 com-

1391 2751 1658 2802 mendatur
1699 2749 1807 2800 Ser.
1851 2749 2078 2814 Sulpicio
2119 2765 2167 2798 a.
2201 2767 2252 2800 u.
2284 2766 2327 2800 c.

1393 2821 1512 2872 708.
1529 2856 1543 2880 ,
1566 2821 1632 2870 ad
1650 2819 1770 2872 fam.
1799 2818 1880 2882 13,
1901 2818 2048 2882 2821„
2067 2819 2120 2868 4.

1322 2885 1650 2954 Philippus,
1681 2888 1964 2947 Temnites,
2002 2888 2146 2939 testis
2179 2888 2230 2936 in
2267 2885 2324 2934 L.

1390 2957 1622 3006 Flaccum
1639 2993 1652 3019 ,
1675 2971 1767 3020 pro
1785 2955 1962 3004 Flacco
1987 2955 2070 3016 18,
2098 2955 2187 3006 43.

1321 3022 1635 3091 Philippus.
1692 3025 1756 3078 V.
1797 3023 1860 3074 L.
1899 3021 2148 3074 Marcius
2187 3020 2331 3074 Phi·
2396 3027 2407 3032 “

1388 3093 1594 3158 lippus.

1319 3159 1604 3212 Philiscus
1627 3163 1878 3223 Milesiae,
1905 3162 2140 3211 Isocratis
2175 3162 2331 3210 disci-

1387 3231 1540 3296 pulus
1561 3240 1607 3281 et
1627 3232 1819 3281 Timaei
1839 3231 2100 3296 magister,
2121 3231 2334 3296 scripsit

1389 3307 1548 3350 anem
1589 3300 1921 3361 rhetoricam,
1953 3296 2330 3364 δημηγορίας,

1320 3413 1329 3420 .
1388 3369 1608 3432 Lycurgi
1653 3370 1834 3426 vitam,
1876 3371 1938 3418 de
1983 3376 2107 3420 orat.
2147 3370 2210 3422 2.
2237 3367 2320 3428 23,

1387 3435 1472 3486 94.
1515 3437 1580 3490 V.
1606 3433 1904 3486 Philistus.
