2500 3850
846 189 1276 240 PHILOTIMUS
1301 215 1384 225 --
1408 196 1644 246 ΡΗΟΕΝ
1647 200 1744 247 IX.

316 354 418 401 tius
438 365 587 413 quarn
608 346 861 399 Ciceronis
878 388 889 407 ‚
915 347 981 399 ad
1000 347 1103 405 Att.
1126 351 1177 413 2,
1201 353 1251 409 4,

318 425 369 473 7.
406 422 470 479 4,
496 420 583 482 10,
602 420 651 467 2.
687 420 754 467 lb.
777 420 827 479 5,
850 418 973 480 3,1.
1020 421 1089 469 lb.
1112 423 1171 484 5,
1199 421 1251 479 4,

316 492 364 543 3.
404 490 478 539 Ib.
502 490 552 547 5,
574 487 623 548 8,
648 490 695 537 2.
738 490 809 536 Ib.
832 488 1063 551 5,17,1.
1104 491 1175 539 lb.
1200 492 1249 553 5,

315 559 413 620 19,
436 558 599 609 2.1b.
620 555 682 619 6,
705 556 730 605 1
751 595 764 616 ,
785 557 1098 609 9et19.1b.
1122 559 1173 621 6,
1198 558 1247 623 3,

314 629 362 679 1.
405 628 480 677 lb.
503 624 565 684 6,
599 628 657 689 4,
689 627 739 679 2.
774 627 1017 675 —Mirus
1042 636 1117 676 est
1144 642 1250 692 φυ-

314 688 515 760 ράτης,
552 710 822 760 gotmanus
851 696 1139 760 Lartidius,
1173 697 1246 749 lb.

315 768 373 827 7,
401 766 456 825 1,
483 764 531 814 9.
563 792 632 802 —-
654 763 925 827 Operarius
959 765 1139 828 homo,
1172 768 1245 815 lb.

314 837 363 894 7,
386 836 435 892 2,
458 834 506 883 9.
546 834 618 882 lb.
644 835 694 895 7,
715 832 763 894 3,
793 834 818 883 1
842 841 889 883 et
908 836 957 884 7.
990 836 1063 883 Ib.
1087 837 1138 899 7,
1162 835 1243 889 19.

311 930 383 940 —-
403 902 523 952 Eius
545 918 717 952 morae
742 910 790 951 et
808 904 1148 968 negligentia,
1168 905 1245 954 Ib.

316 974 399 1032 11,
422 974 507 1031 24,
528 973 579 1021 4.
598 998 667 1008 -
685 971 931 1021 Dedecori
954 982 1029 1021 est
1059 971 1117 1030 Q.
1144 972 1247 1023 fra-

310 1043 403 1104 tri,
431 1042 505 1089 Ib.
533 1042 626 1100 12,
662 1040 723 1101 5,
760 1041 804 1089 1.
825 1041 1073 1092 ——Homo
1092 1042 1247 1091 insul-

313 1125 399 1160 sus
438 1118 485 1159 et
522 1124 673 1175 saepe
711 1125 800 1174 pro
837 1111 1075 1175 Pompeio
1110 1126 1247 1161 men-

311 1182 469 1240 tienS,
495 1180 567 1228 lb.
592 1179 655 1230 10
671 1216 685 1240 ,
706 1178 766 1237 9,
791 1179 837 1229 1.
855 1206 926 1217 —-
947 1180 1247 1232 Philotimus

313 1250 439 1298 solet
460 1248 662 1297 omnino
696 1263 808 1298 esse
827 1248 1139 1313 Fulviaster,
1170 1251 1244 1299 lb.

316 1320 404 1376 12,
431 1318 525 1375 44,
550 1319 599 1366 4.
622 1317 832 1367 —Eius
860 1318 987 1367 fides
1018 1327 1066 1367 et
1094 1320 1248 1369 sedu-

312 1388 427 1436 litas
449 1385 651 1436 laudata
672 1401 701 1434 a
722 1385 918 1446 Gaeli0,
954 1387 1019 1437 ad
1050 1388 1172 1437 fam.
1196 1388 1246 1446 8,

312 1456 369 1516 3,
404 1456 456 1508 2.
487 1455 732 1504 —Homo
766 1456 911 1504 fortis
946 1470 1005 1503 ac
1035 1458 1247 1506 nimium

313 1525 558 1588 optimam,
580 1526 646 1573 ad
661 1526 767 1577 Att.
791 1524 841 1587 9,
866 1526 915 1587 7,
938 1522 988 1573 6.
1027 1526 1101 1575 lb.
1121 1524 1172 1585 9,
1194 1524 1245 1587 9,

312 1594 363 1642 2.
403 1595 467 1642 ad
498 1592 555 1651 Q.
595 1592 656 1641 fr.
686 1593 746 1651 3,
775 1596 832 1655 1,
864 1592 1167 1653 1.§.1.1b.
1194 1594 1244 1657 3,

313 1662 373 1724 1,
406 1665 454 1712 2.
480 1664 529 1725 S.
554 1663 605 1714 6.
647 1664 719 1712 Ib.
756 1662 817 1722 1,
849 1660 910 1723 9,
944 1662 993 1710 7.
1033 1662 1099 1711 ad
1122 1662 1243 1713 fam.

315 1730 395 1789 14,
420 1731 501 1789 18,
525 1732 576 1792 2,
617 1733 691 1781 Ib.
718 1732 797 1795 14,
822 1733 907 1784 24.

242 1796 583 1850 Philotimus
615 1800 851 1862 libertus,
881 1800 1149 1858 librariuS,
1182 1799 1248 1849 ad

312 1868 522 1933 Ain-13,
546 1867 697 1929 33,1.

242 1936 585 1989 Philoxenus
632 1939 859 2001 aequalis
897 1939 1130 2004 Dionysii
1167 1945 1247 2002 ty-

311 2008 484 2065 ranni,
522 2009 607 2070 qui
634 2011 743 2057 eius
778 2021 956 2058 versus
988 2007 1246 2072 improba-

310 2077 383 2124 vit
416 2084 466 2125 et
498 2078 561 2126 ob
586 2092 693 2126 eam
715 2091 820 2126 rem
856 2076 1013 2126 semel
1036 2078 1247 2126 iterum-

310 2160 409 2207 que
440 2147 492 2192 in
533 2160 785 2194 carcerem
822 2145 1000 2195 ductus
1044 2152 1148 2205 est,
1180 2145 1246 2194 ad

308 2219 414 2261 Ait.
437 2217 488 2272 4,
510 2212 559 2268 6,
582 2214 633 2261 2.

240 2279 591 2332 Philoxenus
646 2280 959 2342 Calactinus,
1008 2283 1245 2346 Hippiae,

312 2351 401 2413 qui
436 2347 689 2398 Ciceronis
719 2347 909 2412 hospes
936 2357 985 2398 et
1014 2365 1246 2400 necessa-

312 2421 418 2467 rius
440 2426 575 2478 erat,
596 2423 742 2481 pater
757 2453 770 2476 ,
792 2419 856 2467 ad
876 2417 994 2470 fam.
1022 2419 1103 2479 13,
1128 2417 1212 2468 37.

241 2487 585 2538 Philoxenus
608 2487 794 2548 Attici,
824 2487 891 2536 ad
905 2487 1011 2539 Att.
1036 2489 1084 2549 7,
1110 2489 1167 2546 2,
1192 2489 1243 2537 5.

308 2583 380 2593 —-
398 2557 476 2606 Ab
498 2572 556 2607 eo
578 2555 753 2606 Cicero
772 2555 883 2604 vult
904 2557 1125 2605 Atticum
1147 2556 1246 2605 sibi

314 2627 511 2676 mittere
530 2626 757 2676 Panaetii
788 2624 972 2674 librum
994 2625 1056 2674 de
1072 2625 1246 2688 provi-

314 2695 514 2757 dentia,
548 2696 619 2743 lb.
657 2693 755 2754 13,
790 2693 841 2746 8.
868 2694 1013 2743 —In
1046 2693 1245 2743 Arcano

308 2763 605 2813 Messidium
624 2779 737 2814 cum
748 2763 1023 2814 Philoxeno
1038 2777 1245 2826 aquam-

311 2847 427 2895 que,
446 2848 596 2895 quam
618 2833 655 2881 ii
676 2833 943 2892 ducebant,
974 2847 1073 2882 non
1094 2833 1245 2898 longe

311 2916 340 2948 a
370 2901 492 2950 villa
530 2901 658 2951 belle
693 2916 816 2952 sane
850 2902 1086 2951 fluentem
1117 2903 1245 2952 vidit

312 2969 512 3026 Cicero,
534 2971 602 3020 ad
620 2969 678 3028 Q.
703 2969 765 3022 fr.
791 2970 840 3033 3,
866 2971 913 3030 1,
942 2972 987 3021 1.
1010 2972 1059 3034 S.
1092 2971 1139 3021 1.

240 3035 458 3088 Philus.
497 3040 562 3092 V.
586 3037 790 3089 Furius
818 3037 1037 3089 Philus.

241 3104 472 3158 Phimes
504 3123 783 3173 cognomen
814 3109 1004 3158 Dioclis
1021 3107 1243 3159 Panhor-

310 3177 510 3237 mitani,
530 3178 678 3227 Verr.
699 3185 919 3226 accusat.
944 3176 996 3237 3,
1019 3177 1107 3238 40,
1127 3175 1211 3227 93.

241 3241 501 3308 Phintia,
541 3246 785 3311 oppidum
818 3245 1049 3306 Siciliae,
1092 3246 1240 3294 Verr.

311 3322 531 3365 accusat.
553 3314 605 3374 3,
632 3313 716 3375 83,
749 3313 867 3364 192.

242 3380 537 3446 Phintias,
569 3383 931 3449 Pythagorius,
968 3397 1057 3433 vas
1094 3397 1150 3432 se
1178 3383 1245 3432 ad

314 3459 523 3501 mortem
564 3452 703 3502 dedit
736 3466 827 3517 pro
865 3452 1029 3500 amico
1072 3449 1244 3499 Siculo

2211 190 2335 283 293

1394 360 1623 417 tyranno,
1649 357 1712 406 de
1732 356 1818 405 tin.
1841 360 1892 420 2,
1911 359 1993 418 24,
2017 358 2100 407 79.
2126 360 2330 408 Tuscul.

1395 422 1445 483 5,
1467 424 1551 486 22,
1575 422 1657 474 63.
1701 426 1764 474 de
1784 427 1866 475 off.
1895 426 1945 486 3,
1969 427 2050 488 10,
2074 427 2160 476 45.

1323 506 1700 577 Phlegethon.
1737 512 1801 562 V.
1824 510 2329 580 Pyriphlegethon.

1322 591 1597 659 Phliasii,
1652 612 1753 646 non
1804 594 2100 646 Phliuntii.
2161 598 2331 648 Cicero

1391 664 1568 713 scribit
1595 680 1650 715 se
1669 666 1954 715 Phliuntios
1981 681 2074 731 pro
2094 666 2334 716 Phliasiis

1390 734 1659 797 scripsisse
1726 736 1968 800 deceptus
2036 725 2330 803 ἀναλογίᾳ,

1391 802 1529 865 quod
1576 792 1930 867 Ὀπούντιοι,
1993 795 2332 853 Σιπούντιοι

1390 872 1650 934 dicantur,
1687 874 1843 935 idque
1875 872 2108 921 mendum
2145 875 2333 937 corrigi

1391 940 1512 1003 vult,
1535 942 1600 991 ad
1621 943 1722 994 Att.
1747 941 1798 1002 6,
1819 943 1869 1004 2,
1892 940 1942 992 3.
1964 969 2030 977 -
2052 942 2236 991 Mansit
2255 950 2331 991 ta-

1387 1024 1503 1059 men
1533 1011 1735 1072 vitium,
1775 1011 1836 1060 de
1858 1026 1898 1059 r.
1922 1026 1977 1075 p.
1999 1011 2062 1071 2,
2092 1012 2154 1074 4,
2185 1010 2239 1061 8.
2264 1037 2330 1047 ——-

1387 1078 1526 1128 Leon
1556 1082 1794 1145 princeps
1822 1078 2164 1129 Phliasiorum
2182 1116 2196 1142 ,
2232 1080 2332 1129 Tu·

1389 1148 1514 1197 scul.
1547 1149 1606 1209 5,
1640 1148 1703 1213 3,
1725 1149 1775 1200 8.
1799 1176 1870 1185 —-
1899 1162 2062 1198 sermo
2093 1147 2329 1197 Phliunte

1388 1216 1620 1281 habitus,
1653 1219 1727 1266 Ib.
1753 1219 1815 1278 5,
1836 1220 1890 1279 4,
1913 1218 1996 1269 10.

1318 1282 1601 1335 Phliuntii
1617 1322 1632 1349 ,
1655 1300 1748 1350 pro
1768 1286 2009 1347 Phliasii,
2033 1285 2095 1334 de
2124 1302 2164 1333 r.
2197 1301 2250 1349 p.
2273 1286 2324 1347 2,

1386 1356 1437 1415 4,
1457 1355 1510 1406 8.

1317 1419 1548 1483 Phlius,
1595 1423 1760 1484 untis,
1808 1422 2023 1470 Achaici
2061 1422 2324 1486 oppidum,

1388 1489 1597 1538 Tuscul.
1623 1490 1675 1549 5,
1698 1488 1748 1553 3,
1768 1489 1821 1540 8.
1862 1491 1928 1539 ad
1949 1490 2048 1538 Au.
2071 1489 2121 1550 6,
2144 1490 2194 1549 2,
2219 1490 2270 1541 3.

1318 1572 1551 1637 ΡΙιοοίί,
1583 1574 1759 1633 Locri,
1789 1573 1986 1624 Boeotii
2017 1575 2182 1623 exusti
2211 1589 2241 1623 a
2263 1575 2320 1623 L.

1387 1644 1572 1693 Pisone
1587 1680 1600 1703 ,
1621 1644 1674 1692 in
1697 1644 1866 1695 Pisou.
1889 1641 1975 1707 40,
1999 1642 2082 1695 96.

1319 1726 1687 1797 Phocylides,
1713 1733 1864 1795 poeta
1883 1729 2103 1779 Graecus
2126 1731 2325 1795 gnomi-

1389 1814 1503 1859 ωε,
1550 1801 1694 1849 cuius
1739 1801 2017 1848 sententiae
2053 1798 2328 1863 pleraeque

1389 1870 1500 1918 eins
1520 1882 1705 1917 nomen
1722 1868 1996 1918 habebant.
2033 1867 2328 1931 Usquequa-

1388 1953 1514 2002 que,
1544 1939 1606 1987 de
1636 1939 1877 2002 Pompeio
1898 1953 2053 2000 quum
2078 1939 2325 1997 dicemus,

1387 2005 1568 2055 sithoc
1589 2009 1734 2070 quasi
1752 2044 1767 2068 ,
1799 2001 1896 2054 καὶ
1917 1998 2049 2054 τόδε
2077 2003 2328 2056 Φωκυλί-

1386 2071 1520 2133 δου,
1547 2076 1612 2125 ad
1633 2076 1738 2124 Att.
1763 2077 1817 2134 4,
1838 2074 1889 2133 9,
1915 2074 1964 2125 l.

1316 2142 1584 2196 Phoebus
1599 2181 1613 2208 ,
1646 2144 1838 2194 Phoebi
1858 2145 1988 2206 fax,
2027 2151 2323 2208 meteorum,

1387 2215 1450 2264 de
1472 2214 1630 2263 divin.
1653 2213 1702 2275 l,
1725 2214 1808 2273 11,
1831 2213 1915 2264 18.

1317 2279 1628 2346 Phoenice,
1663 2285 1728 2332 de
1755 2282 1840 2331 fin.
1861 2284 1896 2332 4
1914 2319 1927 2342 ,
1961 2281 2058 2343 20,
2081 2283 2168 2334 56.
2203 2282 2324 2331 Phi-

1385 2352 1510 2416 lipp.
1537 2351 1618 2411 11,
1642 2351 1723 2414 13,
1749 2351 1833 2401 35.

1315 2417 1660 2483 Phoenices,
1718 2433 1932 2480 quorum
1973 2421 2092 2469 urbs
2139 2419 2323 2482 TyruS.

1384 2490 1540 2539 Poeni
1576 2487 1640 2554 (i.
1683 2503 1732 2538 e.
1768 2486 2067 2551 Phoenices)
2105 2489 2324 2550 primum

1386 2557 1686 2607 mercaturis
1705 2564 1754 2605 et
1786 2557 2036 2606 mercibus
2065 2557 2172 2607 suis
2204 2571 2326 2606 ava-

1385 2627 1556 2676 ritiam
1586 2633 1634 2675 et
1652 2626 2078 2692 magnificentiam
2105 2633 2154 2675 et
2181 2626 2326 2676 inex-

1387 2695 1602 2761 plebiles
1640 2695 1942 2760 cupiditates
1981 2695 2206 2746 omnium
2243 2711 2325 2745 re-

1385 2780 1498 2814 rum
1536 2773 1924 2830 exportaverunt
1960 2765 2011 2813 in
2045 2765 2325 2827 Graeciam,

1386 2835 1450 2884 de
1473 2848 1513 2883 r.
1544 2848 1597 2899 p.
1623 2832 1676 2884 3.
1709 2834 1892 2901 fragm.
1927 2835 2101 2885 incert.
2127 2850 2180 2899 p.
2203 2833 2322 2884 315.

1382 2927 1452 2939 —-
1471 2901 1752 2954 Phoenices
1773 2905 1943 2954 Helice
1965 2903 2095 2952 duce
2124 2909 2330 2952 noctur-

1385 2987 1450 3022 na
1487 2972 1648 3023 fidunt
1697 2973 1750 3021 in
1791 2975 1920 3030 alto,
1961 2971 2105 3019 Arat.
2144 2986 2193 3018 v.
2233 2967 2323 3021 40.

1383 3044 1508 3091 Item
1530 3041 1593 3090 de
1622 3055 1672 3089 n.
1709 3042 1761 3090 d.
1788 3044 1820 3091 2
1841 3077 1856 3102 ,
1885 3037 1981 3095 41,
2005 3036 2122 3088 106.
2162 3036 2323 3086 Acad.

1381 3127 1461 3176 pr.
1492 3110 1542 3168 2,
1563 3111 1650 3171 20,
1673 3108 1757 3160 66.

1274 3234 1282 3241 ,
1313 3173 1694 3236 Phoenissae,
1729 3173 1987 3238 Euripidis
2020 3172 2223 3236 fabula,
2259 3173 2324 3221 de

1384 3246 1472 3297 off.
1498 3243 1546 3304 3,
1571 3247 1654 3302 21,
1675 3244 1760 3296 82.

1312 3309 1570 3365 Phoenix
1606 3313 1744 3376 apud
1781 3312 2056 3361 Homerum
2101 3324 2132 3357 a
2176 3307 2324 3357 Peleo

1381 3379 1574 3431 Achilli
1593 3395 1760 3430 comes
1785 3380 1932 3429 datus
1946 3415 1960 3439 ,
1982 3379 2060 3428 vir
2084 3377 2327 3435 disertus,

1387 3451 1450 3500 de
1476 3454 1600 3498 orat.
1625 3447 1678 3513 3,
1706 3448 1787 3510 15,
1811 3445 1895 3498 57.
