2500 3850
415 155 490 201 Μ.
521 153 692 200 Am.
728 151 1059 200 caeneus
1085 170 1174 183 -
1198 152 1275 200 Μ.
1310 148 1659 198 An'ronms
1690 149 1765 196 Μ.
1799 148 1862 195 r.
1901 148 1976 196 Μ.
2006 148 2079 194 ιι.
2210 132 2288 194 23

271 307 590 374 postulatus,
613 308 680 357 de
704 321 777 356 or.
807 308 865 371 2,
889 307 984 368 68,
1013 307 1129 357 274.
1153 331 1221 343 --

273 379 396 426 Eius
418 375 656 426 defensio
676 373 763 427 Μ’.
786 374 992 437 Aquilii,
1017 373 1070 424 C.
1091 373 1219 424 Nor-

272 446 412 564 12ιιιιὶ,
434 444 526 493 Cn.
552 443 763 504 Manlii,
785 443 841 502 Q.
862 442 1035 508 Regis,
1059 443 1122 492 de
1143 439 1228 492 or.'

318 513 455 577 ,28,
489 513 594 562 124
625 527 740 575 sqq.
778 512 845 564 cl.
871 511 1014 561 Verr.
1046 526 1214 561 accuS.

273 585 336 643 5,
377 582 435 640 1,
479 579 533 630 3.
568 606 636 616 --
673 581 975 644 Fragmenta
1001 595 1066 628 ex
1107 582 1217 630 eius

271 651 508 702 oratione
541 663 636 714 pro
671 647 928 710 Norbano,
965 648 1028 697 de
1058 664 1130 698 or.
1163 651 1215 709 2,

1359 319 1457 368 quo
1514 319 1643 354 anno
1702 305 1802 353 iarn
1855 305 2039 353 Verres
2086 299 2294 352 Siciliae

1358 381 1605 438 praeerat.
1656 373 1775 422 Mox
1808 371 1939 422 male
1973 386 2028 419 re
2060 377 2204 435 gesta
2242 371 2293 420 iu

1354 442 1489 492 bello
1528 441 1772 491 adversus
1810 442 2073 494 Cretenses
2116 438 2292 487 morbo

1357 511 1511 568 obiit,
1537 512 1685 560 Verr.
1718 518 1925 560 accusat
1952 509 2011 568 3,
2034 507 2129 571 91,
2170 506 2289 557 213.

1355 606 1423 616 -
1454 579 1559 628 div.
1595 580 1645 627 in
1677 579 1734 638 Q.
1766 578 1955 628 Caecil.
1990 578 2080 638 17,
2118 576 2201 625 55.
2226 603 2292 612 --

1354 650 1500 701 Verr.
1524 656 1748 698 accusat.
1770 647 1831 708 2,
1855 646 1912 708 3,
1933 647 1985 698 8.

267 719 364 781 39,
389 716 512 770 164.
536 725 584 766 et
616 717 1058 782 40,167.partit.
1091 724 1216 771 orat.
1296 715 1355 767 C.
1387 714 1687 781 Antonius,
1728 717 1941 766 oratoris
1976 713 2102 763 alter
2136 713 2293 779 filius,

273 787 360 847 30,
386 786 512 837 104.
525 785 845 836 ——Defendit
857 784 1220 850 Gratidianum,

277 856 341 904 de
360 855 452 906 off.
476 853 543 914 3,
568 853 660 914 16,
681 853 768 908 67.
805 854 1116 904 Adolescens
1137 870 1221 905 ac·

273 923 509 992 cusando
530 922 830 972 nobilitatus
847 932 950 984 est,
972 924 1034 972 de
1055 924 1142 973 off.
1165 925 1216 983 2,

281 993 373 1054 14,
413 990 502 1042 49.
542 1016 604 1027 -
647 992 715 1044 Μ.
757 991 1034 1051 Antonius,
1067 992 1220 1042 homo

275 1060 732 1124 eloquentissimus
769 1076 883 1110 cum
933 1062 995 1110 A.
1034 1061 1218 1112 Albino

279 1129 485 1194 collega
524 1129 587 1179 de
627 1127 686 1187 Q.
717 1128 922 1179 Metello
951 1129 1220 1180 Numidico

279 1211 544 1260 nunquam
585 1205 820 1247 senatum
857 1205 941 1246 aut
973 1198 1219 1263 populum

279 1273 358 1316 est
377 1266 699 1329 cohortatus,
732 1273 846 1332 post
863 1267 970 1316 red.
991 1267 1057 1317 ad
1077 1267 1217 1326 Quir.

279 1336 340 1393 5,
367 1335 452 1386 11.
478 1359 544 1370 -·
563 1332 686 1384 Eius
707 1335 771 1384 de
797 1336 990 1384 ratione
1019 1335 1221 1385 dicendi

279 1403 522 1464 libellus,
541 1401 683 1452 Brut.
704 1403 801 1465 44,
836 1403 950 1454 163.
985 1404 1049 1454 de
1069 1419 1142 1457 or.
1171 1403 1217 1466 1,

273 1472 341 1522 21
359 1508 376 1531 ,
398 1471 488 1523 94.
518 1479 645 1526 orat.
668 1472 718 1529 5,
746 1470 828 1522 18.
849 1473 1100 1522 orationes
1120 1487 1218 1522 nou

277 1542 515 1606 scripsit,
536 1554 631 1604 pro
651 1538 878 1590 Cluentio
898 1539 982 1600 50,
1004 1539 1122 1591 140.
1147 1555 1218 1592 or.

277 1607 378 1668 38,
403 1608 524 1659 132.
549 1635 611 1644 -
637 1606 761 1658 Sero
781 1621 840 1657 ac
863 1609 1040 1658 leviter
1067 1609 1220 1660 Grae-

283 1691 370 1726 cas
402 1678 600 1726 litteras
626 1677 820 1742 attigit,
851 1676 914 1727 de
943 1691 1014 1728 or.
1043 1678 1068 1728 1
1085 1713 1102 1742 ,
1136 1677 1219 1742 18,

281 1745 367 1795 81.
407 1769 477 1782 -—
504 1745 628 1794 Eius
665 1759 826 1810 genus
867 1745 995 1796 forte
1011 1783 1025 1806 ,
1065 1746 1220 1796 vehe-

277 1821 428 1864 mens
442 1850 459 1874 ,
493 1829 634 1874 acre,
657 1821 856 1863 acutum
871 1850 886 1875 ,
907 1815 1222 1864 enucleatum

277 1891 409 1946 cet.,
431 1884 501 1932 de
518 1896 593 1932 or.
614 1882 646 1934 3
662 1919 676 1943 ,
698 1883 754 1944 3,
777 1881 858 1933 32.
884 1909 951 1920 ——
969 1884 1037 1936 M.
1063 1885 1222 1934 Anto-

278 1955 400 2002 nius
422 1959 472 2001 et
488 1951 547 2000 L.
573 1951 805 2012 Crassus,
834 1953 972 2001 Brut.
993 1952 1076 2012 36,
1099 1953 1219 2007 138.

277 2046 352 2057 —
389 2020 453 2069 de
492 2035 567 2069 or.
606 2021 662 2080 1,
701 2021 760 2081 7,
799 2021 885 2073 24.
928 2022 1034 2074 div.
1077 2024 1130 2071 in
1157 2020 1216 2079 Q.

281 2088 472 2139 Caecil.
534 2088 597 2148 8,
652 2089 737 2139 25.
785 2098 910 2138 orat.
951 2088 1046 2150 30,
1102 2089 1216 2140 106.

277 2156 585 2222 Magnificae
601 2156 672 2207 M.
695 2158 904 2207 Antonii
919 2156 1115 2220 laudes,
1139 2159 1216 2211 lb.

276 2224 379 2285 37,
402 2223 504 2276 139
523 2240 636 2287 sqq.
667 2226 742 2277 Ib.
765 2226 859 2285 57,
892 2226 1010 2280 207.
1035 2228 1109 2280 Ib.
1132 2228 1218 2287 59,

277 2293 403 2345 215.
427 2294 502 2346 Ib.
525 2292 623 2354 88,
648 2292 767 2347 301.
801 2295 874 2344 lb.
895 2294 990 2356 89,
1011 2294 1130 2346 304.
1156 2296 1219 2345 de

280 2378 360 2414 or.
396 2362 458 2425 1,
484 2360 581 2421 38,
615 2362 734 2416 172.
762 2362 822 2422 2,
858 2361 917 2424 1,
946 2362 1086 2413 3.-
1112 2362 1215 2417 cfr,

251 2430 486 2481 .adHer.
515 2434 578 2494 4,
600 2431 659 2494 5,
681 2432 730 2483 7.
757 2431 822 2480 ad
842 2431 900 2490 Q.
923 2430 987 2484 fr.
1013 2432 1072 2493 1,
1093 2430 1144 2494 3,
1166 2434 1216 2483 7.

282 2498 492 2549 Tuscul.
517 2500 576 2558 1,
597 2498 656 2558 5,
680 2498 762 2549 10.
785 2506 833 2547 et
852 2499 918 2548 al.

213 2564 292 2617 Μ.
343 2563 621 2618 Antonius
670 2563 956 2631 Creticus,
1005 2571 1219 2619 oratoris

284 2635 448 2701 filius,
488 2634 742 2685 triumviri
775 2644 945 2701 pater,
986 2644 1220 2698 quaestor

285 2718 334 2756 a.
357 2720 411 2753 ιι.
445 2720 496 2753 c.
529 2704 662 2767 674,
699 2711 903 2769 praetor
923 2720 973 2754 a.
1010 2703 1130 2755 679.
1155 2733 1221 2742 -

283 2772 624 2822 Numitoriam
642 2771 990 2838 Fregellanam
1005 2809 1020 2833 ,
1051 2775 1225 2839 prodi-

283 2842 410 2891 toris
429 2841 590 2890 filiam
608 2878 623 2902 ,
643 2841 822 2890 habuit
839 2855 1050 2891 uxorem
1065 2878 1081 2905 ,
1102 2840 1222 2892 Phi·

287 2908 416 2976 lipp.
439 2909 501 2969 3,
522 2909 584 2967 6,
611 2910 693 2961 17.
711 2936 784 2948 --
801 2908 925 2959 Cum
952 2918 1154 2974 praetor
1170 2911 1224 2959 iu

287 2980 412 3029 urbe
443 2979 625 3027 fuisset
655 2993 702 3028 a.
723 2994 776 3032 u.
804 2994 854 3029 c.»
877 2976 996 3031 679.
1024 2985 1224 3029 curator

287 3060 405 3096 orae
431 3046 720 3096 maritimae
746 3062 861 3097 cum
888 3047 1095 3111 eadem,
1124 3062 1224 3110 qua

285 3124 466 3179 postea
509 3114 597 3165 Cn.
639 3116 936 3179 Pompeius,
973 3123 1224 3180 potestate

283 3184 476 3245 factus,
501 3184 554 3233 iu
573 3182 750 3233 Sicilia
771 3184 867 3234 fuit
885 3200 932 3235 a.
957 3200 1009 3236 u.
1033 3202 1078 3238 c.
1101 3182 1223 3237 680.

285 3252 546 3315 (praetore
567 3251 621 3305 C.
635 3250 931 3317 Sacerdote)
952 3254 1072 3301 item
1092 3267 1225 3303 auno

287 3319 428 3380 681.,
450 3322 496 3370 si
517 3335 617 3373 non
639 3322 770 3385 ipse,
787 3328 919 3371 certe
937 3321 1224 3387 praefectus

287 3390 422 3450 eius,
463 3391 567 3442 div.
609 3391 662 3438 in
694 3389 756 3448 Q.
800 3387 942 3439 Caec.
984 3390 1078 3456 17,
1115 3391 1223 3456 55.,

1360 785 1617 836 Ciceronis
1647 785 1845 849 collega
1876 786 1928 834 in
1957 783 2221 833 consulatu
2243 797 2290 830 a.

1359 869 1411 905 u.
1442 870 1486 906 c.
1507 852 1627 904 691.
1654 880 1721 891 —-
1748 854 1871 904 Eius
1900 852 2038 911 ludi,
2061 867 2155 916 pro
2184 850 2294 899 Mu-

1356 937 1481 974 rena
1511 921 1604 986 19,
1635 923 1724 976 40.
1754 949 1820 958 —
1846 921 2063 986 Catilina
2092 921 2294 970 inflatus

1364 991 1418 1042 C.
1443 991 1650 1041 Antonii
1668 992 1934 1055 promissis
1954 1026 1966 1050 ,
1994 989 2071 1039 lb.
2094 990 2187 1048 24,
2208 987 2292 1038 49.

1359 1086 1428 1098 ·—
1450 1060 1504 1110 C.
1526 1061 1776 1110 Antonius
1805 1068 1855 1109 et
1884 1057 2125 1119 Catilina,
2160 1071 2294 1107 com-

1360 1130 1598 1194 petitores
1617 1127 1870 1179 Ciceronis
1890 1129 1941 1177 in
1962 1127 2223 1178 consulatu
2245 1140 2291 1175 a.

1359 1215 1411 1246 ιι.
1450 1213 1495 1251 c.
1524 1197 1674 1255 690„
1709 1199 1773 1246 ad
1806 1199 1907 1246 Att.
1944 1196 2004 1257 l,
2038 1197 2099 1260 l,
2134 1195 2181 1244 1.
2230 1194 2288 1252 Q.

1362 1265 1464 1316 Cic.
1488 1266 1550 1316 de
1568 1274 1671 1332 pet.
1696 1280 1837 1315 cons.
1863 1267 1911 1330 2,
1932 1265 2153 1318 8.-—1b.
2179 1263 2224 1327 ξ.
2241 1264 2291 1314 9.

1361 1335 1435 1385 lb.
1478 1335 1543 1394 7,
1580 1335 1664 1384 28.
1704 1360 1773 1372 -
1811 1333 1982 1383 Cicero
2006 1333 2295 1382 ‘Antonium

1362 1404 1607 1468 collegam
1669 1403 1910 1467 cupidum
1983 1402 2292 1466 provinciae,

1363 1471 1519 1521 multa
1558 1473 1610 1520 in
1647 1486 1703 1520 re
1740 1470 1945 1535 publica
1986 1471 2292 1531 molientem,

1362 1540 1607 1605 patientia
1636 1546 1786 1602 atque
1807 1540 2049 1601 obsequio
2064 1542 2169 1587 ‘suo
2201 1539 2295 1586 mi-

1363 1609 1561 1673 tigavit,
1577 1609 1632 1656 iu
1652 1610 1819 1658 Pison.
1843 1609 1892 1669 2,
1914 1607 1964 1658 5.
1990 1607 2064 1658 Ib.
2086 1609 2180 1669 24,
2204 1606 2289 1657 56.

1365 1705 1429 1714 --
1469 1678 1627 1737 Quem
1668 1679 1734 1726 ad
1775 1679 1980 1727 modurn
2026 1678 2079 1726 in
2122 1677 2296 1741 oppri-
2362 1731 2367 1735 .

1361 1747 1544 1796 menda
1562 1747 1905 1796 coniuratione
1927 1744 2220 1795 Catilinaria
2239 1761 2295 1796 se

1362 1817 1604 1882 gesserit,
1640 1829 1734 1880 pro
1766 1815 1931 1865 Sestio
1954 1813 1986 1865 3
2004 1851 2017 1874 ,
2050 1815 2099 1865 8.
2127 1814 2291 1864 -1b.

1360 1884 1393 1936 5
1412 1920 1426 1947 ,
1455 1884 1536 1935 12.
1570 1912 1636 1921 —-
1667 1885 2017 1936 Macedoniam
2046 1899 2140 1949 pro
2176 1897 2296 1932 con-

1361 1954 1472 2005 sule
1491 1954 1744 2003 obtinebat
1764 1969 1811 2002 a.
1834 1968 1887 2006 u.
1912 1969 1955 2002 c.
1975 1953 2076 2005 692
2092 1960 2138 2002 et
2148 1950 2290 2016 693„

1360 2023 1425 2073 ad
1455 2023 1577 2075 fam.
1610 2023 1669 2081 5,
1696 2022 1746 2075 5.
1782 2023 1940 2072 —1b.
1971 2020 2032 2082 6,
2066 2020 2115 2071 3.
2140 2021 2296 2069 —ad

1360 2088 2292 2151 Att.‚112‚1.1b.13,1.1b.,16

1363 2159 1443 2210 16.
1474 2161 1545 2210 lb.
1568 2160 1627 2221 2,
1650 2160 1709 2220 2,
1730 2157 1779 2209 3.
1806 2158 2025 2208 —Reus
2044 2157 2209 2207 factus
2229 2158 2293 2207 de

1358 2231 1619 2278 maiestate
1638 2228 1775 2291 apud
1795 2226 1882 2277 Cn.
1894 2226 2162 2276 Lentulum
2180 2225 2292 2275 cto-

1362 2287 1570 2347 dianum
1596 2302 1879 2361 praetorem
1910 2310 1958 2344 a.
1990 2311 2038 2343 u.
2076 2310 2120 2343 c.
2148 2293 2266 2345 695.
2255 2328 2291 2356 .,

1360 2367 1412 2412 in
1434 2366 1604 2415 Vatin.
1639 2364 1732 2423 11,
1764 2362 1848 2412 28.
1875 2389 1941 2398 -
1961 2365 2243 2411 Accusatus
2265 2378 2296 2412 a

1359 2432 1427 2480 Μ.
1463 2432 1658 2490 Caelio,
1691 2446 1785 2493 pro
1805 2430 1975 2479 Caelio
1996 2429 2091 2489 31,
2118 2431 2202 2480 74.
2227 2457 2284 2467 -

1360 2498 1599 2549 Defendit
1618 2512 1730 2546 eum
1749 2497 1941 2557 Cicero,
1960 2498 2022 2547 de
2037 2499 2184 2547 domo
2202 2513 2295 2548 sua

1363 2567 1447 2630 16,
1466 2568 1552 2617 41.
1574 2594 1641 2603 —-
1662 2566 1963 2626 Damnatus,
1993 2580 2084 2631 pro
2115 2567 2293 2617 Flacco

1361 2635 1449 2702 38,
1467 2634 1552 2687 95.
1569 2661 1633 2671 -
1648 2634 1757 2686 Νοιι
1778 2635 2035 2685 restitutus
2052 2650 2083 2683 a
2100 2634 2168 2690 M.
2190 2636 2296 2685 An—

1360 2706 1498 2755 tonio
1517 2704 1683 2755 fratris
1702 2704 1805 2755 filio
1826 2720 1874 2757 a.
1888 2719 1939 2754 ιι.
1955 2720 1999 2756 c.
2016 2704 2157 2769 706.,
2176 2705 2295 2756 Phi-

1362 2775 1491 2840 lipp.
1523 2774 1583 2833 2,
1616 2773 1707 2833 23,
1742 2773 1824 2825 56.
1848 2773 2118 2825 -Postea
2146 2778 2296 2825 resti

1361 2852 1499 2893 tutus
1518 2856 1547 2891 a
1567 2843 1810 2897 Caesare.
1833 2844 1905 2893 lb.
1928 2844 1981 2908 2,
2000 2843 2091 2909 38,
2115 2842 2203 2895 98

1292 2908 1370 2961 Μ.
1405 2908 1469 2960 C.
1501 2909 1564 2960 L.
1600 2909 1828 2963 Antonii
1862 2913 2072 2973 fratres‚
2114 2911 2296 2963 Cretici

1361 2979 1722 3041 filii,o1atoris
1745 2990 1979 3045 nepotes,
2005 2981 2295 3047 significan-

1362 3059 1442 3099 tur
1472 3049 1537 3099 ad
1566 3050 1686 3099 fam.
1716 3052 1774 3110 2,
1804 3050 1896 3112 18,
1923 3052 1971 3099 2.
1996 3076 2062 3085 —-
2088 3049 2295 3099 Antonii

1362 3117 1587 3168 valentes
1620 3119 1758 3183 apud
1794 3116 2058 3168 Caesarem
2087 3132 2135 3165 a.
2166 3132 2219 3166 u.
2246 3132 2290 3165 c.

1364 3184 1514 3245 703.,
1544 3188 1611 3236 ad
1644 3188 1764 3238 sam.
1796 3186 1853 3245 8,
1884 3188 1945 3243 4,
1974 3187 2023 3234 2.
2049 3185 2200 3234 -Μ,
2232 3184 2294 3233 L.

1365 3255 1421 3305 C.
1443 3256 1648 3303 Antonii
1668 3254 1874 3310 fratreS,
1906 3254 1975 3302 ad
1995 3254 2130 3302 Brut.
2157 3252 2184 3303 1
2202 3290 2216 3315 ,
2242 3255 2293 3303 2.

1363 3323 1438 3372 lb.
1467 3322 1596 3382 1‚·3.
1632 3324 1703 3371 Ib.
1730 3322 1787 3381 1,
1814 3322 1866 3373 4.

1278 3388 1371 3440 M.
1401 3387 1677 3440 Antonius
1696 3388 1775 3441 M.
1810 3386 1875 3436 F.
1914 3386 1991 3437 Μ.
2023 3386 2123 3452 Ν.,
2157 3388 2295 3443 filius
