<?xml version="1.0" encoding="UTF-8"?>
<!DOCTYPE html PUBLIC "-//W3C//DTD XHTML 1.0 Transitional//EN"
    "http://www.w3.org/TR/xhtml1/DTD/xhtml1-transitional.dtd">
<html xmlns="http://www.w3.org/1999/xhtml" xml:lang="en" lang="en">
 <head>
  <title>
</title>
<meta http-equiv="Content-Type" content="text/html;charset=utf-8" />
  <meta name='ocr-system' content='tesseract 3.04.00' />
  <meta name='ocr-capabilities' content='ocr_page ocr_carea ocr_par ocr_line ocrx_word'/>
</head>
<body>
  <div class='ocr_page' id='page_1' title='image "./scriptaquaemans04mlgoog_0303.png"; bbox 0 0 2500 3850; ppageno 0'>
   <div class='ocr_carea' id='block_1_1' title="bbox 907 164 2314 228">
    <p class='ocr_par' dir='ltr' id='par_1_1' title="bbox 907 164 2314 228">
     <span class='ocr_line' id='line_1_1' title="bbox 907 164 2314 228; baseline 0.004 -6"><span class='ocrx_word' id='word_1_1' title='bbox 907 176 1221 225; x_wconf 82' lang='lat' dir='ltr'>PLANOUS</span> <span class='ocrx_word' id='word_1_2' title='bbox 1252 199 1339 209; x_wconf 81' lang='lat'>—-</span> <span class='ocrx_word' id='word_1_3' title='bbox 1364 177 1616 225; x_wconf 66' lang='lat' dir='ltr'>PLA&#39;ro.</span> <span class='ocrx_word' id='word_1_4' title='bbox 2183 164 2314 228; x_wconf 77' lang='lat'>297</span> 
     </span>
    </p>
   </div>
   <div class='ocr_carea' id='block_1_2' title="bbox 270 331 2308 743">
    <p class='ocr_par' dir='ltr' id='par_1_2' title="bbox 270 331 2308 743">
     <span class='ocr_line' id='line_1_2' title="bbox 275 331 2308 399; baseline 0 -14"><span class='ocrx_word' id='word_1_5' title='bbox 275 334 533 385; x_wconf 84' lang='lat' dir='ltr'>Oriundus</span> <span class='ocrx_word' id='word_1_6' title='bbox 582 348 609 381; x_wconf 91' lang='grc'>8</span> <span class='ocrx_word' id='word_1_7' title='bbox 652 331 972 396; x_wconf 78' lang='lat' dir='ltr'><strong>praefectura</strong></span> <span class='ocrx_word' id='word_1_8' title='bbox 1008 332 1218 395; x_wconf 86' lang='lat' dir='ltr'>Atinati,</span> <span class='ocrx_word' id='word_1_9' title='bbox 1363 333 1608 393; x_wconf 88' lang='lat' dir='ltr'>Siciliam,</span> <span class='ocrx_word' id='word_1_10' title='bbox 1629 335 1694 383; x_wconf 89' lang='lat' dir='ltr'>de</span> <span class='ocrx_word' id='word_1_11' title='bbox 1714 334 1823 383; x_wconf 89' lang='lat' dir='ltr'>eius</span> <span class='ocrx_word' id='word_1_12' title='bbox 1844 335 2132 399; x_wconf 79' lang='lat' dir='ltr'>cognitione</span> <span class='ocrx_word' id='word_1_13' title='bbox 2154 336 2308 385; x_wconf 88' lang='lat' dir='ltr'>disci-</span> 
     </span>
     <span class='ocr_line' id='line_1_3' title="bbox 272 400 2306 470; baseline 0.001 -19"><span class='ocrx_word' id='word_1_14' title='bbox 272 419 364 470; x_wconf 90' lang='lat' dir='ltr'>pro</span> <span class='ocrx_word' id='word_1_15' title='bbox 386 402 564 453; x_wconf 84' lang='lat' dir='ltr'>Plane.</span> <span class='ocrx_word' id='word_1_16' title='bbox 583 400 636 465; x_wconf 86' lang='lat'>8,</span> <span class='ocrx_word' id='word_1_17' title='bbox 661 400 743 451; x_wconf 89' lang='grc'>19.</span> <span class='ocrx_word' id='word_1_18' title='bbox 765 427 832 435; x_wconf 91' lang='grc'>-</span> <span class='ocrx_word' id='word_1_19' title='bbox 849 402 903 449; x_wconf 85' lang='grc'>111</span> <span class='ocrx_word' id='word_1_20' title='bbox 928 401 1221 452; x_wconf 85' lang='lat' dir='ltr'>Macedonia</span> <span class='ocrx_word' id='word_1_21' title='bbox 1359 402 1536 468; x_wconf 88' lang='lat' dir='ltr'>plinae</span> <span class='ocrx_word' id='word_1_22' title='bbox 1557 402 1908 469; x_wconf 72' lang='lat' dir='ltr'>Pythagoriae,</span> <span class='ocrx_word' id='word_1_23' title='bbox 1931 405 1994 454; x_wconf 88' lang='lat' dir='ltr'>de</span> <span class='ocrx_word' id='word_1_24' title='bbox 2012 420 2052 456; x_wconf 92' lang='lat' dir='ltr'>r.</span> <span class='ocrx_word' id='word_1_25' title='bbox 2077 419 2127 469; x_wconf 89' lang='lat' dir='ltr'>p.</span> <span class='ocrx_word' id='word_1_26' title='bbox 2145 405 2192 468; x_wconf 89' lang='lat'>1,</span> <span class='ocrx_word' id='word_1_27' title='bbox 2220 405 2306 467; x_wconf 83' lang='lat'>10,</span> 
     </span>
     <span class='ocr_line' id='line_1_4' title="bbox 274 469 2307 535; baseline -0.002 -14"><span class='ocrx_word' id='word_1_28' title='bbox 274 474 507 521; x_wconf 86' lang='lat' dir='ltr'>tribunus</span> <span class='ocrx_word' id='word_1_29' title='bbox 530 469 637 518; x_wconf 91' lang='lat' dir='ltr'>mil.</span> <span class='ocrx_word' id='word_1_30' title='bbox 670 470 802 530; x_wconf 80' lang='lat' dir='ltr'>fuit,</span> <span class='ocrx_word' id='word_1_31' title='bbox 830 471 879 517; x_wconf 90' lang='lat' dir='ltr'>in</span> <span class='ocrx_word' id='word_1_32' title='bbox 906 470 1083 519; x_wconf 86' lang='lat' dir='ltr'>eadem</span> <span class='ocrx_word' id='word_1_33' title='bbox 1102 485 1220 535; x_wconf 87' lang='lat' dir='ltr'>pro·</span> <span class='ocrx_word' id='word_1_34' title='bbox 1361 471 1445 521; x_wconf 85' lang='lat'>16.</span> <span class='ocrx_word' id='word_1_35' title='bbox 1486 472 1549 520; x_wconf 90' lang='lat' dir='ltr'>de</span> <span class='ocrx_word' id='word_1_36' title='bbox 1571 470 1657 519; x_wconf 87' lang='lat' dir='ltr'>fin.</span> <span class='ocrx_word' id='word_1_37' title='bbox 1681 472 1712 521; x_wconf 87' lang='lat'>5</span> <span class='ocrx_word' id='word_1_38' title='bbox 1729 508 1743 531; x_wconf 93' lang='lat'>,</span> <span class='ocrx_word' id='word_1_39' title='bbox 1777 470 1872 531; x_wconf 83' lang='lat'>29,</span> <span class='ocrx_word' id='word_1_40' title='bbox 1898 473 1983 525; x_wconf 84' lang='lat'>87.</span> <span class='ocrx_word' id='word_1_41' title='bbox 2021 472 2226 523; x_wconf 89' lang='lat' dir='ltr'>Tuscul.</span> <span class='ocrx_word' id='word_1_42' title='bbox 2253 474 2307 535; x_wconf 81' lang='grc'>1,</span> 
     </span>
     <span class='ocr_line' id='line_1_5' title="bbox 275 537 2305 603; baseline -0.001 -12"><span class='ocrx_word' id='word_1_43' title='bbox 275 540 445 591; x_wconf 89' lang='lat' dir='ltr'>vincia</span> <span class='ocrx_word' id='word_1_44' title='bbox 477 546 713 602; x_wconf 84' lang='lat' dir='ltr'><strong>quaestor</strong></span> <span class='ocrx_word' id='word_1_45' title='bbox 739 537 800 586; x_wconf 90' lang='lat' dir='ltr'>L.</span> <span class='ocrx_word' id='word_1_46' title='bbox 831 538 1101 603; x_wconf 85' lang='lat' dir='ltr'>Appuleii,</span> <span class='ocrx_word' id='word_1_47' title='bbox 1142 540 1217 588; x_wconf 90' lang='lat' dir='ltr'>Ib.</span> <span class='ocrx_word' id='word_1_48' title='bbox 1362 542 1458 602; x_wconf 89' lang='grc'>17,</span> <span class='ocrx_word' id='word_1_49' title='bbox 1489 538 1573 591; x_wconf 88' lang='grc'>39.</span> <span class='ocrx_word' id='word_1_50' title='bbox 1610 567 1677 575; x_wconf 91' lang='grc'>-</span> <span class='ocrx_word' id='word_1_51' title='bbox 1697 540 1839 589; x_wconf 89' lang='lat' dir='ltr'>Plato</span> <span class='ocrx_word' id='word_1_52' title='bbox 1867 542 2136 591; x_wconf 80' lang='lat' dir='ltr'><strong>Tarentum</strong></span> <span class='ocrx_word' id='word_1_53' title='bbox 2168 544 2305 591; x_wconf 71' lang='lat' dir='ltr'>venit</span> 
     </span>
     <span class='ocr_line' id='line_1_6' title="bbox 274 607 2302 674; baseline 0.001 -13"><span class='ocrx_word' id='word_1_54' title='bbox 274 611 355 672; x_wconf 88' lang='grc'>11,</span> <span class='ocrx_word' id='word_1_55' title='bbox 378 611 463 660; x_wconf 88' lang='grc'>28.</span> <span class='ocrx_word' id='word_1_56' title='bbox 492 608 556 656; x_wconf 88' lang='grc'>81.</span> <span class='ocrx_word' id='word_1_57' title='bbox 574 614 693 672; x_wconf 89' lang='lat' dir='ltr'>post</span> <span class='ocrx_word' id='word_1_58' title='bbox 710 608 819 657; x_wconf 84' lang='lat' dir='ltr'>red.</span> <span class='ocrx_word' id='word_1_59' title='bbox 838 607 1012 657; x_wconf 88' lang='lat' dir='ltr'>insen.</span> <span class='ocrx_word' id='word_1_60' title='bbox 1032 608 1113 667; x_wconf 90' lang='lat'>14,</span> <span class='ocrx_word' id='word_1_61' title='bbox 1130 608 1215 660; x_wconf 86' lang='lat'>35.</span> <span class='ocrx_word' id='word_1_62' title='bbox 1358 609 1419 657; x_wconf 92' lang='lat' dir='ltr'>L.</span> <span class='ocrx_word' id='word_1_63' title='bbox 1455 608 1670 659; x_wconf 86' lang='lat' dir='ltr'>Camillo</span> <span class='ocrx_word' id='word_1_64' title='bbox 1711 610 1881 674; x_wconf 86' lang='lat' dir='ltr'>Appio</span> <span class='ocrx_word' id='word_1_65' title='bbox 1913 610 2124 660; x_wconf 71' lang='lat' dir='ltr'>Claudio</span> <span class='ocrx_word' id='word_1_66' title='bbox 2164 626 2302 664; x_wconf 73' lang='lat' dir='ltr'>coss,</span> 
     </span>
     <span class='ocr_line' id='line_1_7' title="bbox 270 676 2302 743; baseline 0.001 -17"><span class='ocrx_word' id='word_1_67' title='bbox 270 708 337 715; x_wconf 88' lang='lat'>—-</span> <span class='ocrx_word' id='word_1_68' title='bbox 352 678 607 727; x_wconf 78' lang='lat' dir='ltr'>Tribunus</span> <span class='ocrx_word' id='word_1_69' title='bbox 628 676 809 741; x_wconf 83' lang='lat' dir='ltr'>plebis,</span> <span class='ocrx_word' id='word_1_70' title='bbox 830 691 923 740; x_wconf 89' lang='lat' dir='ltr'>pro</span> <span class='ocrx_word' id='word_1_71' title='bbox 942 676 1111 725; x_wconf 83' lang='lat' dir='ltr'>Plane.</span> <span class='ocrx_word' id='word_1_72' title='bbox 1132 677 1215 737; x_wconf 89' lang='grc'>11,</span> <span class='ocrx_word' id='word_1_73' title='bbox 1361 694 1410 731; x_wconf 83' lang='lat' dir='ltr'>a.</span> <span class='ocrx_word' id='word_1_74' title='bbox 1431 694 1484 727; x_wconf 86' lang='lat' dir='ltr'>u.</span> <span class='ocrx_word' id='word_1_75' title='bbox 1508 694 1555 730; x_wconf 91' lang='grc'>8.</span> <span class='ocrx_word' id='word_1_76' title='bbox 1577 678 1696 729; x_wconf 89' lang='grc'><strong>405.</strong></span> <span class='ocrx_word' id='word_1_77' title='bbox 1718 714 1734 740; x_wconf 91' lang='grc'>,</span> <span class='ocrx_word' id='word_1_78' title='bbox 1769 678 1832 727; x_wconf 90' lang='grc'>(18</span> <span class='ocrx_word' id='word_1_79' title='bbox 1861 694 1967 729; x_wconf 79' lang='lat' dir='ltr'>sen.</span> <span class='ocrx_word' id='word_1_80' title='bbox 1994 680 2059 729; x_wconf 89' lang='grc'>12</span> <span class='ocrx_word' id='word_1_81' title='bbox 2075 716 2090 743; x_wconf 93' lang='grc'>,</span> <span class='ocrx_word' id='word_1_82' title='bbox 2125 680 2212 729; x_wconf 87' lang='grc'>41.</span> <span class='ocrx_word' id='word_1_83' title='bbox 2237 708 2302 716; x_wconf 88' lang='lat'>—-</span> 
     </span>
    </p>
   </div>
   <div class='ocr_carea' id='block_1_3' title="bbox 197 744 2310 2324">
    <p class='ocr_par' dir='ltr' id='par_1_3' title="bbox 197 744 2310 2324">
     <span class='ocr_line' id='line_1_8' title="bbox 272 744 2310 815; baseline 0 -18"><span class='ocrx_word' id='word_1_84' title='bbox 272 748 355 799; x_wconf 82' lang='lat'>18.</span> <span class='ocrx_word' id='word_1_85' title='bbox 394 748 449 796; x_wconf 90' lang='lat' dir='ltr'>in</span> <span class='ocrx_word' id='word_1_86' title='bbox 492 761 652 809; x_wconf 89' lang='lat' dir='ltr'>eoque</span> <span class='ocrx_word' id='word_1_87' title='bbox 694 744 925 795; x_wconf 77' lang='lat' dir='ltr'>Ciceroni</span> <span class='ocrx_word' id='word_1_88' title='bbox 965 746 1218 795; x_wconf 87' lang='lat' dir='ltr'>amicissi-</span> <span class='ocrx_word' id='word_1_89' title='bbox 1357 746 1500 796; x_wconf 89' lang='lat' dir='ltr'>Plato</span> <span class='ocrx_word' id='word_1_90' title='bbox 1522 748 1785 810; x_wconf 81' lang='lat' dir='ltr'>iniquitate</span> <span class='ocrx_word' id='word_1_91' title='bbox 1803 746 2056 815; x_wconf 74' lang='lat' dir='ltr'>Dionysii,</span> <span class='ocrx_word' id='word_1_92' title='bbox 2094 747 2310 797; x_wconf 87' lang='lat' dir='ltr'>Siciliae·</span> 
     </span>
     <span class='ocr_line' id='line_1_9' title="bbox 268 812 2302 881; baseline -0 -15"><span class='ocrx_word' id='word_1_93' title='bbox 268 831 407 876; x_wconf 76' lang='lat' dir='ltr'>mUS,</span> <span class='ocrx_word' id='word_1_94' title='bbox 446 816 512 865; x_wconf 89' lang='lat' dir='ltr'>ad</span> <span class='ocrx_word' id='word_1_95' title='bbox 546 814 604 873; x_wconf 87' lang='lat' dir='ltr'>Q.</span> <span class='ocrx_word' id='word_1_96' title='bbox 640 814 703 867; x_wconf 81' lang='lat' dir='ltr'>fr.</span> <span class='ocrx_word' id='word_1_97' title='bbox 738 815 799 874; x_wconf 84' lang='lat'>2,</span> <span class='ocrx_word' id='word_1_98' title='bbox 843 815 901 875; x_wconf 92' lang='lat'>1,</span> <span class='ocrx_word' id='word_1_99' title='bbox 937 812 989 867; x_wconf 88' lang='lat'>3.</span> <span class='ocrx_word' id='word_1_100' title='bbox 1026 842 1093 851; x_wconf 86' lang='lat'><em>-</em></span> <span class='ocrx_word' id='word_1_101' title='bbox 1126 814 1215 863; x_wconf 89' lang='lat' dir='ltr'>Gn.</span> <span class='ocrx_word' id='word_1_102' title='bbox 1359 817 1586 880; x_wconf 74' lang='lat' dir='ltr'>tyranni,</span> <span class='ocrx_word' id='word_1_103' title='bbox 1629 817 1713 865; x_wconf 86' lang='lat' dir='ltr'>cui</span> <span class='ocrx_word' id='word_1_104' title='bbox 1748 831 1804 865; x_wconf 89' lang='lat' dir='ltr'>se</span> <span class='ocrx_word' id='word_1_105' title='bbox 1851 818 2199 881; x_wconf 68' lang='lat' dir='ltr'>commiserat,</span> <span class='ocrx_word' id='word_1_106' title='bbox 2247 819 2302 865; x_wconf 87' lang='lat' dir='ltr'>iu</span> 
     </span>
     <span class='ocr_line' id='line_1_10' title="bbox 265 883 2303 950; baseline 0.001 -17"><span class='ocrx_word' id='word_1_107' title='bbox 265 884 507 934; x_wconf 81' lang='lat' dir='ltr'>Plancius</span> <span class='ocrx_word' id='word_1_108' title='bbox 552 883 848 933; x_wconf 81' lang='lat' dir='ltr'>Ciceronem</span> <span class='ocrx_word' id='word_1_109' title='bbox 898 884 1127 933; x_wconf 80' lang='lat' dir='ltr'>exsulem</span> <span class='ocrx_word' id='word_1_110' title='bbox 1165 885 1219 932; x_wconf 90' lang='lat' dir='ltr'>in</span> <span class='ocrx_word' id='word_1_111' title='bbox 1360 886 1595 935; x_wconf 86' lang='lat' dir='ltr'>maximis</span> <span class='ocrx_word' id='word_1_112' title='bbox 1625 884 1866 950; x_wconf 87' lang='lat' dir='ltr'>periculis</span> <span class='ocrx_word' id='word_1_113' title='bbox 1897 888 2196 948; x_wconf 85' lang='lat' dir='ltr'>insidiisque</span> <span class='ocrx_word' id='word_1_114' title='bbox 2225 894 2303 935; x_wconf 84' lang='lat' dir='ltr'>est</span> 
     </span>
     <span class='ocr_line' id='line_1_11' title="bbox 268 952 2302 1019; baseline 0.001 -17"><span class='ocrx_word' id='word_1_115' title='bbox 268 954 564 1003; x_wconf 88' lang='lat' dir='ltr'>Macedonia</span> <span class='ocrx_word' id='word_1_116' title='bbox 601 953 880 1012; x_wconf 84' lang='lat' dir='ltr'>retinebat,</span> <span class='ocrx_word' id='word_1_117' title='bbox 929 954 993 1001; x_wconf 87' lang='lat' dir='ltr'>ad</span> <span class='ocrx_word' id='word_1_118' title='bbox 1026 954 1129 1002; x_wconf 85' lang='lat' dir='ltr'>Att.</span> <span class='ocrx_word' id='word_1_119' title='bbox 1164 952 1213 1014; x_wconf 88' lang='lat'>3,</span> <span class='ocrx_word' id='word_1_120' title='bbox 1358 962 1620 1013; x_wconf 84' lang='lat' dir='ltr'>versatus,</span> <span class='ocrx_word' id='word_1_121' title='bbox 1664 969 1757 1019; x_wconf 91' lang='lat' dir='ltr'>pro</span> <span class='ocrx_word' id='word_1_122' title='bbox 1796 954 1924 1009; x_wconf 86' lang='lat' dir='ltr'>Rab.</span> <span class='ocrx_word' id='word_1_123' title='bbox 1969 955 2208 1006; x_wconf 85' lang='lat' dir='ltr'>Postumo</span> <span class='ocrx_word' id='word_1_124' title='bbox 2248 955 2302 1015; x_wconf 86' lang='lat'>9,</span> 
     </span>
     <span class='ocr_line' id='line_1_12' title="bbox 271 1020 2302 1089; baseline 0 -16"><span class='ocrx_word' id='word_1_125' title='bbox 271 1024 362 1079; x_wconf 90' lang='grc'>14,</span> <span class='ocrx_word' id='word_1_126' title='bbox 392 1025 443 1072; x_wconf 92' lang='grc'>2.</span> <span class='ocrx_word' id='word_1_127' title='bbox 480 1023 554 1074; x_wconf 92' lang='lat' dir='ltr'>Ib.</span> <span class='ocrx_word' id='word_1_128' title='bbox 579 1020 642 1084; x_wconf 87' lang='grc'>3,</span> <span class='ocrx_word' id='word_1_129' title='bbox 674 1022 773 1081; x_wconf 92' lang='grc'>22,</span> <span class='ocrx_word' id='word_1_130' title='bbox 810 1022 857 1070; x_wconf 91' lang='grc'>1.</span> <span class='ocrx_word' id='word_1_131' title='bbox 898 1023 964 1070; x_wconf 89' lang='lat' dir='ltr'>ad</span> <span class='ocrx_word' id='word_1_132' title='bbox 984 1021 1107 1074; x_wconf 83' lang='lat' dir='ltr'>fam.</span> <span class='ocrx_word' id='word_1_133' title='bbox 1131 1022 1215 1082; x_wconf 89' lang='lat'>14,</span> <span class='ocrx_word' id='word_1_134' title='bbox 1355 1022 1442 1074; x_wconf 82' lang='lat'>23.</span> <span class='ocrx_word' id='word_1_135' title='bbox 1463 1050 1534 1061; x_wconf 88' lang='lat'>—-</span> <span class='ocrx_word' id='word_1_136' title='bbox 1564 1024 1824 1074; x_wconf 82' lang='lat' dir='ltr'>Platonem</span> <span class='ocrx_word' id='word_1_137' title='bbox 1857 1024 2080 1089; x_wconf 88' lang='lat' dir='ltr'>primum</span> <span class='ocrx_word' id='word_1_138' title='bbox 2099 1025 2151 1073; x_wconf 89' lang='lat' dir='ltr'>in</span> <span class='ocrx_word' id='word_1_139' title='bbox 2173 1026 2302 1073; x_wconf 85' lang='lat' dir='ltr'>Aca-</span> 
     </span>
     <span class='ocr_line' id='line_1_13' title="bbox 271 1090 2297 1158; baseline 0 -16"><span class='ocrx_word' id='word_1_140' title='bbox 271 1092 321 1153; x_wconf 92' lang='grc'>1,</span> <span class='ocrx_word' id='word_1_141' title='bbox 340 1092 389 1141; x_wconf 87' lang='grc'>3.</span> <span class='ocrx_word' id='word_1_142' title='bbox 414 1118 481 1127; x_wconf 89' lang='grc'><strong>-</strong></span> <span class='ocrx_word' id='word_1_143' title='bbox 503 1091 769 1140; x_wconf 86' lang='lat' dir='ltr'>Orationes</span> <span class='ocrx_word' id='word_1_144' title='bbox 792 1090 1097 1155; x_wconf 81' lang='lat' dir='ltr'>efflagitatas</span> <span class='ocrx_word' id='word_1_145' title='bbox 1121 1105 1213 1155; x_wconf 90' lang='lat' dir='ltr'>pro</span> <span class='ocrx_word' id='word_1_146' title='bbox 1357 1094 1525 1143; x_wconf 87' lang='lat' dir='ltr'>demia</span> <span class='ocrx_word' id='word_1_147' title='bbox 1555 1093 1816 1158; x_wconf 87' lang='lat' dir='ltr'>disputare</span> <span class='ocrx_word' id='word_1_148' title='bbox 1847 1094 2052 1144; x_wconf 85' lang='lat' dir='ltr'>solitum</span> <span class='ocrx_word' id='word_1_149' title='bbox 2069 1128 2084 1155; x_wconf 90' lang='lat'>,</span> <span class='ocrx_word' id='word_1_150' title='bbox 2117 1094 2181 1142; x_wconf 86' lang='grc'>(18</span> <span class='ocrx_word' id='word_1_151' title='bbox 2209 1092 2297 1143; x_wconf 80' lang='lat' dir='ltr'>fin.</span> 
     </span>
     <span class='ocr_line' id='line_1_14' title="bbox 270 1158 2306 1223; baseline 0 -13"><span class='ocrx_word' id='word_1_152' title='bbox 270 1160 460 1210; x_wconf 84' lang='lat' dir='ltr'>Scauro</span> <span class='ocrx_word' id='word_1_153' title='bbox 483 1166 531 1209; x_wconf 88' lang='lat' dir='ltr'>et</span> <span class='ocrx_word' id='word_1_154' title='bbox 550 1174 641 1223; x_wconf 90' lang='lat' dir='ltr'>pro</span> <span class='ocrx_word' id='word_1_155' title='bbox 662 1158 866 1208; x_wconf 85' lang='lat' dir='ltr'>Plancio</span> <span class='ocrx_word' id='word_1_156' title='bbox 894 1160 1112 1209; x_wconf 86' lang='lat' dir='ltr'>absolvit</span> <span class='ocrx_word' id='word_1_157' title='bbox 1132 1159 1215 1209; x_wconf 88' lang='lat' dir='ltr'>Ci-</span> <span class='ocrx_word' id='word_1_158' title='bbox 1355 1162 1405 1220; x_wconf 84' lang='lat'>5,</span> <span class='ocrx_word' id='word_1_159' title='bbox 1429 1161 1453 1209; x_wconf 98' lang='grc'>1</span> <span class='ocrx_word' id='word_1_160' title='bbox 1472 1198 1487 1222; x_wconf 92' lang='grc'>,</span> <span class='ocrx_word' id='word_1_161' title='bbox 1509 1163 1560 1213; x_wconf 90' lang='grc'>2.</span> <span class='ocrx_word' id='word_1_162' title='bbox 1599 1162 1664 1211; x_wconf 89' lang='grc'>81.</span> <span class='ocrx_word' id='word_1_163' title='bbox 1686 1170 1811 1211; x_wconf 89' lang='lat' dir='ltr'>orat.</span> <span class='ocrx_word' id='word_1_164' title='bbox 1835 1162 1894 1223; x_wconf 85' lang='lat'>3,</span> <span class='ocrx_word' id='word_1_165' title='bbox 1927 1162 2010 1213; x_wconf 93' lang='grc'>12.</span> <span class='ocrx_word' id='word_1_166' title='bbox 2029 1188 2098 1198; x_wconf 91' lang='grc'>-</span> <span class='ocrx_word' id='word_1_167' title='bbox 2115 1162 2306 1211; x_wconf 79' lang='lat' dir='ltr'>Demo-</span> 
     </span>
     <span class='ocr_line' id='line_1_15' title="bbox 270 1226 2296 1294; baseline 0.001 -15"><span class='ocrx_word' id='word_1_168' title='bbox 270 1244 385 1279; x_wconf 89' lang='lat' dir='ltr'>cero</span> <span class='ocrx_word' id='word_1_169' title='bbox 415 1244 461 1279; x_wconf 85' lang='lat' dir='ltr'>a.</span> <span class='ocrx_word' id='word_1_170' title='bbox 483 1245 535 1278; x_wconf 91' lang='lat' dir='ltr'>u.</span> <span class='ocrx_word' id='word_1_171' title='bbox 560 1244 607 1281; x_wconf 84' lang='lat' dir='ltr'>c.</span> <span class='ocrx_word' id='word_1_172' title='bbox 630 1226 786 1292; x_wconf 89' lang='grc'><strong>700.,</strong></span> <span class='ocrx_word' id='word_1_173' title='bbox 813 1229 879 1277; x_wconf 85' lang='lat' dir='ltr'>ad</span> <span class='ocrx_word' id='word_1_174' title='bbox 898 1228 955 1286; x_wconf 87' lang='lat' dir='ltr'>Q.</span> <span class='ocrx_word' id='word_1_175' title='bbox 984 1228 1044 1278; x_wconf 83' lang='lat' dir='ltr'>fr.</span> <span class='ocrx_word' id='word_1_176' title='bbox 1066 1227 1127 1288; x_wconf 89' lang='lat'>3,</span> <span class='ocrx_word' id='word_1_177' title='bbox 1164 1228 1211 1289; x_wconf 91' lang='lat'>1,</span> <span class='ocrx_word' id='word_1_178' title='bbox 1356 1229 1550 1279; x_wconf 88' lang='lat' dir='ltr'>sthenis</span> <span class='ocrx_word' id='word_1_179' title='bbox 1581 1232 1824 1294; x_wconf 85' lang='lat' dir='ltr'>magister</span> <span class='ocrx_word' id='word_1_180' title='bbox 1853 1230 1975 1291; x_wconf 81' lang='lat' dir='ltr'>fuit,</span> <span class='ocrx_word' id='word_1_181' title='bbox 2005 1233 2078 1281; x_wconf 89' lang='lat' dir='ltr'>Ib.</span> <span class='ocrx_word' id='word_1_182' title='bbox 2111 1232 2175 1293; x_wconf 87' lang='lat'>4,</span> <span class='ocrx_word' id='word_1_183' title='bbox 2210 1231 2296 1283; x_wconf 91' lang='grc'>15.</span> 
     </span>
     <span class='ocr_line' id='line_1_16' title="bbox 266 1296 2300 1363; baseline -0.001 -14"><span class='ocrx_word' id='word_1_184' title='bbox 266 1302 319 1352; x_wconf 89' lang='grc'>4.</span> <span class='ocrx_word' id='word_1_185' title='bbox 350 1302 400 1363; x_wconf 75' lang='lat' dir='ltr'>S.</span> <span class='ocrx_word' id='word_1_186' title='bbox 424 1298 508 1347; x_wconf 88' lang='lat'>11.</span> <span class='ocrx_word' id='word_1_187' title='bbox 529 1324 600 1335; x_wconf 89' lang='lat'>—</span> <span class='ocrx_word' id='word_1_188' title='bbox 621 1296 711 1346; x_wconf 83' lang='lat' dir='ltr'>Cn.</span> <span class='ocrx_word' id='word_1_189' title='bbox 736 1296 996 1346; x_wconf 90' lang='lat' dir='ltr'>Plancium</span> <span class='ocrx_word' id='word_1_190' title='bbox 1030 1297 1215 1361; x_wconf 56' lang='grc'><strong>(30183-</strong></span> <span class='ocrx_word' id='word_1_191' title='bbox 1357 1325 1424 1333; x_wconf 91' lang='grc'>-</span> <span class='ocrx_word' id='word_1_192' title='bbox 1456 1299 1600 1349; x_wconf 91' lang='lat' dir='ltr'>Plato</span> <span class='ocrx_word' id='word_1_193' title='bbox 1629 1300 1692 1347; x_wconf 87' lang='lat' dir='ltr'>ab</span> <span class='ocrx_word' id='word_1_194' title='bbox 1729 1300 1982 1363; x_wconf 87' lang='lat' dir='ltr'>Epicuriis</span> <span class='ocrx_word' id='word_1_195' title='bbox 2025 1300 2300 1363; x_wconf 87' lang='lat' dir='ltr'>reprehen-</span> 
     </span>
     <span class='ocr_line' id='line_1_17' title="bbox 269 1365 2302 1431; baseline -0.001 -14"><span class='ocrx_word' id='word_1_196' title='bbox 269 1384 356 1417; x_wconf 89' lang='lat' dir='ltr'>rae</span> <span class='ocrx_word' id='word_1_197' title='bbox 386 1367 617 1416; x_wconf 71' lang='lat' dir='ltr'>exsulem</span> <span class='ocrx_word' id='word_1_198' title='bbox 648 1381 695 1413; x_wconf 88' lang='lat' dir='ltr'>a.</span> <span class='ocrx_word' id='word_1_199' title='bbox 719 1382 771 1415; x_wconf 91' lang='lat' dir='ltr'>u.</span> <span class='ocrx_word' id='word_1_200' title='bbox 810 1381 853 1414; x_wconf 89' lang='lat' dir='ltr'>c.</span> <span class='ocrx_word' id='word_1_201' title='bbox 879 1365 997 1417; x_wconf 88' lang='lat'><strong>708.</strong></span> <span class='ocrx_word' id='word_1_202' title='bbox 1035 1380 1215 1416; x_wconf 88' lang='lat' dir='ltr'>conso-</span> <span class='ocrx_word' id='word_1_203' title='bbox 1357 1382 1476 1427; x_wconf 74' lang='lat' dir='ltr'>sue,</span> <span class='ocrx_word' id='word_1_204' title='bbox 1511 1366 1646 1428; x_wconf 85' lang='lat' dir='ltr'>quod</span> <span class='ocrx_word' id='word_1_205' title='bbox 1677 1382 1733 1415; x_wconf 90' lang='lat' dir='ltr'>se</span> <span class='ocrx_word' id='word_1_206' title='bbox 1760 1369 1813 1415; x_wconf 90' lang='lat' dir='ltr'>in</span> <span class='ocrx_word' id='word_1_207' title='bbox 1833 1368 2068 1427; x_wconf 78' lang='lat' dir='ltr'>musiciS,</span> <span class='ocrx_word' id='word_1_208' title='bbox 2095 1382 2302 1431; x_wconf 82' lang='lat' dir='ltr'>geome-</span> 
     </span>
     <span class='ocr_line' id='line_1_18' title="bbox 270 1434 2301 1498; baseline 0 -13"><span class='ocrx_word' id='word_1_209' title='bbox 270 1437 403 1486; x_wconf 87' lang='lat' dir='ltr'>latur</span> <span class='ocrx_word' id='word_1_210' title='bbox 429 1436 601 1486; x_wconf 89' lang='lat' dir='ltr'>Cicero</span> <span class='ocrx_word' id='word_1_211' title='bbox 624 1435 691 1485; x_wconf 88' lang='lat' dir='ltr'>ad</span> <span class='ocrx_word' id='word_1_212' title='bbox 710 1434 832 1484; x_wconf 83' lang='lat' dir='ltr'>fam.</span> <span class='ocrx_word' id='word_1_213' title='bbox 858 1436 921 1496; x_wconf 90' lang='lat'>4,</span> <span class='ocrx_word' id='word_1_214' title='bbox 948 1434 1030 1484; x_wconf 90' lang='grc'>14.</span> <span class='ocrx_word' id='word_1_215' title='bbox 1057 1442 1105 1483; x_wconf 89' lang='lat' dir='ltr'>et</span> <span class='ocrx_word' id='word_1_216' title='bbox 1129 1435 1211 1485; x_wconf 88' lang='lat'>15.</span> <span class='ocrx_word' id='word_1_217' title='bbox 1352 1437 1480 1498; x_wconf 88' lang='lat' dir='ltr'>tria,</span> <span class='ocrx_word' id='word_1_218' title='bbox 1509 1436 1732 1484; x_wconf 85' lang='lat' dir='ltr'>numeris</span> <span class='ocrx_word' id='word_1_219' title='bbox 1750 1472 1763 1497; x_wconf 86' lang='lat'>,</span> <span class='ocrx_word' id='word_1_220' title='bbox 1800 1438 1950 1484; x_wconf 83' lang='lat' dir='ltr'>astris</span> <span class='ocrx_word' id='word_1_221' title='bbox 1987 1437 2301 1496; x_wconf 81' lang='lat' dir='ltr'>contriverit,</span> 
     </span>
     <span class='ocr_line' id='line_1_19' title="bbox 270 1501 2302 1566; baseline -0.001 -12"><span class='ocrx_word' id='word_1_222' title='bbox 270 1534 339 1545; x_wconf 80' lang='lat'>-</span> <span class='ocrx_word' id='word_1_223' title='bbox 374 1506 493 1555; x_wconf 89' lang='lat' dir='ltr'>Eius</span> <span class='ocrx_word' id='word_1_224' title='bbox 523 1505 720 1555; x_wconf 87' lang='lat' dir='ltr'>litterae</span> <span class='ocrx_word' id='word_1_225' title='bbox 748 1519 794 1552; x_wconf 86' lang='lat' dir='ltr'>a.</span> <span class='ocrx_word' id='word_1_226' title='bbox 831 1520 883 1555; x_wconf 90' lang='lat' dir='ltr'>u.</span> <span class='ocrx_word' id='word_1_227' title='bbox 923 1519 969 1551; x_wconf 91' lang='grc'>8.</span> <span class='ocrx_word' id='word_1_228' title='bbox 1000 1502 1119 1553; x_wconf 89' lang='grc'><strong>709.</strong></span> <span class='ocrx_word' id='word_1_229' title='bbox 1150 1506 1215 1553; x_wconf 84' lang='lat' dir='ltr'>ad</span> <span class='ocrx_word' id='word_1_230' title='bbox 1359 1505 1421 1552; x_wconf 90' lang='grc'>(18</span> <span class='ocrx_word' id='word_1_231' title='bbox 1438 1504 1523 1551; x_wconf 82' lang='grc'><strong>1111.</strong></span> <span class='ocrx_word' id='word_1_232' title='bbox 1551 1503 1577 1552; x_wconf 93' lang='grc'>1</span> <span class='ocrx_word' id='word_1_233' title='bbox 1595 1539 1608 1561; x_wconf 94' lang='grc'>,</span> <span class='ocrx_word' id='word_1_234' title='bbox 1631 1501 1694 1551; x_wconf 93' lang='grc'>21</span> <span class='ocrx_word' id='word_1_235' title='bbox 1717 1539 1731 1566; x_wconf 95' lang='grc'>,</span> <span class='ocrx_word' id='word_1_236' title='bbox 1753 1504 1840 1556; x_wconf 87' lang='grc'>72.</span> <span class='ocrx_word' id='word_1_237' title='bbox 1862 1530 1930 1539; x_wconf 90' lang='grc'>-</span> <span class='ocrx_word' id='word_1_238' title='bbox 1948 1502 2090 1552; x_wconf 86' lang='lat' dir='ltr'>Plato</span> <span class='ocrx_word' id='word_1_239' title='bbox 2113 1504 2302 1552; x_wconf 87' lang='lat' dir='ltr'>doctri-</span> 
     </span>
     <span class='ocr_line' id='line_1_20' title="bbox 270 1570 2301 1639; baseline -0.001 -16"><span class='ocrx_word' id='word_1_240' title='bbox 270 1575 549 1623; x_wconf 86' lang='lat' dir='ltr'>Toranium</span> <span class='ocrx_word' id='word_1_241' title='bbox 580 1574 794 1634; x_wconf 87' lang='lat' dir='ltr'>missae,</span> <span class='ocrx_word' id='word_1_242' title='bbox 834 1573 911 1623; x_wconf 93' lang='lat' dir='ltr'>lb.</span> <span class='ocrx_word' id='word_1_243' title='bbox 935 1573 969 1624; x_wconf 87' lang='grc'>6</span> <span class='ocrx_word' id='word_1_244' title='bbox 990 1610 1004 1636; x_wconf 88' lang='grc'>,</span> <span class='ocrx_word' id='word_1_245' title='bbox 1036 1572 1131 1634; x_wconf 90' lang='grc'>20,</span> <span class='ocrx_word' id='word_1_246' title='bbox 1165 1573 1211 1621; x_wconf 92' lang='grc'>1.</span> <span class='ocrx_word' id='word_1_247' title='bbox 1355 1574 1438 1620; x_wconf 87' lang='lat' dir='ltr'>nis</span> <span class='ocrx_word' id='word_1_248' title='bbox 1494 1572 1728 1621; x_wconf 88' lang='lat' dir='ltr'>omnibus</span> <span class='ocrx_word' id='word_1_249' title='bbox 1788 1573 2038 1639; x_wconf 87' lang='lat' dir='ltr'>expolivit</span> <span class='ocrx_word' id='word_1_250' title='bbox 2086 1570 2301 1622; x_wconf 32' lang='lat' dir='ltr'>Dionem.</span> 
     </span>
     <span class='ocr_line' id='line_1_21' title="bbox 270 1640 2299 1706; baseline -0 -14"><span class='ocrx_word' id='word_1_251' title='bbox 270 1644 344 1693; x_wconf 90' lang='lat' dir='ltr'>Ib.</span> <span class='ocrx_word' id='word_1_252' title='bbox 381 1644 461 1701; x_wconf 88' lang='grc'>16,</span> <span class='ocrx_word' id='word_1_253' title='bbox 488 1644 539 1703; x_wconf 88' lang='grc'>9,</span> <span class='ocrx_word' id='word_1_254' title='bbox 567 1644 617 1691; x_wconf 89' lang='grc'>2.</span> <span class='ocrx_word' id='word_1_255' title='bbox 652 1642 717 1690; x_wconf 89' lang='lat' dir='ltr'>ad</span> <span class='ocrx_word' id='word_1_256' title='bbox 738 1641 845 1689; x_wconf 82' lang='lat' dir='ltr'>Att.</span> <span class='ocrx_word' id='word_1_257' title='bbox 872 1641 919 1701; x_wconf 91' lang='lat'>1,</span> <span class='ocrx_word' id='word_1_258' title='bbox 945 1641 1027 1701; x_wconf 89' lang='grc'>12,</span> <span class='ocrx_word' id='word_1_259' title='bbox 1053 1643 1103 1690; x_wconf 88' lang='grc'>2.</span> <span class='ocrx_word' id='word_1_260' title='bbox 1357 1640 1715 1706; x_wconf 78' lang='lat' dir='ltr'>Syracusium‚</span> <span class='ocrx_word' id='word_1_261' title='bbox 1745 1642 1807 1690; x_wconf 87' lang='grc'>(18</span> <span class='ocrx_word' id='word_1_262' title='bbox 1831 1650 1955 1695; x_wconf 79' lang='lat' dir='ltr'>orat.</span> <span class='ocrx_word' id='word_1_263' title='bbox 1979 1642 2037 1705; x_wconf 87' lang='grc'><strong>3,</strong></span> <span class='ocrx_word' id='word_1_264' title='bbox 2061 1641 2156 1705; x_wconf 87' lang='grc'><strong>34,</strong></span> <span class='ocrx_word' id='word_1_265' title='bbox 2180 1641 2299 1693; x_wconf 86' lang='grc'><strong>139.</strong></span> 
     </span>
     <span class='ocr_line' id='line_1_22' title="bbox 202 1706 2300 1774; baseline -0.001 -12"><span class='ocrx_word' id='word_1_266' title='bbox 202 1710 461 1763; x_wconf 83' lang='lat' dir='ltr'>Plancus.</span> <span class='ocrx_word' id='word_1_267' title='bbox 500 1713 563 1760; x_wconf 93' lang='lat' dir='ltr'>V.</span> <span class='ocrx_word' id='word_1_268' title='bbox 586 1712 637 1758; x_wconf 93' lang='lat' dir='ltr'>in</span> <span class='ocrx_word' id='word_1_269' title='bbox 656 1706 948 1760; x_wconf 78' lang='lat' dir='ltr'>Munatiis.</span> <span class='ocrx_word' id='word_1_270' title='bbox 1355 1710 1422 1763; x_wconf 86' lang='grc'>81.</span> <span class='ocrx_word' id='word_1_271' title='bbox 1447 1710 1510 1760; x_wconf 88' lang='grc'>(18</span> <span class='ocrx_word' id='word_1_272' title='bbox 1531 1710 1614 1759; x_wconf 88' lang='lat' dir='ltr'>off.</span> <span class='ocrx_word' id='word_1_273' title='bbox 1639 1711 1687 1772; x_wconf 82' lang='lat'>1,</span> <span class='ocrx_word' id='word_1_274' title='bbox 1707 1711 1936 1771; x_wconf 85' lang='lat'>44,.155.</span> <span class='ocrx_word' id='word_1_275' title='bbox 1961 1739 2026 1747; x_wconf 91' lang='lat'>—</span> <span class='ocrx_word' id='word_1_276' title='bbox 2047 1710 2170 1758; x_wconf 89' lang='lat' dir='ltr'>Eius</span> <span class='ocrx_word' id='word_1_277' title='bbox 2187 1711 2300 1774; x_wconf 90' lang='lat' dir='ltr'>pla-</span> 
     </span>
     <span class='ocr_line' id='line_1_23' title="bbox 201 1778 2299 1845; baseline -0.001 -14"><span class='ocrx_word' id='word_1_278' title='bbox 201 1780 471 1831; x_wconf 86' lang='lat' dir='ltr'>Planetae</span> <span class='ocrx_word' id='word_1_279' title='bbox 499 1780 748 1842; x_wconf 89' lang='lat' dir='ltr'>quinque,</span> <span class='ocrx_word' id='word_1_280' title='bbox 777 1782 913 1828; x_wconf 81' lang='lat' dir='ltr'>Arat.</span> <span class='ocrx_word' id='word_1_281' title='bbox 934 1793 984 1827; x_wconf 87' lang='lat' dir='ltr'>v.</span> <span class='ocrx_word' id='word_1_282' title='bbox 1007 1778 1127 1828; x_wconf 88' lang='grc'><strong>471.</strong></span> <span class='ocrx_word' id='word_1_283' title='bbox 1148 1804 1215 1815; x_wconf 86' lang='lat'>--</span> <span class='ocrx_word' id='word_1_284' title='bbox 1355 1780 1470 1830; x_wconf 89' lang='lat' dir='ltr'>cida</span> <span class='ocrx_word' id='word_1_285' title='bbox 1489 1794 1549 1827; x_wconf 87' lang='lat' dir='ltr'>ac</span> <span class='ocrx_word' id='word_1_286' title='bbox 1566 1779 1695 1828; x_wconf 89' lang='lat' dir='ltr'>lenis</span> <span class='ocrx_word' id='word_1_287' title='bbox 1723 1786 1984 1845; x_wconf 77' lang='lat' dir='ltr'>senectuS,</span> <span class='ocrx_word' id='word_1_288' title='bbox 2015 1781 2103 1842; x_wconf 90' lang='lat' dir='ltr'>qui</span> <span class='ocrx_word' id='word_1_289' title='bbox 2124 1794 2223 1828; x_wconf 92' lang='lat' dir='ltr'>uno</span> <span class='ocrx_word' id='word_1_290' title='bbox 2250 1788 2299 1829; x_wconf 82' lang='lat' dir='ltr'>et</span> 
     </span>
     <span class='ocr_line' id='line_1_24' title="bbox 267 1846 2299 1913; baseline -0.002 -12"><span class='ocrx_word' id='word_1_291' title='bbox 267 1850 455 1901; x_wconf 87' lang='lat' dir='ltr'>Eorum</span> <span class='ocrx_word' id='word_1_292' title='bbox 472 1848 755 1910; x_wconf 84' lang='lat' dir='ltr'>intervalla,</span> <span class='ocrx_word' id='word_1_293' title='bbox 774 1848 835 1897; x_wconf 88' lang='lat' dir='ltr'>de</span> <span class='ocrx_word' id='word_1_294' title='bbox 850 1846 1211 1909; x_wconf 82' lang='lat' dir='ltr'>div.2,43,91.</span> <span class='ocrx_word' id='word_1_295' title='bbox 1359 1849 1670 1913; x_wconf 84' lang='lat' dir='ltr'>octogesimo</span> <span class='ocrx_word' id='word_1_296' title='bbox 1731 1862 1862 1897; x_wconf 89' lang='lat' dir='ltr'>anno</span> <span class='ocrx_word' id='word_1_297' title='bbox 1924 1850 2154 1899; x_wconf 88' lang='lat' dir='ltr'>scribens</span> <span class='ocrx_word' id='word_1_298' title='bbox 2219 1856 2299 1897; x_wconf 84' lang='lat' dir='ltr'>est</span> 
     </span>
     <span class='ocr_line' id='line_1_25' title="bbox 200 1915 2294 1982; baseline -0.001 -12"><span class='ocrx_word' id='word_1_299' title='bbox 200 1917 281 1970; x_wconf 82' lang='lat' dir='ltr'>M.</span> <span class='ocrx_word' id='word_1_300' title='bbox 300 1915 535 1972; x_wconf 78' lang='lat' dir='ltr'>Planius</span> <span class='ocrx_word' id='word_1_301' title='bbox 548 1916 754 1982; x_wconf 82' lang='lat' dir='ltr'>Heres,</span> <span class='ocrx_word' id='word_1_302' title='bbox 768 1916 1005 1978; x_wconf 81' lang='lat' dir='ltr'>CalenuS,</span> <span class='ocrx_word' id='word_1_303' title='bbox 1022 1915 1213 1981; x_wconf 86' lang='lat' dir='ltr'>Leptae</span> <span class='ocrx_word' id='word_1_304' title='bbox 1357 1926 1612 1978; x_wconf 87' lang='lat' dir='ltr'>mortuus,</span> <span class='ocrx_word' id='word_1_305' title='bbox 1633 1917 1695 1966; x_wconf 87' lang='lat' dir='ltr'>de</span> <span class='ocrx_word' id='word_1_306' title='bbox 1713 1933 1821 1971; x_wconf 88' lang='lat' dir='ltr'>sen.</span> <span class='ocrx_word' id='word_1_307' title='bbox 1843 1916 1894 1980; x_wconf 89' lang='grc'><strong>5,</strong></span> <span class='ocrx_word' id='word_1_308' title='bbox 1921 1917 2001 1970; x_wconf 86' lang='grc'>13.</span> <span class='ocrx_word' id='word_1_309' title='bbox 2039 1919 2113 1968; x_wconf 90' lang='lat' dir='ltr'>Ib.</span> <span class='ocrx_word' id='word_1_310' title='bbox 2136 1919 2185 1976; x_wconf 90' lang='lat'><strong>7,</strong></span> <span class='ocrx_word' id='word_1_311' title='bbox 2207 1916 2294 1968; x_wconf 81' lang='lat'>23.</span> 
     </span>
     <span class='ocr_line' id='line_1_26' title="bbox 268 1985 2298 2051; baseline -0.003 -11"><span class='ocrx_word' id='word_1_312' title='bbox 268 1989 555 2040; x_wconf 76' lang='lat' dir='ltr'>familiaris,</span> <span class='ocrx_word' id='word_1_313' title='bbox 618 1985 911 2036; x_wconf 85' lang='lat' dir='ltr'>Dolabellae</span> <span class='ocrx_word' id='word_1_314' title='bbox 960 2002 1213 2050; x_wconf 80' lang='lat' dir='ltr'>commen-</span> <span class='ocrx_word' id='word_1_315' title='bbox 1357 2014 1423 2022; x_wconf 94' lang='lat'>—</span> <span class='ocrx_word' id='word_1_316' title='bbox 1452 1985 1594 2036; x_wconf 88' lang='lat' dir='ltr'>Plato</span> <span class='ocrx_word' id='word_1_317' title='bbox 1630 1985 2000 2051; x_wconf 86' lang='lat' dir='ltr'>Speusippum,</span> <span class='ocrx_word' id='word_1_318' title='bbox 2027 1986 2217 2036; x_wconf 89' lang='lat' dir='ltr'>sororis</span> <span class='ocrx_word' id='word_1_319' title='bbox 2237 1986 2298 2034; x_wconf 87' lang='lat' dir='ltr'>fi-</span> 
     </span>
     <span class='ocr_line' id='line_1_27' title="bbox 269 2053 2299 2121; baseline -0.002 -13"><span class='ocrx_word' id='word_1_320' title='bbox 269 2059 417 2108; x_wconf 87' lang='lat' dir='ltr'>datur</span> <span class='ocrx_word' id='word_1_321' title='bbox 456 2073 502 2106; x_wconf 87' lang='lat' dir='ltr'>a.</span> <span class='ocrx_word' id='word_1_322' title='bbox 538 2071 591 2104; x_wconf 92' lang='lat' dir='ltr'>u.</span> <span class='ocrx_word' id='word_1_323' title='bbox 630 2073 675 2106; x_wconf 88' lang='grc'>8.</span> <span class='ocrx_word' id='word_1_324' title='bbox 716 2054 866 2115; x_wconf 87' lang='grc'><strong>709.,</strong></span> <span class='ocrx_word' id='word_1_325' title='bbox 908 2056 976 2105; x_wconf 86' lang='lat' dir='ltr'>ad</span> <span class='ocrx_word' id='word_1_326' title='bbox 1004 2055 1123 2104; x_wconf 85' lang='lat' dir='ltr'>fam.</span> <span class='ocrx_word' id='word_1_327' title='bbox 1159 2056 1212 2120; x_wconf 88' lang='grc'><strong>9,</strong></span> <span class='ocrx_word' id='word_1_328' title='bbox 1357 2057 1513 2118; x_wconf 82' lang='grc'><strong>1111111,</strong></span> <span class='ocrx_word' id='word_1_329' title='bbox 1561 2055 1919 2121; x_wconf 82' lang='lat' dir='ltr'>philosophiae</span> <span class='ocrx_word' id='word_1_330' title='bbox 1966 2056 2110 2118; x_wconf 86' lang='lat' dir='ltr'>quasi</span> <span class='ocrx_word' id='word_1_331' title='bbox 2151 2053 2299 2104; x_wconf 90' lang='lat' dir='ltr'>here-</span> 
     </span>
     <span class='ocr_line' id='line_1_28' title="bbox 268 2123 2296 2188; baseline -0.002 -10"><span class='ocrx_word' id='word_1_332' title='bbox 268 2127 352 2187; x_wconf 90' lang='lat'>13,</span> <span class='ocrx_word' id='word_1_333' title='bbox 376 2127 426 2176; x_wconf 91' lang='grc'>2.</span> <span class='ocrx_word' id='word_1_334' title='bbox 1356 2127 1472 2176; x_wconf 87' lang='lat' dir='ltr'>dem</span> <span class='ocrx_word' id='word_1_335' title='bbox 1489 2124 1720 2188; x_wconf 87' lang='lat' dir='ltr'>reliquit,</span> <span class='ocrx_word' id='word_1_336' title='bbox 1741 2127 1862 2174; x_wconf 87' lang='lat' dir='ltr'>item</span> <span class='ocrx_word' id='word_1_337' title='bbox 1881 2123 2214 2175; x_wconf 85' lang='lat' dir='ltr'>Xenocratem</span> <span class='ocrx_word' id='word_1_338' title='bbox 2247 2134 2296 2174; x_wconf 90' lang='lat' dir='ltr'>et</span> 
     </span>
     <span class='ocr_line' id='line_1_29' title="bbox 197 2193 2294 2260; baseline -0.003 -13"><span class='ocrx_word' id='word_1_339' title='bbox 197 2195 469 2246; x_wconf 82' lang='lat' dir='ltr'>Plataeae</span> <span class='ocrx_word' id='word_1_340' title='bbox 486 2231 501 2256; x_wconf 92' lang='lat'>,</span> <span class='ocrx_word' id='word_1_341' title='bbox 553 2195 674 2243; x_wconf 91' lang='lat' dir='ltr'>urbs</span> <span class='ocrx_word' id='word_1_342' title='bbox 716 2195 984 2253; x_wconf 86' lang='lat' dir='ltr'>Boeotiae,</span> <span class='ocrx_word' id='word_1_343' title='bbox 1022 2194 1086 2243; x_wconf 85' lang='lat' dir='ltr'>de</span> <span class='ocrx_word' id='word_1_344' title='bbox 1124 2193 1210 2243; x_wconf 84' lang='lat' dir='ltr'>off.</span> <span class='ocrx_word' id='word_1_345' title='bbox 1351 2194 1698 2253; x_wconf 84' lang='lat' dir='ltr'>Aristotelem,</span> <span class='ocrx_word' id='word_1_346' title='bbox 1721 2194 1882 2245; x_wconf 86' lang='lat' dir='ltr'>Acad.</span> <span class='ocrx_word' id='word_1_347' title='bbox 1905 2201 2038 2260; x_wconf 88' lang='lat' dir='ltr'>post.</span> <span class='ocrx_word' id='word_1_348' title='bbox 2066 2196 2112 2256; x_wconf 93' lang='lat'>1,</span> <span class='ocrx_word' id='word_1_349' title='bbox 2133 2196 2182 2257; x_wconf 87' lang='grc'><strong>4,</strong></span> <span class='ocrx_word' id='word_1_350' title='bbox 2208 2195 2294 2243; x_wconf 91' lang='grc'>17.</span> 
     </span>
     <span class='ocr_line' id='line_1_30' title="bbox 271 2261 2294 2324; baseline -0.002 -10"><span class='ocrx_word' id='word_1_351' title='bbox 271 2265 320 2324; x_wconf 89' lang='grc'>1,</span> <span class='ocrx_word' id='word_1_352' title='bbox 343 2263 427 2320; x_wconf 88' lang='grc'>18,</span> <span class='ocrx_word' id='word_1_353' title='bbox 449 2263 536 2313; x_wconf 90' lang='grc'>61.</span> <span class='ocrx_word' id='word_1_354' title='bbox 1352 2292 1424 2302; x_wconf 84' lang='grc'>-</span> <span class='ocrx_word' id='word_1_355' title='bbox 1455 2263 1578 2312; x_wconf 86' lang='lat' dir='ltr'>Eius</span> <span class='ocrx_word' id='word_1_356' title='bbox 1613 2264 1771 2314; x_wconf 87' lang='lat' dir='ltr'>libros</span> <span class='ocrx_word' id='word_1_357' title='bbox 1801 2263 1980 2314; x_wconf 88' lang='lat' dir='ltr'>solitus</span> <span class='ocrx_word' id='word_1_358' title='bbox 2018 2271 2095 2312; x_wconf 90' lang='lat' dir='ltr'>est</span> <span class='ocrx_word' id='word_1_359' title='bbox 2130 2261 2294 2312; x_wconf 87' lang='lat' dir='ltr'>divul-</span> 
     </span>
    </p>
   </div>
   <div class='ocr_carea' id='block_1_4' title="bbox 196 2328 2293 2536">
    <p class='ocr_par' dir='ltr' id='par_1_4' title="bbox 196 2328 2293 2536">
     <span class='ocr_line' id='line_1_31' title="bbox 196 2328 2290 2400; baseline -0.003 -15"><span class='ocrx_word' id='word_1_360' title='bbox 196 2332 365 2385; x_wconf 81' lang='lat' dir='ltr'>Plato</span> <span class='ocrx_word' id='word_1_361' title='bbox 383 2369 398 2396; x_wconf 92' lang='lat'>,</span> <span class='ocrx_word' id='word_1_362' title='bbox 464 2328 801 2395; x_wconf 89' lang='lat' dir='ltr'>philosophus</span> <span class='ocrx_word' id='word_1_363' title='bbox 862 2329 1207 2380; x_wconf 77' lang='lat' dir='ltr'>Atheniensis.</span> <span class='ocrx_word' id='word_1_364' title='bbox 1353 2347 1475 2400; x_wconf 82' lang='lat' dir='ltr'>gare</span> <span class='ocrx_word' id='word_1_365' title='bbox 1493 2331 1861 2393; x_wconf 86' lang='lat' dir='ltr'>Hermodorus,</span> <span class='ocrx_word' id='word_1_366' title='bbox 1883 2333 1948 2381; x_wconf 86' lang='lat' dir='ltr'>ad</span> <span class='ocrx_word' id='word_1_367' title='bbox 1971 2332 2074 2380; x_wconf 87' lang='lat' dir='ltr'>Att.</span> <span class='ocrx_word' id='word_1_368' title='bbox 2101 2330 2182 2391; x_wconf 86' lang='lat'>13,</span> <span class='ocrx_word' id='word_1_369' title='bbox 2205 2329 2290 2395; x_wconf 87' lang='grc'>20,</span> 
     </span>
     <span class='ocr_line' id='line_1_32' title="bbox 264 2396 2293 2466; baseline -0.001 -14"><span class='ocrx_word' id='word_1_370' title='bbox 264 2399 637 2466; x_wconf 88' lang='lat' dir='ltr'>Amplissimae</span> <span class='ocrx_word' id='word_1_371' title='bbox 706 2399 819 2448; x_wconf 89' lang='lat' dir='ltr'>eius</span> <span class='ocrx_word' id='word_1_372' title='bbox 882 2396 1061 2448; x_wconf 85' lang='lat' dir='ltr'>laudes</span> <span class='ocrx_word' id='word_1_373' title='bbox 1076 2435 1091 2458; x_wconf 95' lang='lat'>,</span> <span class='ocrx_word' id='word_1_374' title='bbox 1148 2400 1213 2449; x_wconf 89' lang='grc'>(18</span> <span class='ocrx_word' id='word_1_375' title='bbox 1350 2405 1403 2453; x_wconf 88' lang='lat'>4.</span> <span class='ocrx_word' id='word_1_376' title='bbox 1426 2427 1496 2439; x_wconf 89' lang='lat'>-</span> <span class='ocrx_word' id='word_1_377' title='bbox 1512 2401 1738 2450; x_wconf 82' lang='lat' dir='ltr'>Platonis</span> <span class='ocrx_word' id='word_1_378' title='bbox 1759 2407 1942 2458; x_wconf 85' lang='lat' dir='ltr'>statua,</span> <span class='ocrx_word' id='word_1_379' title='bbox 1965 2399 2104 2447; x_wconf 83' lang='lat' dir='ltr'>Brut.</span> <span class='ocrx_word' id='word_1_380' title='bbox 2131 2399 2182 2458; x_wconf 85' lang='lat'>6,</span> <span class='ocrx_word' id='word_1_381' title='bbox 2202 2401 2293 2451; x_wconf 90' lang='grc'>24.</span> 
     </span>
     <span class='ocr_line' id='line_1_33' title="bbox 265 2465 2293 2536; baseline -0.001 -17"><span class='ocrx_word' id='word_1_382' title='bbox 265 2471 368 2536; x_wconf 85' lang='lat' dir='ltr'>leg.</span> <span class='ocrx_word' id='word_1_383' title='bbox 394 2469 457 2530; x_wconf 86' lang='lat'>3,</span> <span class='ocrx_word' id='word_1_384' title='bbox 495 2469 522 2519; x_wconf 90' lang='grc'>1</span> <span class='ocrx_word' id='word_1_385' title='bbox 539 2503 555 2531; x_wconf 90' lang='grc'>,</span> <span class='ocrx_word' id='word_1_386' title='bbox 590 2468 638 2517; x_wconf 88' lang='grc'>1.</span> <span class='ocrx_word' id='word_1_387' title='bbox 665 2494 730 2502; x_wconf 89' lang='grc'><strong>-</strong></span> <span class='ocrx_word' id='word_1_388' title='bbox 760 2465 956 2515; x_wconf 87' lang='lat' dir='ltr'>Platoni</span> <span class='ocrx_word' id='word_1_389' title='bbox 980 2481 1136 2528; x_wconf 91' lang='lat' dir='ltr'>quum</span> <span class='ocrx_word' id='word_1_390' title='bbox 1158 2469 1211 2516; x_wconf 88' lang='lat' dir='ltr'>in</span> <span class='ocrx_word' id='word_1_391' title='bbox 1246 2501 1273 2514; x_wconf 44' lang='grc' dir='ltr'><em>κ</em></span> <span class='ocrx_word' id='word_1_392' title='bbox 1349 2499 1416 2510; x_wconf 86' lang='lat'>—</span> <span class='ocrx_word' id='word_1_393' title='bbox 1438 2469 1696 2519; x_wconf 86' lang='lat' dir='ltr'>Platonem</span> <span class='ocrx_word' id='word_1_394' title='bbox 1712 2507 1726 2530; x_wconf 91' lang='lat'>,</span> <span class='ocrx_word' id='word_1_395' title='bbox 1748 2469 1793 2517; x_wconf 89' lang='lat' dir='ltr'>si</span> <span class='ocrx_word' id='word_1_396' title='bbox 1811 2482 1974 2532; x_wconf 86' lang='lat' dir='ltr'>genus</span> <span class='ocrx_word' id='word_1_397' title='bbox 1993 2467 2194 2517; x_wconf 82' lang='lat' dir='ltr'>forense</span> <span class='ocrx_word' id='word_1_398' title='bbox 2216 2468 2293 2517; x_wconf 88' lang='lat' dir='ltr'>di-</span> 
     </span>
    </p>
   </div>
   <div class='ocr_carea' id='block_1_5' title="bbox 264 2535 2292 3220">
    <p class='ocr_par' dir='ltr' id='par_1_5' title="bbox 264 2535 2292 3220">
     <span class='ocr_line' id='line_1_34' title="bbox 265 2535 2292 2604; baseline -0.002 -15"><span class='ocrx_word' id='word_1_399' title='bbox 265 2541 409 2589; x_wconf 90' lang='lat' dir='ltr'>cunis</span> <span class='ocrx_word' id='word_1_400' title='bbox 446 2537 665 2604; x_wconf 86' lang='lat' dir='ltr'>parvulo</span> <span class='ocrx_word' id='word_1_401' title='bbox 708 2535 979 2585; x_wconf 82' lang='lat' dir='ltr'>dormienti</span> <span class='ocrx_word' id='word_1_402' title='bbox 1008 2549 1131 2603; x_wconf 85' lang='lat' dir='ltr'>apes</span> <span class='ocrx_word' id='word_1_403' title='bbox 1158 2537 1211 2584; x_wconf 88' lang='lat' dir='ltr'>in</span> <span class='ocrx_word' id='word_1_404' title='bbox 1353 2539 1500 2588; x_wconf 89' lang='lat' dir='ltr'>cendi</span> <span class='ocrx_word' id='word_1_405' title='bbox 1529 2545 1745 2587; x_wconf 88' lang='lat' dir='ltr'>tractare</span> <span class='ocrx_word' id='word_1_406' title='bbox 1783 2537 2054 2596; x_wconf 82' lang='lat' dir='ltr'>voluisset,</span> <span class='ocrx_word' id='word_1_407' title='bbox 2095 2537 2292 2600; x_wconf 84' lang='lat' dir='ltr'>gravis-</span> 
     </span>
     <span class='ocr_line' id='line_1_35' title="bbox 267 2605 2292 2672; baseline -0.002 -14"><span class='ocrx_word' id='word_1_408' title='bbox 267 2608 464 2658; x_wconf 87' lang='lat' dir='ltr'>labellis</span> <span class='ocrx_word' id='word_1_409' title='bbox 494 2605 871 2665; x_wconf 83' lang='lat' dir='ltr'>consedissent,</span> <span class='ocrx_word' id='word_1_410' title='bbox 912 2617 1211 2668; x_wconf 84' lang='lat' dir='ltr'>responsum</span> <span class='ocrx_word' id='word_1_411' title='bbox 1353 2609 1478 2656; x_wconf 86' lang='lat' dir='ltr'>sime</span> <span class='ocrx_word' id='word_1_412' title='bbox 1508 2614 1557 2656; x_wconf 88' lang='lat' dir='ltr'>et</span> <span class='ocrx_word' id='word_1_413' title='bbox 1585 2607 1936 2672; x_wconf 84' lang='lat' dir='ltr'>copiosissime</span> <span class='ocrx_word' id='word_1_414' title='bbox 1957 2608 2182 2670; x_wconf 83' lang='lat' dir='ltr'>potuisse</span> <span class='ocrx_word' id='word_1_415' title='bbox 2216 2605 2292 2654; x_wconf 88' lang='lat' dir='ltr'>di-</span> 
     </span>
     <span class='ocr_line' id='line_1_36' title="bbox 268 2673 2291 2742; baseline -0.002 -14"><span class='ocrx_word' id='word_1_416' title='bbox 268 2686 346 2728; x_wconf 91' lang='lat' dir='ltr'>est</span> <span class='ocrx_word' id='word_1_417' title='bbox 377 2675 623 2742; x_wconf 83' lang='lat' dir='ltr'>singulari</span> <span class='ocrx_word' id='word_1_418' title='bbox 652 2674 798 2724; x_wconf 87' lang='lat' dir='ltr'>illum</span> <span class='ocrx_word' id='word_1_419' title='bbox 828 2673 1077 2722; x_wconf 84' lang='lat' dir='ltr'>suavitate</span> <span class='ocrx_word' id='word_1_420' title='bbox 1102 2688 1212 2723; x_wconf 85' lang='lat' dir='ltr'>ora·</span> <span class='ocrx_word' id='word_1_421' title='bbox 1353 2691 1466 2726; x_wconf 87' lang='lat' dir='ltr'>cere</span> <span class='ocrx_word' id='word_1_422' title='bbox 1482 2711 1494 2734; x_wconf 96' lang='lat'>,</span> <span class='ocrx_word' id='word_1_423' title='bbox 1530 2675 1594 2726; x_wconf 91' lang='grc'>(18</span> <span class='ocrx_word' id='word_1_424' title='bbox 1624 2675 1710 2726; x_wconf 84' lang='lat' dir='ltr'>off.</span> <span class='ocrx_word' id='word_1_425' title='bbox 1736 2676 1763 2726; x_wconf 92' lang='lat'>1</span> <span class='ocrx_word' id='word_1_426' title='bbox 1780 2713 1795 2737; x_wconf 94' lang='lat'>,</span> <span class='ocrx_word' id='word_1_427' title='bbox 1819 2676 1846 2726; x_wconf 92' lang='lat'>1</span> <span class='ocrx_word' id='word_1_428' title='bbox 1863 2712 1877 2739; x_wconf 94' lang='lat'>,</span> <span class='ocrx_word' id='word_1_429' title='bbox 1898 2677 1950 2726; x_wconf 89' lang='grc'>4.</span> <span class='ocrx_word' id='word_1_430' title='bbox 1974 2704 2043 2715; x_wconf 89' lang='lat'>-—-</span> <span class='ocrx_word' id='word_1_431' title='bbox 2063 2675 2291 2724; x_wconf 86' lang='lat' dir='ltr'>Platonis</span> 
     </span>
     <span class='ocr_line' id='line_1_37' title="bbox 265 2739 2289 2810; baseline 0 -15"><span class='ocrx_word' id='word_1_432' title='bbox 265 2747 421 2795; x_wconf 86' lang='lat' dir='ltr'>tionis</span> <span class='ocrx_word' id='word_1_433' title='bbox 450 2746 589 2808; x_wconf 81' lang='lat' dir='ltr'>fore,</span> <span class='ocrx_word' id='word_1_434' title='bbox 622 2745 686 2794; x_wconf 89' lang='lat' dir='ltr'>de</span> <span class='ocrx_word' id='word_1_435' title='bbox 707 2745 866 2794; x_wconf 86' lang='lat' dir='ltr'>divin.</span> <span class='ocrx_word' id='word_1_436' title='bbox 897 2742 924 2792; x_wconf 95' lang='grc'>1</span> <span class='ocrx_word' id='word_1_437' title='bbox 946 2780 959 2802; x_wconf 93' lang='grc'>,</span> <span class='ocrx_word' id='word_1_438' title='bbox 996 2739 1091 2804; x_wconf 88' lang='grc'>36,</span> <span class='ocrx_word' id='word_1_439' title='bbox 1123 2742 1205 2795; x_wconf 88' lang='lat'>78.</span> <span class='ocrx_word' id='word_1_440' title='bbox 1349 2747 1468 2796; x_wconf 89' lang='lat' dir='ltr'>libri</span> <span class='ocrx_word' id='word_1_441' title='bbox 1489 2745 1788 2796; x_wconf 86' lang='lat' dir='ltr'>mirabiliter</span> <span class='ocrx_word' id='word_1_442' title='bbox 1806 2745 2014 2810; x_wconf 89' lang='lat' dir='ltr'>scripti,</span> <span class='ocrx_word' id='word_1_443' title='bbox 2036 2747 2088 2794; x_wconf 89' lang='lat' dir='ltr'>in</span> <span class='ocrx_word' id='word_1_444' title='bbox 2109 2745 2289 2808; x_wconf 79' lang='lat' dir='ltr'>quibus</span> 
     </span>
     <span class='ocr_line' id='line_1_38' title="bbox 266 2812 2288 2881; baseline -0 -17"><span class='ocrx_word' id='word_1_445' title='bbox 266 2815 342 2864; x_wconf 91' lang='lat' dir='ltr'>Ib.</span> <span class='ocrx_word' id='word_1_446' title='bbox 374 2817 436 2875; x_wconf 83' lang='lat'>2,</span> <span class='ocrx_word' id='word_1_447' title='bbox 468 2813 532 2864; x_wconf 86' lang='grc'>31</span> <span class='ocrx_word' id='word_1_448' title='bbox 553 2851 568 2874; x_wconf 95' lang='grc'>,</span> <span class='ocrx_word' id='word_1_449' title='bbox 602 2812 688 2866; x_wconf 90' lang='grc'>66.</span> <span class='ocrx_word' id='word_1_450' title='bbox 723 2840 795 2851; x_wconf 91' lang='grc'>-</span> <span class='ocrx_word' id='word_1_451' title='bbox 823 2812 902 2861; x_wconf 88' lang='lat' dir='ltr'>Ab</span> <span class='ocrx_word' id='word_1_452' title='bbox 925 2825 983 2860; x_wconf 92' lang='grc' dir='ltr'>8ο</span> <span class='ocrx_word' id='word_1_453' title='bbox 1004 2820 1213 2877; x_wconf 81' lang='lat' dir='ltr'>propter</span> <span class='ocrx_word' id='word_1_454' title='bbox 1351 2815 1586 2866; x_wconf 88' lang='lat' dir='ltr'>omnibus</span> <span class='ocrx_word' id='word_1_455' title='bbox 1629 2815 1736 2865; x_wconf 88' lang='lat' dir='ltr'>fere</span> <span class='ocrx_word' id='word_1_456' title='bbox 1772 2813 2004 2866; x_wconf 86' lang='lat' dir='ltr'>Socrates</span> <span class='ocrx_word' id='word_1_457' title='bbox 2044 2816 2288 2881; x_wconf 85' lang='lat' dir='ltr'>exprimi-</span> 
     </span>
     <span class='ocr_line' id='line_1_39' title="bbox 268 2880 2288 2946; baseline -0 -13"><span class='ocrx_word' id='word_1_458' title='bbox 268 2883 498 2933; x_wconf 83' lang='lat' dir='ltr'>discendi</span> <span class='ocrx_word' id='word_1_459' title='bbox 526 2881 856 2945; x_wconf 87' lang='lat' dir='ltr'>cupiditatem</span> <span class='ocrx_word' id='word_1_460' title='bbox 878 2880 1085 2930; x_wconf 87' lang='lat' dir='ltr'>ultimas</span> <span class='ocrx_word' id='word_1_461' title='bbox 1109 2889 1211 2931; x_wconf 86' lang='lat' dir='ltr'>ter·</span> <span class='ocrx_word' id='word_1_462' title='bbox 1349 2897 1461 2944; x_wconf 86' lang='lat' dir='ltr'>tur,</span> <span class='ocrx_word' id='word_1_463' title='bbox 1495 2885 1559 2934; x_wconf 92' lang='grc'>(18</span> <span class='ocrx_word' id='word_1_464' title='bbox 1587 2893 1712 2937; x_wconf 90' lang='lat' dir='ltr'>orat.</span> <span class='ocrx_word' id='word_1_465' title='bbox 1745 2883 1804 2945; x_wconf 91' lang='grc'>3,</span> <span class='ocrx_word' id='word_1_466' title='bbox 1837 2886 1898 2946; x_wconf 90' lang='grc'>4,</span> <span class='ocrx_word' id='word_1_467' title='bbox 1933 2884 2016 2934; x_wconf 92' lang='grc'>15.</span> <span class='ocrx_word' id='word_1_468' title='bbox 2055 2884 2117 2934; x_wconf 83' lang='grc'>81.</span> <span class='ocrx_word' id='word_1_469' title='bbox 2145 2885 2214 2935; x_wconf 88' lang='lat' dir='ltr'>ib.</span> <span class='ocrx_word' id='word_1_470' title='bbox 2239 2882 2288 2942; x_wconf 89' lang='lat'><strong>3,</strong></span> 
     </span>
     <span class='ocr_line' id='line_1_40' title="bbox 264 2949 2287 3016; baseline -0 -17"><span class='ocrx_word' id='word_1_471' title='bbox 264 2965 350 3001; x_wconf 86' lang='lat' dir='ltr'>ras</span> <span class='ocrx_word' id='word_1_472' title='bbox 370 2966 484 3002; x_wconf 89' lang='lat' dir='ltr'>esse</span> <span class='ocrx_word' id='word_1_473' title='bbox 502 2960 827 3016; x_wconf 83' lang='lat' dir='ltr'>peragratas,</span> <span class='ocrx_word' id='word_1_474' title='bbox 859 2950 922 2998; x_wconf 89' lang='lat' dir='ltr'>de</span> <span class='ocrx_word' id='word_1_475' title='bbox 942 2949 1029 3001; x_wconf 87' lang='lat' dir='ltr'>fin.</span> <span class='ocrx_word' id='word_1_476' title='bbox 1050 2950 1101 3012; x_wconf 87' lang='grc'>5,</span> <span class='ocrx_word' id='word_1_477' title='bbox 1126 2951 1209 3014; x_wconf 89' lang='grc'>19,</span> <span class='ocrx_word' id='word_1_478' title='bbox 1352 2953 1434 3016; x_wconf 88' lang='grc'>16,</span> <span class='ocrx_word' id='word_1_479' title='bbox 1461 2952 1546 3006; x_wconf 88' lang='grc'>60.</span> <span class='ocrx_word' id='word_1_480' title='bbox 1570 2981 1640 2991; x_wconf 90' lang='grc'>-</span> <span class='ocrx_word' id='word_1_481' title='bbox 1664 2953 1886 3004; x_wconf 88' lang='lat' dir='ltr'>Socratis</span> <span class='ocrx_word' id='word_1_482' title='bbox 1920 2951 2187 3015; x_wconf 82' lang='lat' dir='ltr'>multiplex</span> <span class='ocrx_word' id='word_1_483' title='bbox 2207 2966 2287 2998; x_wconf 86' lang='lat' dir='ltr'>ra-</span> 
     </span>
     <span class='ocr_line' id='line_1_41' title="bbox 266 3019 2286 3086; baseline -0.002 -14"><span class='ocrx_word' id='word_1_484' title='bbox 266 3020 353 3072; x_wconf 88' lang='grc'>50.</span> <span class='ocrx_word' id='word_1_485' title='bbox 392 3047 459 3056; x_wconf 89' lang='grc'>-</span> <span class='ocrx_word' id='word_1_486' title='bbox 497 3019 714 3070; x_wconf 85' lang='lat' dir='ltr'>Ultimas</span> <span class='ocrx_word' id='word_1_487' title='bbox 759 3027 919 3068; x_wconf 87' lang='lat' dir='ltr'>terras</span> <span class='ocrx_word' id='word_1_488' title='bbox 966 3019 1209 3070; x_wconf 88' lang='lat' dir='ltr'>lustrasse</span> <span class='ocrx_word' id='word_1_489' title='bbox 1349 3025 1419 3072; x_wconf 89' lang='lat' dir='ltr'>tio</span> <span class='ocrx_word' id='word_1_490' title='bbox 1445 3022 1743 3086; x_wconf 85' lang='lat' dir='ltr'>disputandi</span> <span class='ocrx_word' id='word_1_491' title='bbox 1772 3035 2040 3081; x_wconf 86' lang='lat' dir='ltr'>rerumque</span> <span class='ocrx_word' id='word_1_492' title='bbox 2071 3020 2286 3068; x_wconf 85' lang='lat' dir='ltr'>varietas</span> 
     </span>
     <span class='ocr_line' id='line_1_42' title="bbox 264 3086 2288 3156; baseline -0.001 -18"><span class='ocrx_word' id='word_1_493' title='bbox 264 3089 634 3154; x_wconf 73' lang='lat' dir='ltr'>Pythagoram,</span> <span class='ocrx_word' id='word_1_494' title='bbox 680 3088 1051 3150; x_wconf 84' lang='lat' dir='ltr'>Democritum,</span> <span class='ocrx_word' id='word_1_495' title='bbox 1093 3089 1209 3138; x_wconf 85' lang='lat' dir='ltr'>Pla·</span> <span class='ocrx_word' id='word_1_496' title='bbox 1351 3099 1400 3142; x_wconf 88' lang='lat' dir='ltr'>et</span> <span class='ocrx_word' id='word_1_497' title='bbox 1446 3092 1642 3156; x_wconf 84' lang='lat' dir='ltr'>mgenii</span> <span class='ocrx_word' id='word_1_498' title='bbox 1677 3088 1974 3152; x_wconf 85' lang='lat' dir='ltr'>magnitudo</span> <span class='ocrx_word' id='word_1_499' title='bbox 1994 3124 2008 3147; x_wconf 90' lang='lat'>,</span> <span class='ocrx_word' id='word_1_500' title='bbox 2063 3086 2288 3136; x_wconf 87' lang='lat' dir='ltr'>Platonis</span> 
     </span>
     <span class='ocr_line' id='line_1_43' title="bbox 264 3156 2284 3220; baseline -0.002 -12"><span class='ocrx_word' id='word_1_501' title='bbox 264 3165 458 3209; x_wconf 80' lang='lat' dir='ltr'>tonem:</span> <span class='ocrx_word' id='word_1_502' title='bbox 479 3159 568 3207; x_wconf 88' lang='lat' dir='ltr'>ubi</span> <span class='ocrx_word' id='word_1_503' title='bbox 590 3159 725 3206; x_wconf 88' lang='lat' dir='ltr'>enim</span> <span class='ocrx_word' id='word_1_504' title='bbox 752 3157 877 3219; x_wconf 88' lang='lat' dir='ltr'>quid</span> <span class='ocrx_word' id='word_1_505' title='bbox 896 3169 1049 3218; x_wconf 83' lang='lat' dir='ltr'>esset,</span> <span class='ocrx_word' id='word_1_506' title='bbox 1072 3159 1210 3220; x_wconf 89' lang='lat' dir='ltr'>quod</span> <span class='ocrx_word' id='word_1_507' title='bbox 1348 3161 1596 3210; x_wconf 88' lang='lat' dir='ltr'>memoria</span> <span class='ocrx_word' id='word_1_508' title='bbox 1651 3165 1699 3206; x_wconf 89' lang='lat' dir='ltr'>et</span> <span class='ocrx_word' id='word_1_509' title='bbox 1741 3156 1926 3204; x_wconf 87' lang='lat' dir='ltr'>litteris</span> <span class='ocrx_word' id='word_1_510' title='bbox 1973 3162 2284 3214; x_wconf 88' lang='lat' dir='ltr'>consecrata,</span> 
     </span>
    </p>
   </div>
   <div class='ocr_carea' id='block_1_6' title="bbox 264 3223 2286 3496">
    <p class='ocr_par' dir='ltr' id='par_1_6' title="bbox 264 3223 2286 3496">
     <span class='ocr_line' id='line_1_44' title="bbox 268 3223 2285 3294; baseline -0.003 -17"><span class='ocrx_word' id='word_1_511' title='bbox 268 3227 395 3278; x_wconf 87' lang='lat' dir='ltr'>disci</span> <span class='ocrx_word' id='word_1_512' title='bbox 427 3233 630 3292; x_wconf 88' lang='lat' dir='ltr'>posset,</span> <span class='ocrx_word' id='word_1_513' title='bbox 664 3241 725 3276; x_wconf 92' lang='grc' dir='ltr'>8ο</span> <span class='ocrx_word' id='word_1_514' title='bbox 756 3225 876 3274; x_wconf 88' lang='lat' dir='ltr'>illos</span> <span class='ocrx_word' id='word_1_515' title='bbox 903 3227 1207 3276; x_wconf 84' lang='lat' dir='ltr'>veniendum</span> <span class='ocrx_word' id='word_1_516' title='bbox 1347 3229 1497 3294; x_wconf 86' lang='lat' dir='ltr'>plura</span> <span class='ocrx_word' id='word_1_517' title='bbox 1543 3239 1730 3292; x_wconf 84' lang='lat' dir='ltr'>genera</span> <span class='ocrx_word' id='word_1_518' title='bbox 1771 3223 1936 3272; x_wconf 82' lang='lat' dir='ltr'>effecit</span> <span class='ocrx_word' id='word_1_519' title='bbox 1987 3224 2285 3273; x_wconf 85' lang='lat' dir='ltr'>dissentien-</span> 
     </span>
     <span class='ocr_line' id='line_1_45' title="bbox 266 3291 2282 3358; baseline -0.001 -14"><span class='ocrx_word' id='word_1_520' title='bbox 266 3295 609 3354; x_wconf 83' lang='lat' dir='ltr'>indicavisse,</span> <span class='ocrx_word' id='word_1_521' title='bbox 637 3293 848 3344; x_wconf 87' lang='lat' dir='ltr'>Tuscul.</span> <span class='ocrx_word' id='word_1_522' title='bbox 883 3294 947 3356; x_wconf 91' lang='lat'>4,</span> <span class='ocrx_word' id='word_1_523' title='bbox 987 3294 1081 3356; x_wconf 87' lang='lat'>19,</span> <span class='ocrx_word' id='word_1_524' title='bbox 1118 3297 1206 3345; x_wconf 90' lang='grc'>44.</span> <span class='ocrx_word' id='word_1_525' title='bbox 1347 3298 1476 3344; x_wconf 83' lang='lat' dir='ltr'>tium</span> <span class='ocrx_word' id='word_1_526' title='bbox 1505 3291 1955 3358; x_wconf 87' lang='lat' dir='ltr'>philosophorum,</span> <span class='ocrx_word' id='word_1_527' title='bbox 1992 3291 2193 3341; x_wconf 85' lang='lat' dir='ltr'>Tuscul.</span> <span class='ocrx_word' id='word_1_528' title='bbox 2231 3293 2282 3353; x_wconf 88' lang='lat'>5,</span> 
     </span>
     <span class='ocr_line' id='line_1_46' title="bbox 264 3357 2284 3427; baseline -0 -15"><span class='ocrx_word' id='word_1_529' title='bbox 264 3364 343 3413; x_wconf 90' lang='lat' dir='ltr'>Ib.</span> <span class='ocrx_word' id='word_1_530' title='bbox 362 3365 424 3427; x_wconf 90' lang='grc'>4,</span> <span class='ocrx_word' id='word_1_531' title='bbox 445 3367 513 3415; x_wconf 86' lang='grc'>25</span> <span class='ocrx_word' id='word_1_532' title='bbox 530 3401 545 3424; x_wconf 94' lang='grc'>,</span> <span class='ocrx_word' id='word_1_533' title='bbox 571 3362 657 3414; x_wconf 90' lang='grc'>55.</span> <span class='ocrx_word' id='word_1_534' title='bbox 680 3391 751 3402; x_wconf 87' lang='lat'>--</span> <span class='ocrx_word' id='word_1_535' title='bbox 770 3361 843 3410; x_wconf 92' lang='lat' dir='ltr'>De</span> <span class='ocrx_word' id='word_1_536' title='bbox 872 3360 1095 3412; x_wconf 84' lang='lat' dir='ltr'>Platonis</span> <span class='ocrx_word' id='word_1_537' title='bbox 1126 3365 1209 3412; x_wconf 88' lang='lat' dir='ltr'>iti·</span> <span class='ocrx_word' id='word_1_538' title='bbox 1349 3365 1414 3425; x_wconf 86' lang='lat'>4,</span> <span class='ocrx_word' id='word_1_539' title='bbox 1448 3361 1531 3412; x_wconf 93' lang='grc'>11.</span> <span class='ocrx_word' id='word_1_540' title='bbox 1551 3387 1621 3398; x_wconf 92' lang='lat'>—-</span> <span class='ocrx_word' id='word_1_541' title='bbox 1650 3363 1707 3410; x_wconf 92' lang='lat' dir='ltr'>In</span> <span class='ocrx_word' id='word_1_542' title='bbox 1737 3361 1849 3410; x_wconf 87' lang='lat' dir='ltr'>eius</span> <span class='ocrx_word' id='word_1_543' title='bbox 1876 3361 2020 3410; x_wconf 88' lang='lat' dir='ltr'>libris</span> <span class='ocrx_word' id='word_1_544' title='bbox 2049 3357 2284 3412; x_wconf 86' lang='lat' dir='ltr'>Socrates</span> 
     </span>
     <span class='ocr_line' id='line_1_47' title="bbox 266 3427 2286 3496; baseline -0.001 -16"><span class='ocrx_word' id='word_1_545' title='bbox 266 3434 473 3482; x_wconf 87' lang='lat' dir='ltr'>neribus</span> <span class='ocrx_word' id='word_1_546' title='bbox 498 3433 549 3481; x_wconf 90' lang='lat' dir='ltr'>in</span> <span class='ocrx_word' id='word_1_547' title='bbox 575 3432 897 3496; x_wconf 76' lang='lat' dir='ltr'>Aegyptum,</span> <span class='ocrx_word' id='word_1_548' title='bbox 930 3429 1128 3480; x_wconf 84' lang='lat' dir='ltr'>Italiam</span> <span class='ocrx_word' id='word_1_549' title='bbox 1161 3439 1209 3480; x_wconf 84' lang='lat' dir='ltr'>et</span> <span class='ocrx_word' id='word_1_550' title='bbox 1285 3443 1294 3452; x_wconf 88' lang='grc'>’</span> <span class='ocrx_word' id='word_1_551' title='bbox 1347 3431 1514 3482; x_wconf 84' lang='lat' dir='ltr'>ironia</span> <span class='ocrx_word' id='word_1_552' title='bbox 1547 3430 1705 3478; x_wconf 87' lang='lat' dir='ltr'>utitur</span> <span class='ocrx_word' id='word_1_553' title='bbox 1740 3428 1905 3479; x_wconf 78' lang='lat' dir='ltr'>faceta</span> <span class='ocrx_word' id='word_1_554' title='bbox 1949 3437 1998 3478; x_wconf 88' lang='lat' dir='ltr'>et</span> <span class='ocrx_word' id='word_1_555' title='bbox 2043 3427 2286 3494; x_wconf 82' lang='lat' dir='ltr'>eleganti,</span> 
     </span>
    </p>
   </div>
  </div>
 </body>
</html>
