2500 3850
619 162 693 209 M.
724 158 1004 208 CAESIUS
1043 181 1116 190 —
1139 161 1214 209 Μ.
1242 159 1589 209 CALENUM.

25 319 118 370 M.
149 314 401 370 Caesius
422 323 470 366 et
490 314 550 366 C.
588 315 837 366 Sacerdos
859 325 1062 381 praeto-

109 404 200 438 res
219 404 268 437 a.
291 401 344 438 u.
370 403 414 438 ο.
435 385 577 449 679.,
600 387 745 437 Verr.
769 393 987 438 accusat.
1013 385 1061 445 l,

112 458 206 514 50,
229 455 351 508 130.

25 525 122 575 M.
151 522 426 588 Caesius,
446 524 781 582 decumanus,
811 525 958 574 Verr.
981 537 1064 572 ac-

118 601 286 643 cusat.
305 593 355 650 3,
375 593 461 652 39,
483 593 570 643 88.
609 593 684 642 lb.
706 591 757 657 3,
779 590 864 656 43,
890 591 1004 643 101.

26 663 123 712 M.
173 659 416 714 Caesius
456 661 706 727 Arpinas,
748 661 932 711 aedilis
969 661 1066 712 Ar-

113 735 259 796 pini,
291 731 360 780 ad
391 729 511 780 fam.
546 730 640 795 13,
678 730 846 791 11,3.
879 730 952 780 ΙΙ).
979 729 1062 790 13,

27 871 109 920 1’.
136 866 399 931 Caesius,
419 883 575 931 eques
592 869 763 929 Rom„
777 868 1063 929 Ravennae,

115 939 328 988 civitate
371 938 585 990 donatus
625 953 655 988 a
693 938 781 989 Cn.
822 937 1062 1004 Pompeio

114 1016 298 1073 patre,
330 1022 423 1072 pro
452 1006 610 1057 Balbo
643 1009 738 1069 22,
770 1006 855 1058 50.
886 1033 953 1043 -
984 1007 1065 1056 Ad

119 1093 240 1127 eum
264 1083 344 1126 est
371 1077 586 1141 epistola
607 1077 674 1126 ad
694 1075 816 1128 fam.
840 1076 921 1139 13,
939 1076 1027 1128 51.

35 1147 177 1198 Sex.
200 1142 493 1208 'Caesius,
543 1161 698 1208 eques
737 1146 921 1208 Rom.‚
971 1161 1064 1210 pro

118 1216 311 1266 Flacco
329 1213 417 1273 28,
435 1213 521 1265 68.

43 1281 410 1335 Caesoninus
455 1281 808 1342 calventius,
848 1283 882 1332 i.
919 1298 964 1332 e.
1003 1283 1063 1336 L.

119 1355 268 1416 Piso,
289 1352 465 1402 consul
485 1367 600 1402 cum
620 1355 682 1406 A.
709 1350 922 1402 Gabinio
943 1367 990 1401 a.
1014 1367 1063 1405 ιι,
1084 1387 1088 1392 .

122 1440 168 1474 c.
193 1421 319 1474 696.
337 1459 352 1486 ,
386 1422 451 1471 de
479 1436 624 1486 prov.
661 1435 800 1474 cons.
827 1423 888 1480 4,
927 1423 974 1470 7.
996 1447 1065 1458 —-
1095 1469 1099 1474 ,

124 1493 439 1542 Caesoninus
463 1490 921 1557 Semiplacentinus
951 1487 1066 1538 Cal-

121 1562 351 1620 ventiuS,
382 1561 431 1608 in
458 1559 629 1610 Pison.
665 1560 726 1622 6,
758 1559 838 1610 14.
861 1584 929 1595 —
947 1557 1066 1606 Post

122 1631 234 1683 red.
255 1631 308 1678 in
335 1643 441 1677 sen.
465 1628 516 1694 6,
540 1629 620 1681 13.
649 1627 714 1682 V.
741 1625 805 1677 L.
828 1624 1066 1692 Calpur·-

125 1697 252 1750 nius
274 1695 432 1746 Piso.

51 1768 133 1817 M.
175 1763 488 1816 Caesonius
543 1765 700 1814 iudex
751 1765 803 1812 in
855 1765 1064 1815 Iuniano

126 1836 372 1896 consilio,
403 1833 657 1885 Ciceronis
687 1832 882 1896 collega
903 1835 954 1881 in
981 1848 1067 1882 ae-

124 1907 324 1957 dilitate
342 1939 358 1967 ,
378 1904 524 1954 Verr.
547 1904 659 1954 Act.
688 1901 716 1953 1
731 1939 748 1963 ‚
775 1900 867 1965 10,
891 1900 978 1955 29.
1000 1931 1069 1941 —-

123 1973 370 2025 Nonnulli
404 1972 648 2040 putabant
679 1987 796 2023 eum
829 1974 1066 2023 consula-

127 2055 236 2096 tum
268 2060 383 2095 esse
407 2047 680 2109 petiturum
707 2056 755 2092 a.
778 2059 829 2092 u.
852 2058 897 2095 c.
919 2041 1064 2105 689„

127 2116 320 2165 adAtt.
349 2113 398 2172 1,
433 2113 550 2169 1,1.
591 2111 882 2173 11).12,11.

54 2184 118 2234 L.
145 2181 496 2233 Caesulenus
527 2188 790 2231 accusator
810 2180 874 2263 (ie
895 2180 1065 2245 plebe,

123 2254 268 2301 Brut.
291 2250 380 2311 34,
414 2248 528 2301 131.

53 2320 266 2371 Caetra
290 2334 451 2368 neces
445 2320 610 2368 &atius
648 2316 933 2377 CiceroniS,
976 2331 1067 2381 pro

125 2389 310 2440 Flacco
331 2390 390 2446 2,
411 2390 461 2437 5.

55 2458 206 2509 Cafo
228 2474 274 2511 s.
305 2455 519 2522 Capho,
537 2456 688 2505 homo
709 2455 958 2522 perditae,
983 2454 1071 2503 ad-

129 2526 305 2576 secula
327 2526 398 2577 M.
425 2526 662 2585 Antonii,
694 2524 914 2589 Philipp.
937 2522 998 2583 8,
1019 2522 1070 2581 3,

127 2596 179 2646 9.
205 2596 282 2645 lb.
301 2595 355 2659 8,
377 2594 428 2655 9,
450 2594 536 2646 26.
567 2595 639 2643 lb.
662 2594 746 2653 10,
768 2593 849 2653 10,
872 2592 958 2643 22.
994 2592 1067 2640 lb.

65 2731 221 2783 Gaia.
243 2731 621 2793 Iurisconsulti,
644 2732 761 2794 quia
779 2732 831 2779 in
853 2729 1070 2779 alicuius

130 2802 277 2852 libris
297 2801 524 2867 exempli
543 2814 696 2850 causa
715 2801 770 2849 id
789 2813 970 2849 nomen
990 2799 1072 2846 in-

130 2878 394 2933 venerant,
426 2877 666 2936 putarunt
691 2882 865 2919 omnes
895 2867 1074 2917 mulie-

134 2955 243 3000 reS,
271 2954 403 3001 quae
427 2938 794 3004 coemptionem
827 2937 1069 2997 facerent,

135 3009 281 3058 Caias
303 3010 505 3068 vocari,
527 3022 634 3073 pro
640 3007 766 3057 Mur.
789 3008 874 3069 12,
897 3006 984 3056 27.

77 3072 302 3140 Caicus,
325 3078 491 3127 amnis
517 3076 712 3140 Mysiae
731 3076 955 3135 maioris,
979 3088 1070 3139 pro

141 3146 316 3195 Flacco
337 3144 425 3208 29,
451 3146 538 3197 72.

77 3208 290 3279 Caieta,
331 3215 581 3279 oppidum
620 3214 681 3261 in·
699 3212 831 3263 Latii
851 3219 900 3262 et
927 3212 1076 3263 Cam-

139 3284 314 3345 paniae
331 3283 521 3335 fluibus
537 3320 552 3347 ,
575 3282 639 3332 de
663 3291 787 3333 orat.
814 3282 875 3346 2,
899 3280 960 3341 6,
985 3281 1070 3331 22.

56 3368 59 3419 j
139 3376 206 3388 -
238 3353 422 3405 Portus
472 3351 677 3402 Caietae
717 3350 1073 3401 celeberrimus

58 3436 61 3475 ς
141 3428 282 3483 atque
331 3421 665 3487 plenissimus
717 3420 950 3480 navium,
996 3420 1073 3467 in-

58 3496 63 3533 ι

60 3544 63 3569 1

2058 150 2159 214 59·

1203 323 1463 380 spectante
1494 325 1728 383 praetore
1750 333 1781 367 a
1798 319 2141 383 praedonibus

1203 384 1559 436 Ciliciensibus
1607 387 1863 453 direptus,
1906 387 1971 436 de
2016 390 2136 452 imp.

1203 453 1295 505 Cn.
1316 453 1492 521 Pomp.
1527 456 1619 516 12,
1648 455 1734 509 33.
1759 483 1825 492 -
1847 455 1930 505 Ad
1958 458 2063 505 Att.
2092 457 2139 516 1,

1202 523 1254 585 3,
1286 524 1339 572 2.
1373 525 1443 574 lb.
1465 527 1517 584 4,
1538 523 1589 574 3.

1137 586 1388 655 Calacta,
1410 595 1658 658 oppidum
1676 592 1883 644 Siciliae
1900 593 1954 641 in
1971 593 2140 642 medio

1204 659 1362 710 ferme
1392 661 1559 712 littore
1596 662 1753 713 Tusci
1780 663 1961 719 maris,
1994 663 2139 712 verr.

1203 738 1423 784 accusat.
1444 731 1602 795 3‚43‚
1627 730 1743 784 101.

1139 794 1449 863 Calactini,
1472 800 1665 850 incolae
1688 801 1939 861 Calactae,
1964 799 2143 864 oppidi

1204 866 1436 930 Siciliae,
1456 870 1524 918 ad
1545 869 1667 922 fam.
1695 869 1777 929 13,
1801 870 1887 922 37.

1138 949 1387 1002 Calamis
1423 956 1693 1004 statuarius
1728 953 1969 1004 Graecus,
2018 953 2142 1002 Eius

1203 1023 1353 1087 signa
1373 1023 1501 1073 dura
1518 1023 1604 1072 illa
1624 1024 1846 1086 quidem,
1866 1023 1959 1072 sed
1976 1031 2141 1071 tamen

1205 1090 1437 1210 ubolliora
1460 1107 1609 1155 quam
1631 1092 1867 1151 Canachi,
1891 1091 2030 1142 Brut.
2056 1089 2139 1152 18,

1137 1225 1411 1292 Calamis,
1456 1230 1638 1290 Indus,
1673 1230 1907 1281 indoctus
1937 1245 1997 1280 ac
2024 1231 2142 1278 bar-

1201 1299 1356 1348 barus
1390 1301 1440 1346 in
1460 1299 1713 1352 radicibus
1738 1299 1949 1349 Caucasi
1974 1306 2140 1357 natuS,

1205 1382 1300 1417 sua
1349 1365 1603 1416 voluntate
1657 1369 1805 1417 vivus
1850 1366 2143 1416 combustus

1203 1442 1305 1494 est,
1332 1435 1541 1484 Tuscul.
1578 1437 1640 1498 2,
1674 1437 1771 1496 22,
1809 1437 1894 1486 52.
1920 1461 1988 1472 -—
2019 1435 2143 1484 Eius

1205 1505 1535 1568 exclamatio,
1565 1519 1719 1567 quum
1749 1503 2068 1556 inscenderet
2092 1504 2143 1552 in

1202 1587 1382 1639 rogum
1405 1573 1689 1631 ardentem,
1716 1574 1779 1624 de
1802 1573 1961 1626 divin.
1987 1574 2034 1639 1,
2058 1569 2142 1629 23,

1203 1643 1291 1694 47.
1329 1643 1403 1693 lb.
1438 1642 1487 1700 1,
1515 1639 1599 1700 30,
1620 1640 1705 1695 65.
1820 1641 1829 1648 “

1137 1706 1392 1772 Calatia,
1430 1711 1675 1776 oppidum
1714 1713 1827 1778 agri
1872 1709 2139 1776 Campani,

1206 1780 1274 1830 ad
1295 1782 1397 1828 Att.
1422 1779 1503 1842 16,
1523 1780 1575 1842 8,
1602 1779 1651 1830 1.

1138 1861 1449 1914 Calatinus.
1481 1863 1549 1912 V.
1570 1859 1779 1912 Atilius
1805 1859 2115 1913 Calatinus.

1137 1949 1381 2003 Calchas
1401 1959 1541 2001 vates
1563 1951 1865 2001 Graecorum
1888 1950 1941 1998 in
1962 1950 2145 1999 Troiae

1205 2022 1499 2085 obsidione,
1524 2021 1587 2070 de
1618 2020 1719 2086 leg.
1744 2021 1805 2083 2,
1839 2018 1936 2077 13,
1968 2018 2055 2071 33.
2076 2042 2145 2053 -

1204 2091 1335 2140 Eum
1380 2104 1625 2171 augurem
1679 2090 1851 2139 scribit
1896 2088 2145 2136 Homerus

1206 2159 1359 2225 longe
1404 2159 1649 2225 optimum
1697 2158 1976 2218 ducemque
2015 2154 2145 2205 clas-

1207 2229 1341 2277 sium
1368 2226 1531 2277 fuisse
1564 2228 1630 2277 ad
1660 2227 1843 2287 Ilium,
1883 2225 1945 2275 de
1983 2226 2142 2273 divin.

1212 2296 1270 2355 l,
1304 2295 1401 2356 40,
1433 2296 1518 2346 87.
1544 2323 1617 2333 --
1650 2295 1862 2344 Calchas
1898 2294 2057 2343 tristis
2092 2294 2145 2339 in
2198 2344 2205 2349 ,

1207 2364 1517 2415 immolanda
1552 2363 1820 2429 Iphigenia
1854 2362 1905 2409 iu
1944 2362 2145 2409 Timan-

1206 2433 1311 2483 this
1330 2432 1516 2496 tabula,
1542 2440 1665 2485 orat.
1691 2432 1777 2490 22,
1796 2430 1881 2483 74.
1902 2456 1969 2466 --
1991 2427 2148 2492 Apud

1207 2502 1475 2551 Homerum
1526 2516 1591 2549 ex
1630 2512 1894 2566 passerum
1938 2511 2146 2547 numero

1210 2572 1331 2621 belli
1352 2571 1555 2620 Troiani
1574 2583 1733 2620 annos
1756 2577 2031 2633 auguratus
2053 2575 2144 2625 est,

1208 2641 1272 2691 de
1293 2641 1453 2692 divin.
1479 2639 1527 2699 1,
1547 2637 1631 2699 33,
1658 2639 1742 2689 72.
1776 2638 1849 2687 lb.
1877 2636 1928 2702 2,
1950 2636 2035 2697 30,
2056 2628 2162 2689 63.·

1210 2710 1272 2759 de
1293 2724 1344 2761 n.
1367 2708 1415 2758 d.
1437 2710 1489 2769 2,
1512 2708 1562 2769 3,
1586 2710 1637 2758 7.

1141 2776 1376 2841 Caldus,
1398 2791 1675 2842 cognomen
1692 2812 1707 2839 ,
1729 2775 1863 2838 quod
1891 2773 2147 2825 temerarii

1211 2855 1261 2896 et
1311 2848 1562 2913 repentini
1596 2845 1812 2896 consilii
1856 2843 2146 2893 hominibus

1207 2916 1472 2981 tribuitur,
1501 2917 1566 2966 de
1585 2917 1689 2965 inv.
1713 2918 1763 2977 2,
1782 2913 1833 2978 9,
1855 2913 1941 2965 28.

1141 2997 1373 3050 Caldus.
1398 2998 1687 3064 Cognomen
1708 2998 2011 3055 Caeliorum,
2034 3011 2083 3041 v.
2100 3010 2144 3043 c.

1213 3067 1268 3118 C.
1296 3068 1449 3119 Caelii
1476 3070 1784 3132 quaestoris,
1812 3066 1879 3115 ad
1897 3066 2001 3117 Att.
2024 3064 2072 3126 6,
2096 3064 2145 3121 5,

1210 3137 1264 3191 3.
1303 3137 1367 3187 V.
1394 3139 1443 3187 in
1470 3135 1701 3188 Caeliis.

1140 3206 1219 3257 Μ.
1253 3204 1549 3270 Calenius,
1578 3205 1913 3269 Pompeianus
1946 3216 1993 3249 a.
2015 3215 2066 3248 u.
2098 3216 2142 3248 c.

1213 3276 1361 3334 705„
1385 3275 1451 3325 ad
1471 3278 1573 3324 Att.
1597 3273 1646 3332 8,
1670 3273 1751 3325 12.
1780 3270 1833 3324 C.
1860 3271 1906 3320 1.

1148 3344 1420 3397 Calenum
1439 3342 1794 3407 municipium,
1818 3340 1879 3391 de
1900 3336 2012 3403 lege
2032 3352 2142 3403 agr.

1212 3416 1264 3476 2,
1287 3413 1371 3476 31,
1391 3413 1479 3464 86.
1512 3413 1577 3462 V.
1604 3409 1790 3461 Cales.
