2500 3850
203 121 320 186 120

267 293 457 342 renaici
493 289 674 339 melius
708 289 1020 350 liberiusque
1051 301 1202 348 quam

268 362 518 426 Epicurus
540 358 818 408 defendunt
845 358 1013 405 omnia
1034 356 1096 404 ad
1119 369 1204 404 vo-

267 431 513 496 luptatem
545 437 594 477 et
627 427 851 476 dolorem
882 434 931 474 et
963 440 1092 488 quae
1125 439 1206 474 se-

268 513 484 564 quamur
519 506 568 547 et
607 513 734 560 quac
775 496 1032 560 fugiamus
1075 493 1206 542 refe·

268 559 422 619 reuda
459 583 600 626 esse,
634 567 696 616 de
727 566 812 614 fln.
843 565 899 626 l,
935 565 983 625 7,
1005 563 1092 614 23.
1129 563 1202 612 lb.

269 639 318 703 1,
345 637 425 699 11,
445 636 528 690 39.
567 637 640 689 lb.
663 637 723 696 2,
749 633 841 696 13,
865 631 949 684 39.
970 659 1038 668 --
1057 630 1206 697 Cyre-

269 709 402 758 naici
417 722 514 757 non
537 707 672 757 omni
687 704 819 754 malo
831 700 1206 766 aegritudinem

271 778 412 838 el'iici¹
448 781 650 826 censent
670 811 684 835 ,
727 773 820 823 sed
862 773 1117 835 insperato
1157 777 1206 819 et

269 847 568 970 affixit?
591 843 767 964 12⁰¹&
801 839 1096 960 T1¹3⁵3⁰¹'2{'
1116 839 1204 958 ἐξ

343 952 356 966 ο
455 957 466 969 .
771 949 785 963 ι
885 945 896 956 ·
963 946 978 972 7
1083 943 1096 970 2
1189 946 1203 962 ο

269 1015 336 1023 -
365 984 489 1036 Sunt
524 950 610 1045 q’ui
651 951 704 1031 i’n
737 979 1048 1030 consolando
1082 979 1206 1028 satis

269 1061 449 1121 putent
484 1052 750 1103 ostendere
786 1048 911 1098 nihil
958 1047 1205 1112 inopinati

271 1124 538 1181 accidisse,
559 1127 614 1169 ut
633 1119 910 1184 Cyrenaici,
931 1117 1136 1169 Tuscul.
1153 1115 1204 1180 3,

273 1192 358 1255 31,
379 1190 463 1243 76.
499 1189 562 1240 de
582 1188 667 1238 fin.
689 1189 742 1252 2,
764 1186 857 1248 34,
882 1187 999 1237 115.

206 1257 598 1331 Cyrrhestica,
629 1256 806 1323 Syriae
834 1270 954 1321 pars
974 1255 1209 1319 proxima

274 1329 508 1390 Ciliciae,
532 1327 596 1378 ad
627 1329 731 1380 Att.
758 1326 818 1388 5,
844 1325 937 1388 18,
974 1325 1018 1373 l.
1059 1325 1131 1374 Ib.
1155 1323 1206 1382 5,

272 1400 356 1461 21,
379 1400 429 1449 2.

207 1466 464 1538 Cyrsilus
493 1464 740 1526 suadens,
779 1470 835 1514 ut
871 1463 1209 1514 Athenienses

275 1545 535 1589 manerent
570 1544 619 1585 et
656 1537 878 1586 Xerxem
910 1534 1208 1598 reciperent,

274 1607 534 1670 lapidibus
599 1611 866 1669 coopertus
923 1618 952 1650 a
1013 1601 1210 1650 civibus

275 1675 412 1733 suiS,
435 1674 498 1723 de
519 1671 602 1722 off.
627 1673 678 1730 3,
705 1673 789 1733 11,
809 1671 896 1723 48.

209 1739 1213 1875 ’ἓξὲξ·,ξέῑῖὲῖίέἑέῗῃἑῗὲἓῖέθὲῗῖ·

274 1897 330 1948 p.
354 1881 400 1945 1,
423 1881 505 1944 27,
526 1876 612 1931 43.
637 1879 710 1931 Ib.
735 1878 782 1938 1,
805 1877 887 1941 28,
909 1878 996 1929 44.
1017 1843 1213 1925 —'-Eius

277 1952 475 2003 somnia
500 1965 601 2013 quo
632 1948 784 1999 modo
813 1946 952 2013 magi
971 1948 1214 2011 interpre-

275 2023 368 2072 tati
391 2022 490 2071 sint
511 2057 524 2077 ,
557 2019 620 2069 de
641 2018 798 2068 divin.
827 2017 853 2068 1
872 2053 887 2078 ,
915 2016 1012 2075 23,
1034 2015 1122 2069 46.
1147 2042 1213 2051 --

281 2088 440 2156 Cyrus
452 2088 537 2138 ille
549 2103 578 2136 a
591 2086 928 2152 Xenophonte
939 2102 1039 2137 non
1057 2086 1124 2135 ad
1136 2085 1214 2133 hi-

278 2160 468 2210 storiae
483 2157 636 2208 fidem
650 2158 887 2221 scriptuS,
910 2156 1003 2206 sed
1020 2155 1086 2205 ad
1105 2152 1215 2203 effi-

279 2230 414 2295 giem
433 2227 554 2277 iusti
582 2226 786 2292 imperii
801 2262 814 2283 ,
835 2226 900 2275 ad
921 2225 976 2284 Q.
998 2223 1062 2273 fr.
1092 2223 1141 2282 1,
1164 2222 1212 2285 1,

279 2297 330 2349 8.
351 2300 400 2360 S.
419 2294 504 2349 23.
527 2323 592 2331 --
618 2293 735 2360 Cyri
750 2295 857 2344 vita
875 2300 924 2343 et
943 2292 1218 2359 disciplina

281 2368 408 2419 liber
425 2364 800 2431 Xenophontis,
825 2364 962 2415 Brut.
987 2362 1072 2428 29,
1101 2362 1213 2413 112.

280 2464 348 2475 -—
363 2436 478 2503 Cyri
493 2436 756 2486 morientis
773 2449 938 2485 sermo
957 2433 1098 2498 apud
1114 2430 1216 2480 Xe-

281 2507 616 2572 nophontem,
641 2505 704 2554 de
723 2518 830 2554 sen.
854 2504 906 2563 9,
930 2502 1014 2555 30.
1053 2500 1118 2553 ol.
1146 2500 1216 2551 ib.

282 2576 377 2636 22,
399 2574 481 2624 79.
506 2601 572 2611 —-
605 2572 1030 2635 Antiquissimum
1049 2566 1217 2634 sepul-

283 2650 424 2693 turae
451 2656 612 2706 genus
642 2640 773 2689 illud
809 2639 969 2689 fuisse
997 2640 1216 2697 videtur,

283 2724 382 2773 quo
438 2710 576 2774 apud
621 2706 1008 2772 Xenophontem
1060 2707 1218 2771 Cyrus
1262 2734 1268 2740 -

281 2780 467 2837 utitur,
489 2779 552 2825 de
574 2776 676 2841 leg.
698 2780 730 2827 2
748 2813 762 2836 ,
793 2778 860 2827 22
876 2812 891 2838 ‚
923 2776 1008 2827 56.
1051 2776 1113 2825 de
1131 2775 1216 2825 fin.

283 2849 334 2909 2,
354 2844 442 2906 35,
465 2842 585 2895 116.
623 2846 696 2895 lb.
721 2843 773 2904 3,
795 2845 892 2906 22,
919 2845 1006 2898 76.
1045 2844 1108 2895 de
1129 2844 1215 2894 off.

218 2913 789 3054 05²13u5n’ffqtinusthenis
825 2982 986 3045 liber,
1017 2982 1083 3032 ad
1116 2984 1221 3032 Att.

220 3052 614 3191 053r2133381’nilnor
652 3129 700 3171 et
747 3119 1018 3186 Agesilaus
1055 3073 1225 3169 xeno-

285 3191 516 3256 phontis:
558 3206 772 3256 quorum
809 3204 984 3255 regum
1021 3204 1222 3239 summo

283 3261 336 3310 in
356 3261 569 3325 imperio
591 3276 741 3311 nemo
759 3273 997 3323 umquam
1013 3258 1224 3309 verbum

285 3328 447 3377 ullum
471 3331 699 3393 asperius
721 3330 940 3386 audivit,
970 3328 1037 3379 ad
1060 3328 1119 3387 Q.
1152 3326 1218 3377 fr.

289 3396 336 3456 1,
358 3399 409 3457 2,
430 3399 480 3447 2.
502 3398 552 3458 S.
577 3398 627 3448 7.
649 3424 720 3432 -
742 3396 902 3462 Cyrus
921 3397 1112 3457 minor,
1133 3410 1225 3445 rex

738 129 1220 179 CYRRHESTICA
1248 149 1333 162 -·-
1354 127 1749 176 DAMOOLES.

1346 285 1639 346 Persarum,
1678 289 1944 348 praestans
1976 283 2193 348 ingenio
2218 292 2297 333 at·

1346 368 1442 417 que
1478 353 1679 416 imperii
1730 351 1923 417 gloriae
1972 353 2083 402 eius
2130 352 2298 403 collo-

1350 421 1523 484 quium
1564 418 1813 470 Sardibus
1858 435 1973 470 cum
2018 422 2295 486 Lysandro

1346 490 1576 541 habitum
1592 526 1607 549 ‚
1630 489 1696 539 de
1718 503 1829 542 sen.
1855 489 1939 551 17,
1962 489 2049 541 59.
2076 517 2141 526 -
2168 490 2297 541 Cum

1349 575 1409 609 eo
1447 559 1625 608 militia
1664 557 1961 622 perfunctus
2000 565 2079 608 est
2120 559 2297 611 Xeno·

1346 628 1512 693 phou,
1537 628 1601 676 de
1626 628 1786 682 divin,
1814 629 1864 687 1,
1889 627 1975 689 25,
2000 629 2089 681 52.

1281 695 2296 831 ‘'fflz,..zzfissssssssssssassffusmizi‘3¹52

1348 849 1453 900 ρου
1479 829 1738 895 παιδεία,
1764 835 1829 885 ad
1848 835 1952 884 Att.
1974 837 2011 884 2
2030 873 2043 896 ,
2068 835 2119 895 3,
2146 837 2199 887 2.
2226 861 2293 872 --

1344 904 1470 954 Eum
1492 911 1637 970 urget
1670 902 1842 954 Cicero
1876 904 1940 953 de
1961 903 2134 953 fratris
2152 905 2296 954 aedi-

1343 973 1607 1032 ficatione,
1646 972 1712 1022 ad
1749 972 1810 1032 Q.
1849 972 1911 1023 fr.
1946 974 2006 1033 2,
2032 975 2100 1034 2,
2131 975 2186 1026 2.
2228 974 2295 1022 ad

1349 1042 1467 1092 fam.
1492 1045 1540 1106 7,
1566 1042 1660 1103 14,
1691 1040 1737 1092 l.
1758 1069 1824 1078 —
1844 1041 2073 1091 Mortuus
2098 1056 2145 1090 a.
2172 1057 2223 1091 u.
2246 1059 2293 1091 c.

1347 1110 1499 1171 702.‚
1525 1126 1619 1176 pro
1657 1110 1762 1160 Mil.
1791 1111 1883 1173 17,
1924 1109 2011 1161 46.
2054 1111 2295 1160 Fortasse

1347 1181 1409 1230 ad
1438 1195 1553 1230 eum
1581 1180 1799 1243 pertinet
1827 1180 1970 1229 locus
2002 1187 2292 1244 corruptus,

1348 1250 1416 1299 ad
1436 1248 1494 1308 Q.
1520 1249 1580 1298 fr.
1606 1249 1654 1312 2,
1678 1248 1711 1297 8
1732 1248 1872 1315 (10),
1893 1247 1944 1300 3.
1982 1251 2046 1300 V.
2086 1247 2293 1314 Cyrea.

1280 1315 1579 1387 Cytheris,
1620 1317 1881 1366 Volumnii
1922 1317 2183 1382 Eutrapeli
2234 1319 2297 1367 li·

1352 1389 1491 1438 berta
1510 1396 1560 1436 et
1578 1388 1756 1437 amica.
1789 1386 2057 1436 Accumbit
2075 1388 2127 1435 in
2148 1401 2294 1451 cena,

1352 1458 1437 1506 cui
1475 1455 1649 1505 Cicero
1693 1455 1921 1506 interfuit
1958 1455 2092 1504 infra
2133 1456 2297 1505 Volu-

1353 1527 1545 1576 mnium
1576 1524 1937 1588 Eutrapelum,
1982 1523 2049 1574 ad
2084 1523 2211 1578 fam.
2240 1525 2295 1584 9,

1353 1592 1447 1656 26,
1482 1595 1533 1646 2.
1555 1619 1625 1630 -
1646 1591 1711 1640 M.
1738 1594 1988 1642 Antonius
2020 1592 2300 1656 Cytherida

1355 1677 1527 1713 secum
1564 1662 1745 1711 lectica
1774 1669 1947 1726 aperta
1974 1669 2175 1727 portat,
2219 1661 2298 1711 al-

1353 1740 1510 1782 teram
1538 1745 1777 1792 uxorem,
1803 1731 1869 1780 ad
1887 1731 1991 1780 Att.
2025 1728 2106 1794 10,
2134 1729 2213 1792 10,
2241 1731 2296 1781 5.

1354 1802 1429 1851 Ib.
1454 1800 1535 1858 10,
1561 1799 1641 1857 16,
1663 1801 1712 1852 5.

1289 1866 1595 1937 Cytherius
1616 1883 1707 1935 per
1726 1869 1891 1918 iocum
1914 1867 2201 1934 appellatur
2217 1867 2292 1920 M.

1356 1942 1609 1989 Antonius
1647 1946 1857 2004 propter
1884 1938 2166 2003 Cytheridis
2200 1938 2299 1987 mi·

1356 2024 1469 2058 mae
1488 2021 1740 2072 amorem,
1760 2008 1824 2057 ad
1854 2011 1955 2058 Att.
1982 2006 2063 2067 15,
2093 2008 2180 2058 22.

1287 2093 1555 2163 Cyziceni
1575 2130 1592 2158 ,
1654 2094 1849 2145 incolae
1908 2094 2049 2143 urbis
2106 2092 2297 2159 Cyzici,

1358 2166 1499 2214 Verr.
1524 2172 1745 2213 accusat.
1773 2164 1838 2224 4,
1865 2162 1961 2226 60,
1989 2160 2108 2213 135.
2129 2188 2197 2199 ——
2214 2162 2297 2211 Fi-

1354 2234 1602 2283 delissimi
1642 2233 1767 2282 socii
1804 2247 1835 2282 a
1868 2231 1926 2281 L.
1957 2229 2173 2281 Lucullo
2206 2231 2297 2281 de-

1357 2301 1517 2421 gens}
1541 2317 1631 2367 pro
1656 2302 1781 2351 Mur.
1812 2300 1894 2361 15,
1914 2298 2000 2351 33.
2027 2314 2118 2364 pro
2137 2298 2294 2352 Arch.

1289 2438 1533 2509 Cyzicus
1548 2476 1562 2503 ,
1587 2442 1706 2490 urbs
1727 2440 1903 2502 Asiae,
1922 2441 2134 2489 obsessa
2152 2454 2183 2487 a
2202 2436 2298 2487 Mi-

1356 2510 1606 2570 thridate,
1646 2509 1857 2560 liberata
1893 2525 1922 2558 a
1962 2508 2021 2557 L.
2063 2506 2295 2571 Lucullo,

1360 2580 1423 2629 de
1452 2579 1579 2643 imp.
1606 2577 1693 2630 Cn.
1715 2579 1891 2643 Pomp.
1918 2576 1967 2637 8,
1990 2575 2076 2626 20.

1290 2764 1587 2830 Daedalus.
1622 2779 1757 2829 Livii
1774 2778 2051 2829 Andronici
2071 2776 2299 2843 Odyssea

1359 2849 1540 2898 Latina
1561 2850 1748 2899 dicitur
1768 2856 2023 2911 tamquam
2054 2860 2185 2911 opus
2206 2843 2300 2897 ali-

1361 2918 1497 2979 quod
1517 2916 1756 2978 Daedali,
1783 2918 1917 2966 Brut.
1943 2914 2023 2977 18,
2048 2914 2131 2965 71.

1292 2983 1578 3037 Dalmatia
1598 3002 1642 3039 s.
1663 2982 1964 3037 Delmatia.
1986 2984 2089 3034 Res
2106 2986 2158 3032 in
2178 2982 2299 3033 Dal-

1364 3058 1519 3105 matia
1540 3071 1571 3105 a
1591 3055 1650 3110 P.
1672 3056 1878 3106 Vatinio
1898 3062 2073 3119 gestae
2096 3068 2143 3103 a.
2168 3068 2219 3103 u.
2251 3068 2295 3102 c.

1364 3123 1481 3177 709.
1502 3162 1515 3184 ,
1537 3126 1603 3175 ad
1620 3124 1740 3174 fam.
1764 3126 1813 3184 5,
1839 3122 1921 3182 10,
1944 3122 1976 3175 3
2000 3128 2049 3171 et
2065 3124 2117 3171 4.

1294 3191 1643 3260 Damasippi.
1659 3189 1853 3247 V.Lici
1860 3188 1938 3243 nii
1947 3187 2298 3256 Damasippi.

1294 3259 1518 3313 Damio.
1561 3264 1621 3313 V.
1648 3260 1877 3312 Tettius
1900 3256 2127 3311 Damio.

1292 3330 1626 3392 Damocles,
1657 3331 1947 3380 adsentator
1966 3328 2195 3393 Dionysii
2223 3333 2300 3391 ty-

1363 3400 1509 3449 ranni
1524 3438 1537 3461 ,
1581 3401 1643 3449 ab
1676 3401 1852 3450 eodem
1891 3398 2063 3461 gladio
2098 3414 2125 3445 e
2163 3396 2302 3445 lacu-
