2500 3850
470 176 736 224 choma
760 197 843 208 —-
862 179 925 222 P.
952 175 1249 224 cLomus
1275 177 1464 223 APPII
1486 177 1548 224 F.
1573 177 1915 224 runcum.
2151 165 2232 228 89

207 349 331 384 cum
344 333 409 385 L.
436 331 601 384 Gellio
624 332 916 397 Poplicola,
953 332 1019 381 ad
1049 331 1156 384 Att.
1234 327 1467 382 Clodius
1498 326 1752 395 Licinus,
1787 330 2011 397 Gellius,
2042 333 2233 383 Asellio

144 403 452 524 ledilffiez‘
469 472 521 522 in
536 469 829 521 Ciceronem
849 484 893 518 a.
910 483 961 521 u.
976 483 1020 521 c.
1036 466 1155 519 691.

209 543 313 591 lata
329 578 346 602 ,
367 555 461 606 pro
485 538 651 589 Sestio
672 537 756 603 32,
778 537 863 592 69.

147 623 455 678 Clodianae
480 625 654 691 leges),
690 639 783 690 pro
804 622 909 673 Mil.
944 622 1041 682 33,
1072 623 1155 674 89.

1299 413 1588 449 successere
1623 399 1683 453 L.
1731 401 1898 452 Caelio
1940 403 2230 468 Antipatro:

1299 467 1430 517 nihil
1451 468 1516 516 ad
1535 483 1648 517 eum
1667 506 1681 529 ,
1713 469 1804 518 sed
1822 471 1991 535 potius
2011 474 2074 521 ad
2103 473 2233 521 anti-

1303 552 1516 600 quorum
1560 536 1854 602 languorem
1895 547 2046 602 atque
2081 542 2231 590 insci-

1300 607 1450 664 tiam,
1471 605 1535 654 de
1555 605 1655 671 leg.
1682 605 1729 666 1,
1750 607 1803 667 2,
1822 606 1876 659 6.

214 696 460 748 Clodiana
496 694 758 756 incendia,
798 694 863 743 ad
902 691 961 751 Q,
999 691 1063 746 fr·
1105 695 1157 752 2,
1229 673 1294 726 P.
1319 671 1551 725 Clodius
1571 671 1738 740 Appii
1756 673 1818 724 F.
1841 672 2113 738 Pulcher,
2140 679 2233 728 ini-

212 766 265 827 1,
280 768 331 818 2.
357 764 585 814 Nuncius
605 764 743 812 necis
758 761 1043 823 Clodianae,
1063 775 1155 826 pro

213 834 321 884 Mil.
356 833 448 896 23,
488 831 575 883 63.
609 831 909 883 Clodianum
946 831 1154 890 crimen,

213 906 290 956 Ib.
317 903 404 963 23,
436 901 521 954 67.

153 969 387 1022 Clodius
406 985 615 1034 nomen,
647 969 711 1019 de
730 970 833 1018 inv.
858 970 909 1033 2,
934 967 985 1028 9,
1007 969 1092 1022 28.

152 1055 387 1107 Clodius
397 1055 589 1106 ‘nescio
602 1055 760 1116 quis’,
776 1053 957 1118 fragm.
971 1055 1149 1120 p.252.

154 1139 387 1192 Clodius
420 1139 784 1201 Caesarianus,
823 1139 889 1188 ad
929 1139 1031 1190 Att.
1068 1139 1149 1200 10,

153 1275 384 1330 Clodius
395 1279 686 1339 Patavium,
705 1277 771 1326 ad
780 1276 881 1326 Att.
901 1277 982 1342 12,
997 1279 1085 1338 44,
1098 1277 1149 1326 4.

156 1346 383 1398 Clodius
404 1347 793 1412 Hermogenes
820 1345 1031 1396 libertus
1046 1381 1063 1409 ,
1087 1347 1155 1394 ad

217 1419 322 1468 Aa.
349 1415 431 1476 13,
453 1417 538 1470 24.

156 1483 383 1536 Clodius
405 1483 804 1536 Philhetaerus
824 1485 1031 1534 libertus
1047 1519 1060 1541 ‚
1088 1482 1150 1530 ad

218 1555 339 1607 fam.
367 1555 448 1615 14,
479 1556 529 1615 4,
553 1553 603 1604 6.

150 1623 214 1676 A.
242 1619 492 1673 Clodius.
526 1624 590 1672 V.
613 1621 679 1672 A.
704 1619 995 1672 Claudius.

147 1691 212 1742 A.
238 1689 491 1741 Clodius.
532 1693 593 1741 V.
617 1689 682 1740 A.
716 1687 1005 1741 Claudius.

152 1759 212 1810 C.
244 1758 505 1823 Clodius,
537 1759 703 1809 Publii
733 1761 916 1823 frater,
948 1758 1015 1808 ad
1048 1757 1153 1807 Att.

218 1828 269 1888 3,
297 1831 379 1888 17,
407 1829 457 1882 1.
496 1829 559 1881 V.
586 1827 649 1878 C.
676 1825 965 1879 Claudius.

151 1898 215 1950 C.
257 1895 492 1949 Clodius
535 1913 705 1949 comes
739 1899 793 1953 P.
837 1896 1026 1957 Clodii,
1063 1909 1155 1961 pro

216 1969 323 2018 Mu.
352 1968 434 2031 17,
457 1968 542 2018 46.

154 2037 216 2089 C.
238 2034 471 2087 Clodius
492 2033 662 2087 Philo
676 2035 996 2096 Halaesinus,
1018 2048 1155 2084 com-

216 2107 481 2157 mendatur
528 2105 695 2156 Acilio
720 2143 734 2167 ,
782 2106 849 2155 ad
894 2104 1019 2154 fam.
1070 2103 1151 2164 13,

216 2176 313 2241 32,
336 2176 385 2225 1.

150 2244 213 2297 11.
240 2241 473 2295 Clodius
489 2280 504 2308 ,
523 2243 811 2308 praefectus
829 2241 1027 2293 fabrum
1048 2242 1156 2305 Ap-
1178 2268 1183 2271 -

212 2314 290 2379 pii
309 2312 515 2363 Claudii
531 2312 725 2375 Pulcri,
760 2312 827 2361 ad
857 2310 978 2363 fam.
1007 2310 1067 2374 3,
1098 2312 1152 2370 4,

214 2384 265 2436 1.
304 2383 379 2433 Ib.
409 2381 464 2447 3,
485 2383 535 2442 5,
561 2379 611 2433 3.
655 2382 732 2431 Ib.
755 2379 815 2444 3,
835 2380 887 2440 6,
907 2381 961 2438 2.
998 2379 1073 2431 Ib.
1101 2378 1153 2442 3,

212 2452 266 2511 8,
288 2452 340 2500 7.
361 2478 429 2487 -
451 2452 589 2502 Idem
608 2450 838 2511 videtur,
860 2449 947 2511 qui
965 2460 1155 2497 memo-

213 2526 355 2569 ratur
374 2520 441 2569 ad
460 2522 565 2573 Att.
592 2519 683 2581 12,
708 2517 792 2580 30,
832 2518 879 2567 1.
922 2518 1004 2567 Ad
1034 2531 1155 2565 eun-

213 2589 331 2639 dem
353 2591 570 2653 pertinet
589 2587 665 2639 Ib.
691 2588 755 2639 15
773 2625 787 2648 ,
822 2586 915 2646 13,
934 2586 983 2636 ὃ.
1008 2612 1075 2621 —-
1093 2584 1151 2633 L.

215 2658 458 2721 Clodius,
491 2657 725 2708 tribunus
751 2654 825 2722 pl.
856 2656 1156 2717 designatus

213 2740 260 2779 a.
282 2742 339 2775 u.
361 2742 408 2780 c.
433 2726 571 2784 711„
592 2740 675 2791 ep.
700 2724 769 2775 ad
785 2723 924 2777 Brut.
952 2723 1000 2781 1,
1023 2723 1158 2775 1.-

212 2821 281 2831 -
308 2796 506 2845 Auctns
538 2794 746 2844 Antonii
777 2792 1052 2852 beneficio,
1082 2791 1155 2841 lb.

143 2878 208 2931 Ia.
259 2877 522 2944 Clodius,
578 2878 923 2929 Anconitanus
942 2914 957 2941 ,
1002 2877 1155 2943 phar-

212 2948 485 3013 macopola
539 2946 973 2998 circumforaneus
991 2983 1007 3012 ,
1060 2959 1154 3011 pro

216 3017 414 3067 Cluent.
441 3017 525 3077 14,
546 3016 631 3069 20.

143 3083 221 3135 M.
250 3082 484 3136 Clodius
502 3084 902 3153 Archagathus
927 3084 1154 3137 Halaesi-

214 3168 340 3219 nus,
397 3156 780 3205 commendatur
832 3155 1025 3215 Acilio,
1088 3153 1154 3203 ad

214 3221 337 3272 farn.
366 3223 449 3286 13,
476 3224 639 3287 32‚‚1.

143 3287 209 3339 P.
235 3288 469 3343 Clodius
498 3292 675 3343 consul
703 3308 817 3342 cum
847 3292 905 3342 L.
936 3293 1080 3342 Iunio
1102 3307 1151 3341 a.

218 3376 266 3413 ιι,
292 3377 334 3409 c.
356 3359 480 3415 505.
494 3398 512 3443 ²
534 3362 598 3411 de
618 3361 776 3415 divin,
802 3362 854 3427 2,
884 3358 935 3423 8,
956 3361 1043 3415 20.
1088 3362 1151 3417 V.

178 3452 185 3459 ·
211 3426 279 3479 P.
309 3426 581 3483 Clauthus
599 3428 861 3481 Pulcher.

1296 744 1603 793 micissimns
1642 743 1728 793 ille
1763 742 2022 794 Ciceronis
2054 746 2232 794 adver-

1294 814 1479 866 sarius,
1500 839 1566 848 —
1585 810 1710 862 Cum
1731 819 1871 864 veste
1887 814 2123 863 muliebri
2146 815 2233 864 de-

1294 882 1576 947 prehensus
1614 888 1690 931 est
1720 881 1858 931 domi
1888 883 1943 936 C.
1983 882 2231 943 CaesariS,

1296 967 1450 1014 quum
1488 966 1582 1017 pro
1612 950 1804 1016 populo
1823 952 1992 1014 fieret,
2029 967 2076 1004 a.
2107 969 2158 1002 ιι
2185 969 2231 1004 c.

1295 1019 1436 1085 693.,
1460 1021 1527 1070 ad
1541 1021 1645 1072 Att.
1663 1020 1879 1082 1‚12,3.
1902 1022 1976 1071 Ib.
2001 1022 2048 1080 1,
2072 1021 2156 1085 13,
2180 1021 2230 1073 3.

1235 1124 1241 1128 -
1294 1091 1366 1139 Ib.
1398 1091 1447 1154 l,
1471 1090 1555 1154 14,
1585 1092 1630 1138 1.
1667 1091 1718 1138 in
1740 1090 1911 1144 Pison.
1933 1090 2000 1143 39
2017 1126 2031 1153 ‚
2053 1092 2138 1144 95.
2166 1118 2232 1127 —-

1295 1158 1564 1209 Contiones
1593 1160 1702 1207 eius
1725 1159 1940 1210 miserae
1971 1162 2022 1209 in
2045 1160 2232 1211 Lucul-

1294 1227 1398 1278 lum
1415 1266 1429 1291 ,
1471 1227 1790 1277 Hortensium
1805 1264 1820 1288 ,
1878 1228 1934 1284 C.
1979 1230 2232 1289 Pisonem,

1295 1297 1566 1347 Messalam
1609 1311 1716 1349 cos,
1736 1332 1752 1359 ,
1801 1296 2090 1348 Ciceronem
2105 1335 2121 1363 ,
2166 1300 2234 1349 ad

1294 1367 1400 1418 Att.
1429 1366 1476 1425 1,
1509 1364 1599 1428 14,
1622 1363 1671 1414 5.
1691 1391 1760 1401 —
1783 1366 1907 1414 Eius
1937 1367 2180 1416 iudicium
2203 1382 2234 1417 a

1293 1434 1361 1483 M.
1387 1433 1566 1483 Crasso
1596 1440 1912 1498 corruptum,
1941 1434 2012 1482 Ib.
2054 1435 2079 1484 1
2099 1470 2114 1498 ,
2147 1435 2232 1486 16.

1295 1529 1363 1540 ——
1380 1501 1637 1551 Ciceronis
1656 1516 1770 1550 cum
1789 1515 1850 1551 eo
1866 1501 2141 1566 altercatio,
2155 1505 2230 1553 Ib.

1301 1574 1348 1633 1,
1381 1570 1432 1622 9.
1466 1596 1535 1605 -
1559 1569 1798 1634 Emptum
1831 1578 2234 1636 constupratum-

1297 1656 1396 1704 que
1428 1639 1695 1702 iudicium,
1732 1640 1806 1695 lb.
1831 1640 1887 1705 1,
1913 1639 1994 1706 18,
2018 1639 2066 1691 3.
2089 1669 2154 1678 —-
2175 1642 2231 1692 C.

1295 1710 1604 1773 Herennius,
1633 1709 1864 1759 tribunus
1890 1709 1994 1776 p1.,
2029 1709 2084 1764 P.
2119 1710 2233 1762 Clo-

1299 1779 1437 1830 dium
1469 1778 1535 1828 ad
1568 1777 1770 1842 plebem
1791 1779 2018 1828 traduxit
2038 1794 2083 1829 a.
2106 1797 2159 1834 u.
2187 1797 2232 1834 c.

1297 1847 1439 1912 694.,
1454 1848 1526 1898 lb.
1544 1847 1591 1911 1,
1609 1848 1691 1910 18,
1703 1848 2114 1900 4.—Pulehellus
2130 1853 2230 1901 iam

1298 1934 1395 1970 non
1427 1916 1658 1983 simulat,
1699 1917 1793 1967 sed
1818 1917 1968 1984 plane
1999 1921 2231 1971 tribunus

1296 1988 1368 2054 pl.
1389 1988 1501 2037 fleri
1518 1987 1685 2051 cupit,
1707 1988 1778 2037 lb.
1803 1989 1854 2047 2,
1882 1988 1931 2050 1,
1959 1990 2008 2039 5.
2031 2016 2096 2024 —
2120 1990 2232 2039 Clo-

1298 2058 1412 2107 dius
1435 2056 1623 2122 cogitat
1643 2057 1714 2105 ire
1733 2056 1797 2105 ad
1819 2054 2088 2120 Tigranem
2104 2096 2118 2122 ‚
2154 2059 2228 2109 Ib.

1296 2128 1349 2190 2,
1373 2127 1432 2189 4,
1463 2126 1516 2175 2.
1538 2150 1601 2161 --
1626 2123 1874 2175 Sacerdos
1903 2126 2066 2177 Bonae
2085 2128 2228 2190 deae,

1295 2194 1369 2247 lb.
1407 2194 1474 2243 cf.
1501 2194 1568 2244 ib.
1593 2194 1654 2259 2,
1692 2194 1752 2259 ’7,
1784 2195 1837 2245 2.
1862 2222 1926 2230 —-
1949 2195 2231 2247 Subcontu-

1293 2262 1503 2313 meliose
1537 2270 1801 2329 tractatur,
1854 2278 1916 2313 ne
1959 2266 2007 2313 in
2049 2268 2231 2331 viginti

1295 2332 1500 2395 quidem
1527 2334 1650 2381 viris
1679 2346 1794 2381 esse
1823 2334 2012 2395 potuit:
2047 2336 2232 2384 deinde

1296 2401 1400 2451 alia
1426 2401 1614 2464 legatio
1645 2400 1778 2449 dicta
1808 2409 1942 2459 erat,
1981 2402 2081 2449 alia
2113 2403 2233 2451 data

1296 2470 1479 2532 est,1b.
1500 2469 1552 2528 2,
1574 2468 1624 2531 7,
1643 2467 1694 2519 3.
1712 2467 2002 2531 —Nebulo,
2025 2470 2096 2519 lb.
2110 2470 2161 2532 2,
2176 2469 2229 2532 9,

1298 2540 1346 2588 1.
1361 2536 1630 2602 —Negent
1645 2534 1718 2585 illi
1731 2535 1962 2585 Publium
1973 2536 2231 2601 plebeium

1296 2607 1485 2657 factum
1505 2606 1642 2655 esse!
1663 2606 1770 2654 Hoc
1791 2619 1908 2654 vero
1923 2620 2134 2671 regnum
2155 2615 2232 2658 est

1297 2684 1346 2726 et
1370 2674 1492 2724 ferri
1519 2674 1660 2723 nullo
1687 2682 1836 2739 pacto
1857 2683 2052 2741 potest,
2084 2678 2156 2728 Ib.
2179 2679 2232 2739 2,

1299 2746 1384 2805 12,
1411 2745 1458 2799 1.
1477 2769 1544 2781 —
1567 2742 1623 2794 Si
1645 2744 1776 2794 diem
1807 2745 1905 2794 sibi
1929 2744 2133 2797 Clodius
2154 2748 2230 2797 di-

1299 2822 1402 2877 cat,
1435 2820 1606 2879 sperat
1623 2813 1797 2863 Cicero
1822 2813 1931 2865 fore
1950 2825 2003 2866 ut
2034 2832 2230 2867 summa

1295 2882 1460 2949 gloria
1493 2882 1748 2947 discedat,
1783 2884 1828 2933 si
1857 2886 1907 2933 vi
1941 2894 2082 2952 agat,
2123 2882 2232 2937 vult

1296 2951 1406 3018 ipse
1431 2967 1630 3015 quoque
1649 2954 1700 3001 vi
1723 2953 1974 3019 resistere,
1997 2956 2062 3005 ad
2085 2954 2142 3013 Q.
2167 2956 2230 3006 fr.

1301 3020 1325 3069 l
1343 3058 1359 3081 ‚
1389 3021 1450 3085 2,
1472 3021 1522 3071 5.
1544 3024 1595 3083 §-
1621 3021 1699 3071 15.
1723 3048 1788 3057 -
1807 3021 1860 3071 Ρ.
1883 3022 2090 3073 Clodius
2108 3024 2234 3073 ado·

1293 3097 1462 3153 piatus
1485 3104 1516 3138 a
1532 3090 1755 3151 Fontei0,
1780 3090 1843 3139 de
1862 3092 2011 3141 domo
2033 3106 2124 3141 sna
2146 3090 2230 3153 13,

1294 3158 1363 3209 34
1384 3164 1432 3207 et
1451 3158 1536 3209 35.
1560 3184 1626 3194 —-
1652 3160 1709 3207 In
1732 3172 1793 3207 eo
1823 3161 2108 3226 adoptando
2135 3160 2228 3215 Cn.

1295 3226 1568 3292 Pompeius
1600 3242 1762 3292 augur
1792 3226 1918 3285 fuit,
1949 3229 2015 3279 ad
2044 3230 2150 3277 Au.
2175 3229 2226 3292 8,

1293 3293 1344 3356 3,
1367 3294 1504 3347 3.-
1522 3295 1848 3345 Tribunatum
1870 3297 1939 3362 pl.
1958 3299 2085 3363 petit
2108 3313 2154 3345 a.
2175 3312 2226 3346 u.

1294 3380 1340 3413 c.
1375 3362 1495 3413 695.
1535 3370 1583 3411 et
1612 3364 1994 3416 inimicissimus
2025 3366 2228 3429 quidem

1296 3431 1552 3495 CaesariS,
1575 3432 1640 3481 ad
1663 3432 1765 3482 Att.
1787 3435 1852 3498 2,
1873 3436 1966 3489 12.
1992 3436 2041 3486 2.
2081 3436 2150 3485 Ib.
2175 3437 2228 3500 2,
