2500 3850
1829 0 1900 28 's

242 168 366 241 436
757 182 816 226 Ρ.
851 180 1102 228 vAnms
1140 203 1211 211 -
1243 182 1306 228 Ρ.
1338 180 1665 227 vArmms
1696 182 1737 226 P
1774 181 1858 229 ‚ru

313 337 606 394 Caecilium,
645 336 800 386 Attici
830 336 1153 393 avunculum,
1193 336 1259 384 ad

315 410 416 457 Ait.
446 406 494 463 1,
519 408 567 469 1,
593 405 646 456 3.

242 474 307 526 P.
331 471 549 537 Varius,
586 475 739 525 iudex
775 476 825 524 in
857 489 1012 524 causa
1032 472 1252 525 Milonis.

1396 351 1545 399 quern
1594 337 1660 384 ad
1704 337 1907 385 modum
1942 353 2117 402 regem
2141 329 2347 387 'Persi-11

1398 416 1600 470 captum
1618 406 1819 454 senatui
1841 407 2177 465 nunciaverit,
2207 406 2273 455 de
2296 422 2344 457 n.

1400 476 1448 525 d.
1470 477 1521 532 2,
1545 477 1595 532 2,
1616 474 1665 524 6.
1698 474 1769 526 lb.
1795 474 1847 533 3,
1866 475 2025 531 5,11.
2055 475 2138 527 13.

312 545 438 593 Eum
460 544 516 596 P.
535 543 742 610 Clodius
762 543 954 608 pellere
973 544 1258 608 possessio-
1328 541 1390 592 P.
1413 540 1672 593 Vatinius
1700 542 1763 592 P.
1785 543 1848 592 F.
1870 570 1943 581 --
1972 546 2091 594 Eius
2116 544 2347 610 indigni-

311 613 462 663 nibus
509 624 716 663 conatus
745 620 870 673 ’est‚
927 626 1020 677 pro
1072 611 1257 662 Milone

313 684 401 742 27,
435 684 519 735 74.

247 752 316 816 Q.
343 748 542 801 Varius
565 751 916 812 Sucronensi5‚
941 758 1148 815 propter
1166 750 1257 797 ob-

312 836 516 871 scurum
547 822 626 871 ius
655 822 874 870 civitatis
891 816 1152 887 Hybrida
1173 835 1257 867 co-

312 892 658 956 gnominath
687 890 808 942 trib.
825 890 896 955 pl.
920 905 966 938 a.
992 905 1042 938 u.
1068 905 1110 937 c.
1131 886 1252 938 663.

310 986 380 994 —-
399 962 589 1010 Vastus
616 959 768 1009 homo
797 968 948 1021 atque
967 958 1148 1007 foedus
1169 958 1258 1006 illa

313 1031 428 1094 ipsa
448 1028 685 1078 facultate
706 1029 941 1085 oratoria,
976 1042 1256 1089 quamcun-

312 1111 409 1159 que
447 1098 637 1159 habuit,
676 1111 914 1161 magnam
949 1106 1024 1144 est
1055 1097 1107 1145 in
1135 1097 1257 1145 civi-

309 1172 412 1214 tate
441 1167 660 1229 gratiam
682 1171 1006 1223 consecutus,
1043 1165 1104 1213 de
1125 1170 1253 1213 orat.

315 1234 364 1296 1,
401 1234 485 1295 25,
521 1234 638 1286 117.
663 1233 726 1283 ol.
751 1234 889 1286 Brut.
911 1233 996 1293 62,
1019 1234 1140 1286 221.
1180 1233 1252 1282 11).

310 1301 399 1365 89,
418 1302 540 1356 305.
562 1330 629 1341 -
651 1302 772 1352 Eius
793 1303 896 1367 lex,
927 1303 999 1351 lb.
1027 1302 1111 1366 56,
1133 1301 1252 1353 205.

309 1374 386 1426 Ib.
419 1372 505 1431 89,
543 1370 665 1424 304.
688 1400 752 1409 -—
779 1370 884 1422 Sua
912 1372 1026 1437 lege
1047 1374 1257 1423 damna-

311 1450 395 1491 tus
429 1444 650 1492 excessit
681 1456 726 1492 a.
762 1458 812 1491 u.
848 1458 892 1494 c.
923 1441 1066 1503 665„
1106 1444 1177 1492 lb.
1202 1441 1252 1501 S.

311 1510 434 1563 305.
477 1537 540 1547 --
583 1510 640 1571 Q.
682 1512 870 1561 Varius
911 1511 1140 1559 tribunus
1179 1510 1250 1575 pl.

312 1579 522 1629 vexavit
567 1581 634 1629 M.
687 1580 964 1629 Aemilium
1008 1578 1256 1629 Scaurum

311 1658 525 1712 patrem,
561 1663 656 1713 pro
693 1646 886 1697 Scauro
928 1648 975 1708 1,
1013 1647 1063 1698 3.
1096 1676 1162 1685 -
1185 1648 1257 1695 Ei

313 1718 494 1765 restitit
515 1716 578 1770 M.
603 1716 844 1781 Scaurus,
869 1733 959 1782 pro
980 1716 1148 1767 Sestio
1169 1718 1253 1774 47,

314 1783 431 1836 101.
446 1810 516 1821 -—
535 1786 595 1835 Ei
616 1786 674 1839 C.
698 1787 842 1839 Cotta
861 1788 1140 1837 cedendum
1160 1802 1252 1851 pn-

311 1855 453 1916 tavit,
475 1854 772 1906 Pseudocic.
793 1865 1061 1918 antequam
1089 1857 1182 1904 iret
1205 1857 1257 1903 in

313 1940 395 1973 ex.
425 1925 506 1989 ll,
541 1927 626 1976 27.
655 1953 721 1963 -
751 1926 824 1976 De
844 1928 953 1976 eius
979 1935 1154 1990 morte,
1192 1926 1256 1976 de

312 2009 360 2042 n.
388 1995 438 2045 d.
462 1994 512 2061 3,
545 1994 630 2056 33,
660 1993 746 2051 81.

242 2061 314 2128 Q.
338 2060 560 2127 Varius,
597 2075 742 2114 testis
775 2065 824 2113 in
848 2067 1077 2128 Verrem,
1108 2063 1252 2116 Verr.

314 2141 534 2184 accusat.
559 2133 612 2191 2,
641 2133 726 2190 48,
761 2132 878 2186 119.

243 2198 306 2250 L.
330 2197 531 2249 Varius
555 2199 761 2267 Cotyla
792 2201 944 2251 homo
965 2203 1253 2263 aediliciuS,

232 2327 238 2334 .
309 2269 506 2317 amicus
525 2285 584 2318 ac
607 2269 874 2319 familiaris
892 2270 1118 2332 Antonii,
1137 2271 1259 2320 Phi-

311 2336 438 2402 lipp.
461 2338 511 2400 5,
537 2342 588 2400 2,
617 2339 668 2388 5.
705 2340 772 2388 11).
803 2338 853 2398 8,
881 2337 932 2398 8,
959 2339 1046 2392 24.
1071 2365 1142 2375 -
1161 2341 1259 2390 Le-

311 2413 462 2472 gatus
487 2409 707 2472 Antonii,
746 2409 820 2462 lb.
844 2406 896 2468 8,
937 2408 1020 2472 10,
1053 2408 1138 2460 28.
1179 2409 1256 2463 11).

311 2476 363 2536 8,
390 2475 470 2536 11,
489 2474 576 2526 32.
618 2479 690 2528 11).
720 2477 803 2537 13,
829 2477 910 2538 12,
933 2476 1020 2532 26.

241 2543 539 2663 Varrgnes.
573 2546 639 2595 V.
669 2548 721 2595 iu
741 2543 1028 2598 Terentiis
1059 2546 1257 2597 Varro-

313 2629 371 2662 m
415 2629 500 2664 us.

241 2679 308 2731 P.
346 2681 544 2744 Varus,
584 2685 791 2734 Al'ricae
820 2692 1137 2748 propraetor,
1177 2685 1259 2732 bis

313 2759 510 2814 captus,
549 2751 769 2816 Philipp.
797 2753 879 2816 13,
925 2753 1006 2815 15,
1047 2752 1134 2804 30.
1188 2753 1256 2816 V.

312 2816 375 2867 P.
401 2816 563 2868 Atius
585 2819 780 2870 Varus.

241 2885 314 2952 Q.
338 2886 534 2937 Varus.
577 2889 638 2937 V.
674 2887 742 2953 Q.
779 2885 1120 2954 Quinctilius
1147 2887 1258 2939 Va·

312 2971 426 3006 rus.

241 3023 371 3076 Sex.
410 3024 588 3076 Varus
607 3060 621 3081 ,-
655 3025 930 3091 proconsul
967 3027 1152 3090 Asiae,
1191 3028 1259 3078 ad

315 3095 436 3144 fam.
461 3094 543 3152 10,
565 3095 650 3159 32,
671 3099 721 3148 2.

243 3160 546 3214 Vaticanus
568 3179 705 3229 ager,
726 3167 865 3216 haud
887 3168 1038 3217 nimis
1057 3165 1253 3228 fertilis,

315 3235 379 3282 de
415 3233 528 3298 lege
559 3250 667 3298 agr.
706 3239 759 3296 2,
795 3236 882 3302 35,
920 3236 1005 3288 96.
1033 3237 1259 3286 -Vati-

315 3303 426 3351 cani
449 3311 663 3366 montes,
693 3307 759 3355 ad
779 3309 882 3359 Att.
914 3305 996 3366 13,
1019 3305 1102 3364 33,
1121 3307 1172 3355 4.

244 3367 310 3420 P.
351 3368 625 3430 Vatinius,
663 3373 815 3423 homo
852 3377 1089 3434 rusticuS,
1133 3389 1260 3424 avus

319 3439 369 3485 P.
391 3440 600 3504 Vatinii,
637 3443 690 3489 iu
721 3457 871 3504 quem
903 3443 1033 3493 dixit
1063 3443 1257 3504 Cicero,

1396 622 1493 669 tas,
1533 614 1585 660 in
1616 612 1781 662 Vatin.
1823 612 1869 671 l,
1913 613 1961 662 1.
1997 640 2065 649 -
2094 612 2347 671 Quaestor

1400 697 1444 729 a.
1468 698 1520 735 u.
1544 696 1589 729 c.
1612 680 1732 731 691.
1768 681 2012 733 Cicerone
2044 692 2093 733 et
2122 684 2347 733 Antonio

1399 764 1552 808 coss„
1591 752 1640 798 in
1679 751 1940 799 Vatinium
1980 754 2027 811 5,
2068 753 2151 803 ll.
2184 778 2256 789 —
2288 753 2345 801 Ei

1400 820 1611 882 aquaria
1644 820 1904 883 provincia
1940 820 2143 885 obtigit,
2184 822 2259 876 11).
2290 823 2339 883 S.

1403 890 1485 938 12.
1512 914 1561 921 -
1584 888 1703 939 Post
1714 897 2039 951 quaesturam
2059 892 2182 939 exiit
2203 889 2343 955 lega-

1398 968 1478 1006 tus
1528 959 1575 1005 in
1619 958 1907 1008 ulteriorem
1948 960 2249 1022 Hispaniam
2284 958 2340 1010 C.

1400 1026 1643 1077 Cosconio
1674 1040 1767 1091 pro
1787 1030 2012 1088 consule,
2041 1029 2117 1077 lb.
2140 1053 2209 1063 —-—
2230 1028 2343 1076 Tri-

1400 1098 1635 1145 bunatum
1666 1111 1765 1157 quo
1798 1097 1947 1145 modo
1977 1099 2197 1161 gesserit
2215 1113 2263 1150 a.
2288 1113 2338 1144 u.

1398 1182 1441 1214 c.
1479 1164 1625 1226 695„
1661 1165 1733 1213 11).
1756 1168 1807 1227 §-
1832 1165 1913 1215 13.
1938 1192 2004 1201 —-
2027 1166 2339 1231 Pythagore-

1397 1249 1483 1282 um
1515 1248 1570 1281 se
1598 1233 1793 1283 solebat
1822 1234 2012 1296 dicere,
2051 1236 2125 1285 lb.
2162 1236 2213 1295 6,
2256 1236 2337 1286 14.

1397 1328 1465 1339 --
1486 1303 1609 1350 Eius
1630 1304 1853 1353 rationes
1872 1319 1987 1353 cum
2004 1303 2058 1352 C.
2074 1304 2203 1353 lulio
2218 1305 2340 1353 Cae-

1398 1386 1529 1431 sare,
1552 1373 1624 1421 lb.
1648 1375 1697 1434 S.
1726 1372 1807 1421 15.
1829 1398 1901 1410 -—
1918 1376 2101 1437 Augur
2118 1372 2228 1421 fieri
2249 1385 2340 1420 vo·

1399 1441 1537 1489 lebat
1561 1441 1610 1489 in
1645 1440 1701 1498 Q.
1727 1440 1916 1491 Metelli
1934 1440 2123 1491 Celeris
2158 1442 2341 1497 locum,

1399 1509 1472 1559 11).
1492 1510 1543 1565 8,
1566 1508 1647 1559 19.
1663 1537 1727 1545 -
1744 1509 1813 1564 M.
1828 1510 2065 1560 Bibulum
2080 1510 2342 1561 consulem

1398 1580 1447 1627 iu
1482 1577 1651 1627 vincla
1678 1580 1843 1639 duxit,
1882 1580 1955 1631 lb.
1990 1579 2039 1638 9,
2075 1579 2159 1629 21.
2184 1605 2250 1615 --
2282 1579 2337 1627 L.

1397 1649 1622 1698 Vettium
1674 1648 1893 1697 indicem
1948 1650 1999 1697 in
2054 1650 2340 1697 contionem

1397 1717 1658 1782 produxit,
1691 1718 1765 1767 11).
1788 1717 1870 1776 10,
1893 1720 1981 1767 24.
2005 1744 2075 1754 --
2092 1718 2271 1767 Eidem
2292 1719 2343 1765 in

1398 1800 1596 1835 carcere
1616 1788 1840 1836 cervices
1862 1786 2033 1852 fregit,
2057 1787 2131 1835 lb.
2148 1787 2169 1835 1
2186 1786 2229 1847 l,
2255 1787 2341 1838 26.

1396 1883 1462 1891 --
1500 1856 1717 1904 Facinus
1749 1858 1810 1904 ab
1844 1872 1903 1905 eo
1933 1857 2259 1904 commissum
2292 1857 2341 1903 in

1398 1926 1719 1974 accusatione
1741 1925 1796 1977 G.
1821 1926 2047 1985 Antonii,
2080 1926 2155 1977 11).
2180 1927 2228 1987 S.
2253 1927 2341 1976 27.

1396 2020 1468 2032 ·——-
1501 1996 1559 2042 ln
1606 1994 1757 2058 epulo
1795 1994 1851 2054 Q.
1892 1996 2029 2043 Arrii
2070 2009 2185 2044 cum
2222 2001 2343 2058 toga

1397 2061 1539 2128 pulla
1559 2063 1809 2120 accubuit,
1840 2064 1910 2113 lb.
1943 2064 2025 2127 12,
2048 2062 2132 2113 30.
2154 2089 2228 2100 —-
2245 2064 2342 2111 Po-

1400 2132 1615 2181 stulatus
1647 2132 1760 2196 lege
1780 2131 1974 2182 Licinia
2003 2141 2053 2181 et
2078 2132 2225 2182 Iunia
2247 2147 2341 2196 ap-

1401 2200 1610 2265 pellavit
1643 2202 1872 2252 tribunos
1904 2201 1997 2266 pl„
2037 2215 2101 2250 ne
2134 2215 2337 2252 causam

1399 2270 1589 2319 diceret
1622 2285 1669 2318 a.
1694 2287 1745 2323 u.
1771 2287 1815 2319 c.
1853 2270 1995 2328 696.,·
2028 2270 2099 2319 11).
2138 2271 2219 2334 14,
2250 2268 2337 2321 33.

1398 2366 1466 2375 --
1487 2339 1709 2404 Legatus
1743 2341 1851 2389 siue
1885 2347 2092 2389 senatus
2112 2339 2340 2388 eonsulto

1398 2408 1582 2471 factus,
1615 2409 1687 2457 lb.
1714 2407 1797 2468 15,
1830 2407 1915 2459 35.
1938 2433 2005 2443 -—-
2026 2409 2083 2457 In
2104 2416 2343 2474 praetura

1396 2477 1617 2543 petenda
1664 2477 1895 2543 Sergiam
1951 2477 2141 2526 tribum
2199 2492 2341 2526 suam

1396 2547 1619 2611 perdidit
1636 2547 1775 2597 solus
1798 2554 1914 2611 post
1932 2545 2145 2596 Romam
2168 2546 2343 2595 condi-

1399 2627 1520 2679 tam,
1542 2617 1615 2665 Ib.
1638 2616 1690 2676 5.
1712 2614 1796 2666 36.
1820 2643 1886 2651 -
1906 2615 2139 2664 Caesaris
2158 2615 2223 2664 de
2239 2617 2341 2664 Va-

1398 2687 1522 2735 tinio
1546 2684 1755 2742 dictum,
1777 2687 1848 2734 Il).
1870 2684 1950 2743 16,
1973 2683 2060 2734 38.
2077 2683 2343 2734 -Odium

1397 2754 1658 2820 publicum
1694 2751 1871 2818 populi
1907 2762 1956 2802 et
1994 2761 2225 2811 senatus,
2265 2753 2337 2802 lb.

1400 2825 1449 2884 §.
1474 2822 1561 2875 39.
1582 2849 1654 2858 —-
1687 2824 1741 2870 ln
1770 2823 1829 2870 T.
1855 2823 2075 2872 Annium
2106 2822 2342 2871 Milouem

1399 2891 1585 2940 falsum
1617 2892 1959 2940 testimonium
1993 2905 2148 2953 quum
2180 2890 2344 2940 dixis-

1398 2971 1492 3020 set,
1526 2960 1757 3010 eumdem
1792 2969 1967 3024 postea
1989 2959 2233 3018 laudavit,
2270 2960 2342 3008 lb.

1404 3030 1486 3089 17,
1527 3029 1707 3079 4Ο.-
1742 3031 1901 3089 Quem
1936 3030 2019 3078 ad'
2042 3027 2249 3077 modurn
2288 3042 2343 3076 se

1398 3099 1630 3147 tribunus
1659 3098 1731 3162 pl.
1755 3114 1803 3147 a.
1825 3112 1877 3146 u.
1900 3114 1945 3150 c.
1968 3097 2086 3150 695.
2128 3095 2347 3146 Caesare

1401 3177 1451 3215 et
1490 3165 1671 3217 Bibulo
1715 3181 1847 3216 coss.
1893 3167 1945 3215 iu
1987 3165 2225 3230 populari
2263 3180 2344 3212 ra-

1400 3238 1535 3286 tione
1568 3237 1763 3286 iactarit
1796 3245 1845 3285 et
1873 3236 1924 3285 in
1954 3236 2219 3285 aedilitate
2254 3249 2343 3296 pe-

1398 3306 1553 3356 tenda
1572 3304 1827 3369 repulsam
1850 3305 2036 3365 tulerit,
2057 3317 2153 3369 pro
2174 3301 2341 3352 Sestio

1401 3373 1486 3435 53,
1512 3375 1629 3425 114.
1646 3401 1707 3412 —-
1728 3375 1783 3422 P.
1807 3374 2040 3423 Vatinius
2056 3372 2201 3421 testis
2221 3372 2269 3418 in
2282 3369 2336 3418 P.

1402 3443 1653 3509 Sestium,
1685 3443 1757 3496 lb.
1788 3441 1875 3507 63,
1907 3442 2027 3494 132.
2047 3437 2337 3490 -Strumn
